4042 6436
422 380 572 447 4025

1695 373 2007 436 OPERUM
2043 374 2445 439 RECENSIO.

3544 387 3690 452 1026'

447 499 498 550 le
539 493 749 549 malade
773 492 921 547 avait
947 488 1284 546 absolument
1316 485 1483 559 perdu
1516 499 1602 541 ses
1634 484 1872 538 ebeveux
1905 483 2001 554 (i).
2033 489 2079 547 Α
2111 485 2394 542 lui-meme
2460 501 2528 541 ne
2557 489 2894 547 connaissait
2959 492 3039 548 les
3072 508 3340 568 ouvrages
3385 499 3451 554 de
3497 497 3689 556 Galien

428 590 628 643 Autres
665 583 1046 640 observations
1075 601 1089 636 :
1134 579 1344 651 d’aprés
1374 579 1421 633 le
1455 578 1588 632 récit
1626 577 1690 631 de
1723 573 2006 630 Theodore

437 680 485 732 la
537 677 770 732 maladie
808 691 877 731 ne
930 673 1114 730 s’était
1158 669 1379 727 trouvée
1403 670 1540 722 dans
1570 683 1628 722 sa
1675 667 1821 719 force
1850 666 2006 736 qu‘a-

416 768 550 839 pres
573 768 640 823 de
672 765 955 836 frequents
983 763 1398 818 vomissements
1431 777 1446 824 ;
1482 758 1676 811 durant
1707 757 1756 810 la
1785 771 1992 824 suppu-

427 862 602 914 ratiOn
636 858 672 912 il
691 856 976 927 éprouvait
997 855 1045 910 le
1071 853 1191 924 plus
1216 854 1385 922 grand
1412 849 1658 913 malaise,
1683 863 1751 903 ne
1777 848 2008 902 sacbant

431 949 616 1019 quelle
634 958 853 1020 poslure
872 947 1130 1016 prendre,
1174 945 1225 998 ni
1259 946 1323 998 de
1356 943 1480 1012 quel
1508 939 1629 996 cete
1656 955 1716 995 se
1746 940 2003 995 concher.

431 1039 656 1109 D’aprés
683 1039 748 1094 de
777 1037 978 1108 pareils
1013 1035 1368 1107 symptdmes,
1402 1033 1674 1104 peut-étre
1708 1030 2008 1100 penchera-

430 1144 544 1188 t-on
577 1133 608 1186 ὸ
652 1132 850 1197 croire,
881 1144 1092 1185 comme
1137 1127 1265 1198 jele
1316 1127 1460 1180 crois
1507 1123 1840 1190 moi-meme,
1900 1139 2007 1193 que

423 1231 564 1276 cette
598 1221 833 1276 maladie
863 1219 998 1276 était
1037 1217 1400 1288 précisément
1467 1217 1516 1270 la
1572 1215 1737 1286 petite
1798 1215 2002 1270 vérole.

422 1313 707 1368 Theodore
735 1327 794 1367 se
831 1312 1006 1382 plaint
1037 1311 1104 1366 de
1136 1309 1464 1380 l‘ignorance
1519 1307 1613 1362 des
1640 1305 1915 1361 médecins
1937 1307 2000 1360 de

422 1403 895 1472 Constantinople,
926 1403 1017 1472 qui
1058 1401 1328 1456 n’avaienl
1366 1415 1432 1452 vu
1470 1400 1609 1453 dans
1637 1414 1741 1452 une
1773 1399 2002 1451 maladie

423 1511 640 1552 comme
670 1495 885 1551 cells-la
917 1496 1117 1565 qu’une
1150 1492 1314 1547 liet're
1344 1491 1540 1546 double
1593 1492 1778 1544 tierce.
1839 1489 1996 1544 Cette

422 1589 714 1658 ignorance
747 1602 814 1642 ne
843 1588 1098 1656 presente
1137 1585 1252 1638 rien
1293 1583 1383 1650 qui
1408 1582 1566 1636 doive
1637 1581 1774 1633 faire
1807 1582 2007 1648 rejvter

421 1694 508 1732 ma
543 1678 878 1746 conjecture.
912 1679 957 1730 A
995 1675 1178 1747 parler
1210 1683 1581 1736 exsolement,
1617 1672 1694 1727 les
1729 1671 2003 1725 medecins

420 1787 576 1842 grecs
628 1773 780 1825 n’ont
814 1769 1011 1838 jamais
1061 1783 1239 1823 connu
1305 1764 1355 1820 lii
1419 1766 1586 1835 petite
1661 1763 1859 1818 vérole.
1917 1762 1995 1817 Du

2110 589 2220 644 que
2265 591 2362 643 par
2388 575 2466 630 les
2496 579 2740 632 versions
2775 580 2991 636 arabes.
3028 581 3275 651 Ensuite,
3322 583 3399 640 les
3429 599 3690 660 passages

2109 679 2178 733 qu
2193 665 2248 719 ‘il
2283 666 2517 738 allegue,
2540 683 2606 723 ne
2640 677 2903 738 prouvent
2927 672 3075 740 point
3104 673 3687 733 démonstrativement

2107 769 2211 824 que
2240 755 2429 812 Galien
2468 758 2565 824 ait,
2622 773 2686 812 en
2717 759 2863 827 eﬂ'et,
2913 762 3172 831 prétendu
3197 764 3374 832 parler
3400 765 3560 820 d’une
3590 783 3688 838 pc-

2108 849 2203 902 tite
2246 847 2426 905 vérole
2460 865 2807 922 pr0premeut
2857 855 2991 910 dite.
3053 858 3124 911 De
3163 858 3300 926 plus,
3336 857 3549 915 Rhazés
3575 861 3684 916 lui-

2107 945 2285 1001 méme
2313 956 2394 1002 est
2419 946 2470 1001 le
2510 948 2743 1014 premier
2773 947 2804 1001 it
2835 951 3096 1003 convenir
3129 965 3235 1019 que
3266 949 3452 1006 Galien
3482 952 3686 1007 n’avait

2105 1036 2258 1104 point
2297 1036 2474 1090 donné
2507 1037 2575 1090 de
2623 1035 2766 1105 régle
2817 1036 3164 1106 particuliére
3197 1048 3253 1094 et
3280 1041 3408 1095 sdre
3442 1056 3577 1108 pour
3631 1042 3682 1094 la

2105 1140 2235 1181 cure
2261 1127 2325 1179 de
2355 1138 2498 1181 cette
2537 1127 2788 1190 maladie,
2821 1138 2874 1182 et
2907 1129 3028 1183 n’eu
3067 1130 3209 1183 avait
3253 1132 3404 1200 point
3431 1126 3684 1200 expliqué

2105 1216 2152 1269 la
2185 1231 2346 1271 cause
2391 1235 2402 1270 :
2446 1235 2464 1268 ι
2489 1216 2774 1272 Peut-élre
2800 1219 3004 1288 (:ijuute
3027 1219 3262 1290 Rhazés)
3297 1223 3548 1277 l‘avaitoil
3587 1224 3687 1279 fait

2107 1307 2242 1360 dans
2295 1308 2696 1376 quelqnes-uns
2727 1308 2794 1362 de
2830 1325 2918 1363 ses
2947 1326 3217 1380 ouvrages
3293 1315 3409 1381 qui,
3464 1312 3686 1385 n'ayant

2109 1396 2261 1466 point
2292 1411 2489 1449 ein-ore
2509 1397 2594 1451 été
2629 1398 2860 1451 traduits
2882 1414 2950 1452 en
2974 1399 3159 1465 arabe,
3189 1416 3256 1453 ne
3284 1417 3368 1454 me
3390 1413 3515 1458 sont
3537 1406 3689 1472 point

2105 1503 2333 1542 connus.
2372 1486 2526 1553 Mais,
2552 1487 2581 1542 ὲ
2612 1500 2696 1542 cet
2735 1488 2921 1558 égurd,
2970 1488 3062 1558 j‘ai
3102 1492 3376 1562 interrogé
3401 1495 3687 1551 curieuse—

2107 1590 2252 1632 ment
2282 1591 2403 1632 lous
2435 1579 2514 1634 les
2546 1579 2818 1634 médecins
2852 1582 2941 1650 qui
2968 1585 3264 1638 entendent
3311 1584 3364 1639 le
3422 1587 3676 1654 syriaqne

2096 1680 2154 1725 νει
2185 1672 2234 1726 le
2265 1687 2409 1740 grec,
2448 1681 2501 1725 et
2535 1673 2566 1724 il
2603 1673 2721 1742 n'en
2751 1682 2834 1728 est
2863 1690 3047 1729 aucun
3089 1678 3180 1746 qui
3218 1679 3294 1732 ait
3327 1681 3521 1734 trouvé
3544 1682 3680 1735 clwz

2103 1760 2292 1816 Galien
2328 1765 2559 1831 quoique
2589 1766 2751 1819 chose
2774 1765 2839 1819 de
2871 1767 3012 1835 plus.
3044 1767 3120 1820 Au
3156 1771 3453 1834 contraire,
3487 1770 3532 1824 la
3567 1773 3686 1840 plu-

421 1861 619 1924 moins,
655 1859 692 1913 il
725 1867 807 1914 est
839 1857 1044 1914 certain
1101 1871 1208 1925 que
1247 1855 1444 1925 jamais
1475 1853 1542 1906 ils
1602 1853 1757 1908 n’ont
1807 1869 1870 1908 eu
1928 1854 1995 1909 de
2032 1842 2072 1896 Β
2106 1864 2227 1922 part
2263 1853 2473 1910 d’entre
2503 1871 2608 1909 eux
2655 1856 2927 1922 n'avaient
2973 1859 3125 1926 point
3177 1861 3353 1914 meme
3395 1863 3683 1932 remarqné

419 1952 626 2006 théorie
659 1950 940 2021 marquée,
987 1949 1042 2005 ni
1077 1963 1172 2002 sur
1206 1948 1285 2002 les
1334 1962 1548 2012 causes,
1582 1948 1632 1999 ni
1677 1963 1770 2000 snr
1797 1947 1876 2002 les
1909 1946 1993 2002 ef-

417 2044 544 2104 t'ets,
583 2044 633 2096 ni
666 2057 765 2096 sur
795 2042 846 2096 la
871 2055 1002 2096 cure
1031 2041 1097 2094 de
1127 2047 1270 2094 cette
1320 2038 1592 2104 maladie;
1637 2047 1691 2092 et
1717 2047 1833 2092 tant
1864 2054 1992 2108 que,

419 2124 796 2187 relutivement
825 2130 858 2186 it
889 2145 995 2186 une
1042 2128 1168 2184 telle
1201 2129 1454 2194 maladie,
1483 2128 1602 2182 l’art
1638 2139 1781 2184 reste
1845 2130 1982 2184 dans

417 2241 486 2278 un
521 2224 688 2293 pareil
720 2237 915 2294 vague,
939 2237 1008 2278 on
1048 2229 1178 2292 peut
1204 2221 1326 2276 bien
1358 2221 1474 2275 dire
1507 2221 1638 2290 qu’il
1677 2238 1741 2275 ne
1794 2223 1839 2275 la
1867 2236 1994 2276 con-

413 2316 527 2370 nait
554 2331 620 2370 en
661 2329 870 2370 aucune
904 2313 1166 2368 maniére.
1213 2297 1354 2368 Sans
1385 2314 1571 2377 doute,
1629 2312 1868 2375 Rhazés,
1902 2324 1994 2368 cet

416 2408 595 2464 habile
645 2409 888 2465 médecin
923 2407 1087 2462 arabe
1117 2407 1207 2476 qui
1269 2403 1527 2461 ﬂorissait
1580 2421 1702 2460 vers
1737 2406 1786 2460 le
1840 2421 1991 2460 com-

416 2507 758 2552 mencement
806 2497 880 2551 du
924 2506 982 2550 χε
1021 2495 1208 2559 siécle,
1261 2510 1290 2548 a
1344 2495 1421 2550 dit
1473 2495 1693 2565 positiw
1714 2506 1861 2551 ment
1913 2496 1989 2568 (2)

414 2601 524 2658 que
567 2586 779 2650 Galien,
811 2588 946 2643 dans
983 2587 1257 2657 plusieurs
1296 2586 1364 2640 de
1391 2601 1478 2639 ses
1505 2603 1793 2656 ouvrages,
1817 2589 1992 2642 meme

418 2681 485 2734 de
520 2693 658 2733 ceux
721 2679 810 2747 qui
868 2686 993 2732 sont
1047 2691 1320 2746 parvenus
1372 2675 1587 2746 jusqn‘a
1647 2694 1799 2734 Itntts.
1850 2679 1998 2731 avait

417 2768 570 2840 parlé
622 2771 687 2825 de
719 2769 762 2823 la
793 2769 960 2840 petite
991 2768 1172 2825 vérole
1200 2777 1255 2824 et
1285 2769 1377 2822 des
1417 2768 1662 2823 remédes
1702 2784 1926 2837 pr-Opres
1955 2768 1985 2822 ὲ

416 2860 468 2915 la
496 2861 699 2932 guérir.
732 2860 892 2928 Mais,
930 2861 1176 2929 d‘abord,
1231 2859 1451 2930 d‘apres
1480 2860 1528 2914 la
1560 2860 1803 2916 maniére
1859 2863 1994 2915 dont

419 2952 634 3008 Rhazes
672 2953 963 3024 s'exprime
997 2953 1088 3023 (on
1125 2962 1210 3009 est
1247 2951 1408 3009 fondé
1431 2950 1462 3006 ὲ
1492 2951 1542 3007 le
1572 2952 1752 3008 croire
1811 2953 2001 3024 ainsi),

483 3114 561 3185 (Ι)
595 3113 674 3168 0n
702 3123 960 3185 trouvera
1000 3125 1123 3171 tous
1148 3131 1240 3172 ces
1257 3116 1449 3172 détails
1472 3117 1611 3172 dans
1640 3119 1686 3170 la
1715 3119 1994 3173 troisiéme

2101 1945 2183 2001 les
2253 1960 2512 2016 passages
2576 1948 2670 2015 qui
2711 1965 2794 2000 me
2841 1959 3105 2018 prouvent
3147 1965 3254 2018 que
3303 1949 3489 2006 Galien
3539 1957 3684 2008 avait

2091 2051 2269 2092 connu
2306 2037 2356 2091 la
2387 2038 2556 2108 petite
2583 2037 2783 2093 ve'rolc.
2811 2039 2986 2106 Ainsi,
3018 2041 3082 2094 de
3117 2057 3242 2095 mon
3272 2043 3412 2105 cdté,
3439 2044 3498 2112 je
3533 2055 3677 2099 reste

2047 2171 2060 2176 -
2098 2129 2308 2198 surpris
2333 2129 2398 2184 de
2440 2143 2502 2184 ce
2536 2143 2642 2198 que
2672 2145 2735 2183 ce
2767 2133 2935 2198 grand
2965 2134 3180 2186 bomnie
3210 2149 3238 2185 a
3273 2133 3481 2204 neglige
3535 2135 3567 2188 a
3617 2151 3682 2192 ce

2098 2218 2250 2288 point
2283 2219 2352 2274 de
2381 2220 2562 2290 parler
2609 2219 2770 2274 d’une
2802 2221 3033 2276 maladie
3059 2224 3102 2277 si
3133 2222 3440 2293 frequente,
3473 2228 3517 2280 si
3544 2227 3681 2280 ἀίω-

2100 2314 2202 2367 cile
2233 2313 2264 2368 ὲ
2302 2315 2508 2378 traiter,
2543 2313 2615 2366 lui
2648 2314 2740 2382 qui
2773 2329 2800 2365 a
2835 2312 2922 2368 e'lé
2953 2315 2994 2367 si
3031 2315 3292 2384 soigneux
3322 2319 3455 2372 dans
3489 2318 3536 2371 la
3587 2335 3677 2372 re-

2100 2403 2332 2457 cherche
2360 2404 2426 2457 de
2464 2403 2514 2457 la
2545 2418 2706 2457 cause
2749 2403 2842 2457 des
2875 2403 3156 2469 maladies,
3203 2414 3255 2460 et
3283 2406 3350 2459 du
3376 2423 3569 2478 moyen
3603 2409 3673 2460 de

2100 2492 2176 2548 les
2209 2494 2408 2565 gnér’r.
2453 2513 2470 2545 ι
2502 2495 2547 2546 Α
2577 2509 2639 2548 ce
2672 2495 2802 2564 qu'il
2847 2510 2930 2548 me
2961 2497 3189 2562 semble,
3229 2496 3497 2554 I’histoire
3529 2501 3592 2554 de
3624 2502 3672 2552 la

2103 2586 2381 2640 médecine
2433 2601 2499 2639 ne
2529 2601 2666 2639 nous
2699 2587 2940 2653 appr-end
2998 2587 3145 2654 point
3179 2603 3308 2657 que,
3363 2590 3678 2659 depuisl’e-

2096 2693 2274 2746 poque
2310 2677 2380 2731 ob
2418 2677 2677 2732 ﬂorissait
2715 2677 2948 2745 Rhazés,
2987 2671 3188 2735 aucun’
3223 2680 3466 2737 médecin
3525 2699 3675 2752 grec,

2101 2771 2155 2824 ni
2190 2785 2255 2824 au
2295 2781 2372 2824 κιο
2404 2769 2590 2834 siecle,
2645 2769 2696 2822 ni
2727 2785 2794 2825 au
2843 2781 2943 2824 1me
2973 2788 3038 2824 ou
3099 2787 3165 2825 an
3214 2784 3370 2836 ιιιιο,
3404 2774 3456 2827 ni
3504 2776 3680 2831 meme

2099 2874 2298 2914 encore
2326 2859 2446 2928 plus
2477 2859 2618 2924 tard,
2645 2861 2721 2912 ait
2748 2859 2911 2914 traité
2948 2861 3011 2915 de
3055 2860 3104 2914 la
3135 2864 3304 2931 petite
3333 2863 3517 2918 vérole
3543 2865 3679 2920 dans

2103 2966 2190 3006 ses
2220 2965 2491 3021 ouvrages
2516 2951 2617 3021 (3).
2647 2949 2794 3006 Nous
2829 2967 3024 3020 avons,
3054 2952 3090 3006 il
3129 2964 3214 3009 est
3243 2955 3382 3020 vrai,
3411 2971 3520 3012 nne
3558 2971 3675 3012 ver-

2105 3116 2506 3180 inllammatur;
2559 3115 2658 3181 uti,
2686 3131 2739 3170 e.
2783 3131 2837 3184 ε.
2860 3113 3112 3169 anthraci
3139 3122 3193 3168 et
3227 3115 3452 3171 variolis
3481 3132 3497 3171 :
3532 3125 3586 3174 et
3614 3115 3674 3172 hi

417 3183 597 3256 l_e_t}re,
638 3183 919 3239 relativea
968 3201 1032 3241 ce
1079 3186 1238 3255 sujet,
1293 3186 1522 3256 laquelle
1565 3187 1739 3243 forme
1780 3189 2007 3243 l'article
2035 3194 2077 3251 C
2115 3187 2284 3240 morbi
2339 3184 2634 3256 secundum
2689 3183 2864 3256 illosa
2902 3185 3221 3256 bileugeniti
3247 3194 3395 3256 sunt.

489 3324 568 3393 (2)
610 3322 779 3394 prez
808 3324 1042 3390 Rhazés,
1068 3325 1133 3378 de
1173 3325 1390 3381 variatis
1441 3336 1489 3380 el
1525 3328 1806 3393 morbillis,
1854 3330 1993 3382 Ara-

419 3392 530 3448 biae
558 3405 604 3466 et
635 3392 846 3457 Latine,
895 3412 1012 3449 cum
1059 3395 1182 3449 aliis
1233 3395 1498 3466 nonnullis
1530 3392 1984 3466 iejnsdern'argu-

417 3464 786 3536 mendicum
843 3474 893 3520 et
928 3465 1184 3536 impensis
1212 3464 1451 3536 Joannis
1510 3465 1811 3536 Channiny,
1852 3464 1993 3521 Lion-

417 3535 552 3604 dini,
581 3534 740 3600 1766,
765 3551 882 3601 cap.
916 3535 970 3599 1,
1002 3551 1126 3604 pag.
1164 3535 1253 3589 H.
1294 3553 1313 3586 ε
1357 3535 1447 3588 Ille
1475 3537 1717 3604 profecto
1741 3534 1810 3590 ex
1865 3555 1982 3592 me-

413 3602 694 3673 dicisiqui
750 3605 965 3668 dixerit,
1001 3602 1508 3673 przbstantissinnnn
1564 3604 1824 3660 Galenum
1889 3623 1990 3663 nec

417 3672 654 3728 variolas
700 3672 1052 3738 memorasse,
1106 3690 1208 3730 nec
1238 3674 1457 3728 novisse
1509 3677 1750 3739 omnino,
1789 3691 1852 3729 ex
1917 3677 1982 3732 iis

411 3753 496 3796 est
523 3743 614 3811 qui
637 3743 839 3811 scripta
877 3743 1066 3798 Galeni
1118 3759 1392 3813 nunquam
1423 3743 1688 3812 legerunt,
1737 3745 1822 3813 vel
1852 3745 1980 3800 folia

413 3821 626 3865 tantum
686 3813 977 3866 volutando
1009 3828 1104 3880 per
1140 3813 1227 3866 illa
1257 3812 1263 3813 “
1293 3814 1676 3868 Iransiverunt.
1742 3812 1986 3871 Galenus

411 3882 614 3952 etenim
637 3885 1010 3950 praescriptum
1033 3882 1246 3936 exhibet
1282 3886 1335 3936 in
1362 3894 1590 3936 tractatu
1610 3884 1802 3952 primo,
1833 3887 1990 3939 Κατᾶ

410 3949 546 4022 γένη
598 3949 725 4018 (vid.
763 3949 955 4006 Galen.
1026 3953 1160 4022 Περὶ
1187 3952 1488 4022 συνθέςξως
1521 3949 1854 4022 φαρμάκων,
1877 3955 1986 4008 τῶν

410 4019 561 4090 κατὰ.
613 4021 770 4087 γένη,
822 4022 956 4075 edit.
993 4019 1137 4086 Aldi,
1169 4033 1299 4076 tom.
1343 4020 1429 4085 11,
1463 4019 1558 4090 [οἱ.
1593 4019 1651 4085 6,
1675 4023 1771 4079 lin.
1810 4025 1865 4088 5,
1895 4025 1988 4079 ubi

409 4087 653 4162 legitur:
686 4090 897 4162 λἘστιη
922 4091 978 4143 δὲ
1017 4092 1112 4162 κᾳὶ
1172 4095 1287 4154 eoi;
1340 4087 1533 4155 ἰόνθόις
1596 4095 1656 4144 τὸ
1694 4087 1986 4162 φάρμακον

411 4158 729 4228 χρήσιμον),
762 4171 817 4232 et
848 4159 1016 4232 dicit:
1047 4159 1210 4216 Juvat
1234 4162 1450 4232 quidem
1482 4163 1583 4216 hoc
1611 4158 1978 4230 etillo't'nodo,

412 4237 470 4281 et
496 4239 676 4282 contra
712 4230 960 4285 variolas.

489 4313 508 4346 ι
541 4296 893 4369 Dicitetiam,
932 4301 982 4354 in
1039 4301 1192 4357 initio
1224 4310 1492 4356 tractatus
1549 4300 1740 4357 decimi
1803 4302 1982 4369 quarti

409 4367 481 4420 de
532 4367 783 4441 pulsibus
837 4369 968 4440 (vid.
1019 4371 1210 4426 Galen.
1268 4373 1409 4441 Περὶ
1465 4367 1836 4441 προγνώσεωξ
1870 4371 1986 4441 γδιὰ

417 4436 702 4509 ςφυγεῶν,
730 4438 826 4509 lib.
842 4436 924 4509 fit,
954 4441 1087 4495 edit.
1118 4441 1262 4505 Aldi,
1296 4436 1422 4494 tam.
1455 4436 1709 4509 [IL—fol.
1741 4441 1830 4509 67,
1862 4440 1912 4502 ὁ,
1949 4458 1982 4494 a

2192 3275 2210 3308 ι
2242 3256 2406 3324 Atqui
2466 3255 2555 3310 ille
2613 3258 2702 3322 qui
2770 3255 2966 3308 dixerit
3018 3253 3166 3324 illum
3219 3254 3527 3324 (Calenum)
3561 3274 3674 3316 non

2109 3323 2441 3381 memorasse
2466 3339 2652 3378 earum
2687 3339 2882 3393 curam,
2906 3323 3286 3393 particulnrem
3321 3323 3674 3393 neque’sutli.

2106 3399 2364 3458 cientem,
2403 3408 2502 3447 nec
2533 3408 2751 3447 causam
2806 3392 3056 3455 solzdam,
3087 3391 3333 3462 profecto
3374 3391 3559 3449 verum
3591 3398 3675 3451 Iu—

2105 3477 2323 3534 quetnr.
2367 3463 2460 3518 llle
2515 3464 2716 3517 etenim
2775 3462 2908 3516 nihil
2965 3467 3030 3516 de
3089 3465 3406 3534 hoe‘mqrbo
3444 3466 3672 3523 tradidit

2101 3531 2298 3604 praeter
2348 3535 2526 3587 haecee
2567 3547 2697 3604 quae
2727 3535 3165 3588 memoravimus.
3207 3531 3309 3586 Per
3341 3533 3507 3604 Deum
3533 3536 3546 3588 l
3572 3541 3669 3594 sed

2104 3603 2219 3658 lieri
2253 3614 2448 3672 potest,
2489 3605 2602 3657 haec
2629 3603 2793 3656 etiam
2834 3604 2980 3655 illum
3013 3617 3348 3672 memorasse
3397 3603 3450 3658 in
3514 3605 3668 3664 libris

2103 3675 2216 3728 suis
2242 3671 2332 3741 qui
2374 3673 2608 3727 nondum
2646 3672 2876 3725 Arabice
2907 3675 3244 3740 prodierunt.
3288 3671 3372 3726 Me
3409 3677 3550 3742 quod
3583 3686 3670 3732 at-

2109 3746 2269 3804 tinet,
2323 3742 2439 3812 ipse
2476 3742 2730 3812 inquisivi
2765 3743 3104 3812 jamdudum,
3137 3743 3544 3797 accuratissima
3580 3747 3666 3800 in-

2099 3811 2802 3886 qruisitionehinterrogans
2833 3814 3026 3886 (Arati.
3060 3811 3317 3886 familiam
3353 3814 3550 3880 linguae
3567 3817 3667 3886 Sy-

2100 3881 2264 3938 riacae
2308 3889 2360 3938 "et
2400 3881 2624 3950 Graece)
2677 3881 2859 3950 lingua
2896 3881 3119 3950 Syriaca
3159 3881 3424 3936 etC-maca
3451 3881 3664 3941 utenti-s

2100 3954 2326 4007 medicos
2355 3953 2421 4007 de
2455 3954 2553 4006 hac
2592 3966 2686 4005 re:
2716 3963 2784 4002 'at
2814 3952 2954 4003 inter
2981 3951 3102 4004 illos
3154 3968 3219 4003 ne
3253 3966 3392 4004 unus
3439 3953 3658 4019 quidem

2099 4023 2223 4086 iuit,
2258 4023 2348 4091 qui
2388 4023 2518 4075 mihi
2560 4021 2762 4091 aliquid
2811 4020 3019 4072 addidit
3049 4020 3131 4074 bis
3177 4035 3296 4088 quae
3327 4037 3390 4073 ex
3429 4021 3519 4074 illo
3544 4039 3659 4076 me-

2099 4090 2338 4158 moravi;
2393 4091 2503 4144 imo
2535 4090 2781 4160 plerique
2810 4103 2993 4160 eorum
3039 4104 3149 4142 non
3198 4098 3490 4160 noverunt.
3526 4093 3656 4160 quid

2095 4176 2192 4228 per
2224 4161 2324 4215 ista
2366 4161 2558 4224 voluit,
2587 4175 2707 4226 qua:
2733 4159 2986 4212 distincte
3011 4159 3326 4212 memoravi.
3392 4159 3510 4229 Ipse
3531 4159 3657 4229 pro-

2094 4229 2238 4283 fet-to
2291 4233 2359 4283 dc
2401 4231 2500 4284 hoc
2540 4230 2769 4282 miratus
2828 4243 2980 4288 sum,
3010 4235 3066 4281 et
3115 4229 3387 4294 quomodo
3419 4228 3658 4287 Galenus

2096 4300 2453 4368 praeteriverit
2479 4301 2620 4352 hunc
2645 4297 2911 4361 morbum,
2944 4309 3047 4349 tam
3071 4298 3383 4366 frequenter
3405 4299 3661 4354 oborien-

2101 4367 2231 4433 tem,
2276 4379 2492 4438 tamque
2542 4384 2672 4421 cura
2702 4379 2972 4438 egentem,
3016 4367 3106 4438 ille
3135 4369 3224 4438 qui
3283 4368 3336 4438 in
3381 4369 3563 4422 causis
3601 4380 3659 4425 et

2093 4451 2226 4492 cura
2258 4435 2569 4492 morborum
2633 4435 3017 4504 invesdgandis
3048 4437 3119 4491 ita
3152 4435 3330 4490 Tuerit
3383 4439 3654 4494 assiduus.

411 4505 554 4598 li'nea
582 4506 739 4598 57Iad
766 4508 883 4578 45),
907 4524 1073 4598 prope
1096 4514 1332 4580 primum
1355 4511 1546 4598 .foliunli
1580 4505 1724 4579 ejus:
1747 4508 1982 4598 .Sangpis
2006 4537 2061 4598 Β
2087 4507 2439 4598 Recentiores
2474 4507 2639 4598 lq‘uodL
2689 4507 2880 4598 attinet
2907 4545 2930 4587 ,'
2963 4507 3172 4598 BllialliSi
3236 4505 3304 4560 de
3365 4509 3655 4598 curqtione

406 4575 700 4643 aliquando
740 4575 1020 4647 putrescit
1038 4575 1403 4650 putrescentia
1448 4575 1763 4650 vehementi
1795 4575 1970 4646 vaide,

408 4653 467 4697 et
489 4660 553 4698 eo
580 4659 899 4712 perVentum
927 4659 1010 4702 est
1038 4647 1112 4704 ab
1130 4665 1353 4703 excessu
1380 4647 1823 4704 inﬂammationis
1840 4652 1978 4716 ejus,

409 4723 472 4766 ut
508 4725 697 4769 uratur
745 4720 906 4780 cutis,
957 4730 1008 4773 et
1038 4720 1292 4774 eveniant
1334 4720 1387 4772 in
1427 4719 1515 4772 illa
1552 4719 1772 4773 variolaa
1819 4727 1982 4771 etan-

409 4784 569 4836 thrax
600 4785 904 4851 excorians,
959 4790 1094 4844 adeo
1127 4799 1184 4843 ut
1211 4789 1278 4841 ab
1328 4789 1436 4843 illis
1467 4789 1744 4842 erodatur.
1779 4789 1848 4842 Et
1895 4790 1981 4840 di-

407 4853 504 4914 cit,
536 4854 590 4907 in
623 4870 762 4910 nono
793 4872 892 4910 nsu
929 4860 1160 4920 partium
1189 4875 1201 4910 :
1241 4857 1431 4913 Partes
1475 4857 1847 4914 redundantes
1873 4859 1978 4910 ali-

408 4926 739 4997 mentorum,
775 4935 1041 4994 quotquot
1089 4929 1142 4982 in
1201 4929 1521 4997 sanguinem
1586 4941 1694 4980 non
1744 4942 1977 4981 coiiver-

413 5002 622 5064 tuntur,
642 4995 737 5048 sed
771 5006 1051 5050 remanent
1081 4997 1134 5050 in
1165 4995 1442 5062 membris,
1506 5005 1820 5064 putrescunt
1846 5009 1900 5048 et
1925 4998 1977 5050 in

409 5062 610 5134 molem
679 5077 933 5118 Clt‘SCUlll
991 5069 1042 5119 in
1077 5080 1362 5134 progressu
1410 5062 1699 5134 temporis;
1741 5069 1876 5119 adeo
1921 5073 1980 5119 ut

409 5132 624 5185 tandem
661 5145 954 5202 generetur
1000 5132 1229 5189 anihrax
1278 5143 1333 5188 et
1393 5132 1629 5197 varidlze,
1662 5146 1718 5189 et
1768 5135 1978 5189 inﬂam-

406 5205 1096 5278 m‘ationesproserpentes.
1151 5206 1170 5276 (
1205 5205 1365 5273 Conf.
1392 5205 1587 5278 Galen.
1619 5205 1754 5278 Περὶ
1779 5205 1978 5278 χρείας

405 5272 526 5346 ﬁt?!
571 5273 629 5323 ὲν
677 5272 1225 5346 ἁνφρῴπουῇσώμάτι
1286 5272 1512 5346 μορίων,
1579 5275 1670 5329 111).
1699 5272 1976 5346 ἰχξεάὶεῑο

407 5339 553 5401 Aldi,
584 5351 712 5413 tom.
753 5339 795 5405 l,
828 5343 922 5395 fol.
958 5344 1046 5408 52,
1079 5339 1174 5399 lin.
1215 5339 1312 5399 35':
1347 5339 1426 5398 Τὰ
1452 5345 1509 5398 δέ
1548 5361 1650 5398 που
1681 5347 1774 5397 καὶ
1807 5345 1978 5413 σήπε-

404 5422 503 5485 cat
546 5411 622 5485 egi
681 5414 873 5485 χρόνῳ⁸
900 5417 1057 5467 ταυτὶ
1086 5416 1156 5468 τὰ
1189 5417 1498 5468 συνεστῶτα
1561 5411 1978 5485 παριττὼμὰτα,

411 5478 510 5557 κα)
539 5478 1020 5557 οὖτωῗρεμύτερά
1050 5501 1108 5557 te
1133 5486 1243 5557 __xad
1309 5478 1980 5557 θερμότερᾳίφλεγξιονὰς

405 5548 506 5600 καὶ
563 5548 964 5626 ἐρυσιτὶέλαταξ
1015 5555 1108 5606 καὶ
1130 5548 1423 5626 ἓρπηταςζ’
1454 5548 1556 5607 καί
1576 5548 1858 5626 ἄνθραδὶἀς
1885 5548 1980 5608 καὶ

407 5621 702 5704 πιρρετοὺς,
735 5626 831 5675 καὶ
857 5627 1065 5694 μυρίων
1095 5621 1272 5678 ἄλλων
1305 5626 1459 5695 ὄχλον
1500 5621 1783 5678 ἁποτίιὲτει
1815 5641 1977 5694 νοση-

409 5705 621 5758 parum.

485 5778 502 5809 ι
539 5761 605 5814 Ει
627 5761 778 5830 dicit,
810 5765 862 5818 in
906 5775 1101 5833 quarto
1133 5765 1198 5817 ad
1229 5766 1491 5820 Timmum
1518 5781 1533 5819 :
1561 5765 1778 5834 Antiqui
1817 5779 1979 5834 porro

406 5847 606 5886 notuen
643 5835 926 5900 φλεγμονὴ
968 5837 1401 5891 dederuntumni
1461 5837 1536 5891 rei
1582 5837 1635 5889 in
1689 5850 1792 5905 qua
1833 5836 1980 5890 calor

2087 4579 2412 4631 variolarum
2472 4578 2665 4647 (Ai-ab.
2716 4575 2961 4647 etiamsi?
2993 4578 3060 4628 de
3121 4591 3250 4631 cura
3299 4577 3654 4647 fvariolarum

2084 4663 2172 4702 res
2189 4649 2447 4714 quasdam
2479 4646 2900 4700 memoraverint
2922 4646 3042 4699 sine
3067 4646 3419 4701 accuratione
3451 4658 3506 4701 et
3536 4648 3655 4703 sine

2082 4717 2453 4786 distinctione)
2489 4715 2745 4786 aliqualis
2771 4719 2838 4769 ab
2865 4718 2944 4769 eis
2985 4715 3121 4769 facta
3155 4719 3225 4770 sit
3264 4723 3486 4782 mentio,
3554 4732 3656 4772 nec

2084 4797 2346 4840 accurata
2394 4785 2569 4854 neque
2627 4785 2904 4849 distincta,
2977 4787 3329 4840 nihilominus
3368 4801 3432 4840 ex
3482 4787 3548 4842 iis
3583 4803 3654 4840 ne

2084 4872 2220 4910 unus
2249 4855 2464 4924 quidem
2488 4865 2576 4910 est
2609 4856 2700 4924 qui
2723 4856 3044 4908 memoravit
3074 4871 3292 4909 causam
3325 4856 3649 4924 ejus-morai

2081 4925 2424 4986 eﬂicientem,
2467 4935 2522 4980 et
2550 4939 2718 4994 quare
2748 4926 2983 4989 eveniat,
3020 4936 3077 4978 ut
3127 4927 3277 4979 illum
3308 4928 3390 4980 \ix
3418 4925 3641 4996 elIngiat

2081 4998 2166 5048 vel
2197 5011 2336 5050 unus
2370 4998 2717 5050 mortalium:
2747 5009 2847 5049 nec
2889 4996 3108 5049 tradidit
3137 4997 3347 5065 species
3411 4996 3652 5049 curatio-

2083 5066 2168 5119 nis
2191 5066 2308 5134 ejus
2349 5067 2400 5120 in
2442 5067 2576 5121 locis
2601 5067 2733 5120 suis.
2780 5083 2800 5115 ι

2153 5133 2230 5206 (5)
2261 5134 2412 5206 Voici
2447 5145 2563 5191 tout
2608 5151 2671 5190 ce
2705 5150 2810 5204 que
2839 5135 2921 5188 dit
2946 5205 2949 5206 ν
2977 5150 3070 5188 sur
3097 5148 3158 5188 ce
3206 5137 3356 5203 point
3414 5133 3651 5206 l'autcur

2082 5201 2288 5274 anglais
2315 5205 2439 5260 d’un
2472 5201 2737 5274 ouvrage_
2762 5201 3221 5274 historiquesun
3245 5207 3294 5257 la
3349 5201 3648 5267 médecizn-,

2081 5273 2171 5344 qui
2212 5292 2279 5330 ne
2303 5276 2460 5331 m’est
2493 5273 2670 5330 connu
2701 5290 2806 5344 que
2833 5273 3044 5342 d’apiés
3072 5273 3124 5327 la
3151 5275 3452 5328 traduction
3505 5274 3647 5327 don-

2081 5347 2182 5398 nee
2214 5355 2328 5400 tout
2353 5347 2774 5400 nouvellement.

2157 5432 2176 5465 ι
2202 5415 2347 5470 mons
2380 5420 2583 5469 devons
2600 5431 2702 5468 aux
2728 5411 2934 5467 Arabes
2958 5411 3002 5463 la
3023 5410 3290 5480 premiére
3314 5412 3648 5479 description

2081 5485 2150 5540 de
2200 5487 2335 5538 truis
2371 5486 2651 5540 nouvelles
2683 5483 2962 5544 maladies,
3006 5496 3096 5549 qm
3136 5491 3261 5534 sunt
3292 5482 3338 5534 la
3372 5483 3533 5551 petite
3558 5482 3650 5533 νέ-

2081 5556 2212 5620 role,
2269 5554 2316 5608 la
2351 5555 2615 5625 rougeole,
2643 5556 2773 5625 et_la
2807 5551 3201 5625 spina-ventosa
3245 5553 3508 5625 ou_cqi_'ie
3553 5555 3646 5604 de;

2081 5642 2163 5680 os.
2201 5625 2304 5678 Les
2334 5621 2472 5681 deni
2511 5623 2827 5694 premieres,
2882 5621 3008 5689 plus
3033 5621 3276 5694 funestes
3330 5622 3360 5675 a
3397 5621 3648 5694 l‘Europe

2080 5711 2184 5764 que
2233 5711 2298 5768 ne
2331 5691 2587 5768 l’avaient
2617 5691 2703 5768 eté
2733 5691 2808 5745 les
2831 5705 3055 5768 guerres
3088 5696 3162 5744 les
3193 5691 3312 5757 plus
3335 5691 3649 5768 sanglantes

2084 5775 2211 5818 nunt
2247 5766 2322 5819 les
2342 5765 2572 5818 annales
2599 5765 2670 5816 du
2718 5764 2914 5815 monde
2959 5775 3099 5816 nous
3129 5774 3352 5816 eussent
3385 5764 3649 5816 conservo

2081 5836 2130 5888 la
2171 5833 2728 5901 mémoire,n’étaient
2753 5844 3024 5900 connues,
3066 5841 3225 5888 avant
3250 5841 3392 5890 cette
3414 5831 3646 5902 époquc,
