4050 6416
415 338 553 403 1095
1680 347 1906 406 PETRI
1951 346 2226 406 LAZEllI
2268 347 2326 410 s.
2372 349 2428 412 J.
3538 333 3677 395 3095

480 457 561 510 An
595 470 722 510 vero
756 454 944 510 tertius
972 456 1186 524 quidam
1217 455 1498 512 Prodromi
1559 459 1678 514 sive
1709 458 2189 527 Ptocltnprodromi
2221 459 2540 529 cognomine
2568 457 2903 516 inducendus
2937 465 3020 510 est
3049 452 3416 509 Tlieadurus?
3457 448 3676 502 Haben-

411 558 498 600 tur
532 546 652 599 cod.
688 545 944 600 Vaticano
975 544 1234 599 DLXXIX
1272 546 1384 615 (Ἦ)
1421 547 1702 617 Θεοδώρου
1737 547 1830 600 τοῦ
1864 547 2010 616 Utta)

2070 549 2372 617 προδρόμου
2415 547 2588 618 στίχοι
2639 548 2778 618 πρὸς
2807 551 2900 601 τὸν
2932 543 3162 616 βασιλέα
3191 542 3352 611 κύριν
3407 539 3669 606 Μανουὴλ

407 634 500 686 τὸν
531 633 1071 703 Πορφυρογέννητον.
1133 634 1273 688 Sunt
1303 643 1480 689 autem
1517 635 1786 691 Theodori
1850 635 2006 700 huius

2072 636 2524 704 ἰοοιιορτοάι-οιιιί
2555 637 2796 692 carmina
2856 636 3075 706 politica
3132 634 3200 688 ad
3257 629 3671 686 Entmanueletu

409 720 742 774 Comnenum
775 719 827 774 in
864 734 1040 775 mores
1065 721 1456 775 monachorum
1490 725 1570 777 sui
1602 723 1884 790 temporis.
1915 720 2174 775 Eumdcm
2239 723 2381 777 hunc
2432 738 2497 778 ac
2557 723 2914 778 Prodromum
2963 731 3209 778 nostrum
3253 719 3546 773 arbitratus
3593 725 3677 769 est

409 805 486 859 Dn
521 807 753 876 Cangius
781 808 833 860 in
862 807 1039 863 indice
1071 825 1231 876 quem
1293 809 1572 866 Glossario
1604 810 1793 865 mediae
1844 820 1898 864 et
1928 809 2124 865 intimae
2178 807 2489 864 Latinitatis
2543 809 2774 878 subjecit
2800 819 2963 879 atque
3028 825 3094 865 ex
3125 822 3189 862 eo
3222 806 3500 869 Oudinus;
3543 805 3672 856 item

408 895 601 951 Petrus
635 894 899 952 Possinus
928 897 1017 967 qui
1057 898 1455 965 Expositionem
1491 899 1636 952 illam
1672 914 1937 953 canonum
1973 899 2089 953 sive
2151 899 2477 969 hymnorum
2510 897 2812 954 Prodromo
2841 897 3084 968 pauperi,
3117 897 3169 951 id
3198 904 3282 950 est
3334 892 3674 958 Ptochopro-

411 985 624 1048 dromo,
684 986 946 1053 assignat.
987 987 1186 1040 Contra
1229 987 1318 1041 alii
1352 1003 1444 1042 eos
1469 988 1828 1058 distinguunt,
1862 989 2107 1054 utCave,
2139 989 2229 1057 qui
2265 1003 2435 1044 annos
2479 989 2646 1042 etiam
2685 987 2913 1060 singulis
2978 987 3223 1042 diversos
3268 984 3528 1054 assignat.
3564 978 3671 1033 Sed

410 1072 491 1126 vel
518 1088 654 1126 unus
687 1075 766 1127 vcl
801 1076 982 1140 plures
1017 1075 1238 1138 fuerint,
1273 1076 1459 1130 iisdem
1495 1078 1830 1146 temporibus
1868 1078 2140 1130 vixerunt.

484 1178 621 1245 Quid
663 1194 788 1232 vero
828 1183 1174 1234 statuendum
1210 1181 1275 1234 de
1302 1180 1596 1237 Prodromo
1627 1183 1741 1250 ejus
1776 1183 1896 1237 libri
1929 1193 2172 1246 auCtore,
2205 1184 2296 1252 qui
2329 1185 2381 1239 in
2414 1185 2591 1239 indice
2645 1183 2775 1240 bibl.
2806 1183 2940 1251 Reg.
3002 1179 3378 1237 Scoriacensis
3426 1177 3497 1231 ita
3540 1190 3672 1245 pro-

412 1269 632 1336 ponitur
659 1283 673 1320 :
705 1269 986 1337 Θεοδώρου
1030 1269 1124 1323 τοῦ
1160 1268 1475 1338 Προδρόμου
1505 1268 1764 1340 ἐξήγησις
1797 1272 1879 1333 εἰς
1933 1272 2011 1343 τὴε

2075 1275 2462 1344 (ραμματικὴν
2493 1275 2586 1328 τοῦ
2622 1274 3006 1345 Μοσχοπούλου
3047 1290 3062 1328 :
3097 1273 3352 1327 Theodori
3388 1268 3674 1324 Prodromi

411 1355 698 1422 explicatio
731 1360 1092 1426 grammatica
1126 1355 1454 1426 Moschopuli
1482 1358 1506 1410 .’
1542 1357 1639 1412 Hie
1675 1374 1808 1427 pene
1839 1362 2034 1416 tertius
2060 1371 2152 1415 aut
2183 1372 2411 1431 quartus
2457 1365 2731 1416 enascitur
2786 1361 3108 1416 Theodorus
3167 1359 3504 1414 Prodromus
3567 1356 3669 1409 nisi

414 1444 483 1496 sit
513 1443 890 1512 Moschopnlus
951 1445 1090 1499 alius
1149 1443 1497 1513 Moschnpulo
1533 1443 1774 1501 Manuele
1828 1449 2129 1516 antiquior.
2163 1449 2268 1503 Sed
2307 1449 2404 1504 viri
2437 1449 2576 1504 docti
2606 1457 2827 1514 norunt,
2853 1465 3012 1519 quam
3048 1465 3233 1517 parum
3266 1446 3335 1501 sit
3367 1443 3671 1512 hnjusmodi

415 1531 675 1585 librorum
701 1531 888 1590 titulis.
915 1535 1026 1585 sive
1051 1546 1238 1586 eorum
1267 1531 1532 1586 indicibus
1557 1533 1846 1589 fidentium.
1878 1535 2066 1590 Simile
2087 1537 2385 1606 quidpiam,
2408 1548 2464 1590 ut
2485 1538 2690 1592 infinita
2720 1547 2949 1600 taceam,
2977 1535 3176 1591 factum
3199 1542 3282 1588 est
3303 1534 3356 1587 in
3385 1531 3674 1585 Theodoro

416 1620 645 1674 Lectore
667 1618 822 1686 cujus
847 1620 1084 1674 historize
1113 1630 1349 1683 exsnant,
1394 1621 1647 1688 Ἐκλογαὶ
1672 1622 1780 1674 ἀπὸ
1813 1624 1998 1692 φωνῆς

2075 1625 2364 1696 ικηρόφου,
2395 1625 2630 1694 Excepta
2646 1641 2710 1680 ex
2733 1643 2820 1680 ore
2846 1625 3156 1694 .Nicepltori.
3187 1622 3400 1676 Miratus
3427 1623 3496 1674 ita
3527 1619 3674 1674 hunc

419 1706 635 1760 titulum
672 1707 954 1776 descripsi'
995 1707 1145 1777 quasi
1175 1724 1234 1760 ea
1262 1723 1326 1761 ex
1367 1709 1784 1785 Nicepltorigore
1827 1711 2144 1769 Theodorus
2197 1715 2515 1784 exceperit;
2551 1717 2733 1785 itaque
2778 1715 3107 1784 Niccpltoro'
3131 1711 3339 1766 Callisti
3404 1709 3679 1765 recentio-

418 1809 534 1849 rem
573 1795 918 1850 Theodorum
963 1797 1088 1850 fecit
1119 1797 1414 1865 rejecitque
1453 1801 1518 1850 ad
1553 1783 1680 1852 saec:
1717 1816 1828 1863 xiv,
1861 1812 2022 1870 atque
2045 1817 2109 1856 ex
2151 1818 2216 1857 eo
2258 1783 2348 1857 hic
2379 1819 2535 1858 error
2565 1783 2785 1872 irrepsit
2840 1804 2890 1856 in
2917 1783 3157 1858 iudicem
3187 1816 3312 1871 gen.
3344 1799 3482 1852 Bibl.
3515 1798 3677 1852 edita:

419 1883 663 1952 Lugduni
695 1899 785 1938 an.
830 1884 968 1939 1677
1001 1896 1051 1938 et
1093 1893 1223 1941 torn.
1258 1886 1451 1940 XXVI.
1490 1887 1667 1956 Atque
1701 1889 1770 1943 ob
1814 1889 1952 1943 banc
1985 1906 2201 1945 causam
2239 1891 2566 1962 Sagittarius
2597 1891 2710 1962 (28)
2739 1891 3069 1945 collectanea
3103 1892 3216 1944 haec
3246 1885 3519 1957 supposita
3551 1898 3679 1938 eSse

414 1974 694 2042 judicavit.

488 2086 779 2151 Cancrum,
814 2104 875 2141 cx
907 2089 992 2144 his
1028 2106 1146 2158 quae
1183 2091 1530 2145 ascribuntur
1557 2089 1852 2146 Prodromo
1884 2101 2071 2145 nostro
2100 2091 2351 2160 operibus
2403 2098 2614 2146 constat
2654 2089 3070 2160 grammaticum
3117 2102 3240 2144 eum
3269 2083 3456 2150 fuisse,
3489 2082 3680 2136 rheto-

419 2193 540 2232 rum
579 2178 833 2235 lacultate
864 2189 918 2234 et
947 2179 1248 2235 dialectica:
1287 2181 1560 2250 mysteriis
1589 2181 1833 2250 apprime
1851 2183 2144 2234 eruditum.
2179 2180 2604 2236 Grammaticum
2631 2179 2846 2249 quidem
2906 2177 3145 2233 ostendit
3180 2190 3315 2244 opus
3355 2173 3498 2244 quod
3515 2170 3679 2224 modo

419 2266 822 2335 descripsimus,
882 2268 996 2321 sive
1048 2269 1388 2338 ἐρωτήματα.
1425 2267 1794 2337 γραμματικὰ
1827 2272 1961 2338 προς
1987 2286 2012 2319 τ

2072 2286 2085 2320 ι
2135 2267 2484 2339 βασίλισσαν,
2548 2282 2666 2338 qure
2704 2267 2825 2320 cod.
2868 2264 3130 2319 Vaticano
3159 2262 3278 2318 XVI
3311 2261 3424 2332 (29)
3459 2261 3671 2316 baben-

422 2364 531 2414 tur,
560 2363 722 2422 atque
784 2354 906 2409 aliis
940 2356 989 2407 in
1022 2355 1387 2420 bibliothecis,
1422 2365 1477 2410 ut
1509 2355 1946 2410 Montfauconins
1979 2357 2133 2410 testis
2183 2365 2266 2410 est
2293 2356 2429 2425 (50).
2488 2355 2645 2410 .lom.
2695 2352 2965 2409 Meursius
3025 2353 3137 2422 (51)
3175 2350 3359 2406 laudat
3390 2347 3667 2404 'l‘beodori

423 2441 656 2496 Lexicon
696 2450 749 2496 et
788 2442 986 2496 librum
1030 2442 1108 2496 De
1132 2445 1429 2496 accentibus
1462 2444 1574 2513 (δερ)
1601 2461 1719 2512 qute
1756 2445 1894 2498 forte
1921 2445 2022 2497 idet

2097 2453 2242 2507 sunt,
2300 2458 2425 2496 nam
2463 2451 2640 2496 exstat
2669 2442 2788 2496 cod.
2828 2441 2946 2496 Vat.
2982 2441 3085 2494 8.85
3110 2439 3247 2510 (55),
3282 2438 3512 2503 Λεξικδν
3543 2435 3679 2504 περὶ

421 2532 766 2596 πνευμάτων.
809 2530 881 2583 De
925 2529 1205 2585 dialectica
1259 2541 1424 2585 testes
1452 2542 1579 2586 sunt
1619 2533 1734 2585 libri
1759 2532 1871 2602 (δι)
1905 2534 2020 2602 Παρ

2059 2546 2274 2600 ιερρασις
2323 2531 2403 2593 εἰς
2438 2531 2506 2584 τὰ
2563 2529 2772 2597 ὕστερα
2805 2529 2915 2581 τῶν
2977 2529 3222 2596 ὑστέρων
3279 2521 3658 2580 Ἀναλυτικῶν

421 2618 515 2671 τοῦ
556 2618 990 2688 Ἀριστοτέλους.
1011 2615 1362 2683 Paraphrasis
1389 2621 1441 2674 in
1474 2621 1763 2689 posteriora
1803 2621 2020 2690 Analyti

2068 2636 2084 2672 ι
2126 2619 2429 2671 Aristotelis
2457 2635 2476 2682 ;
2507 2603 2632 2670 it'etn
2666 2617 2802 2686 (55),
2835 2614 2940 2668 Τοῦ
2973 2613 3139 2668 αὑτοῦ
3173 2612 3265 2666 καὶ
3292 2610 3527 2672 Λέοντος
3571 2607 3667 2660 τοῦ

423 2706 818 2778 Μαργεντήνου
846 2706 1106 2776 ἐξήγησις
1139 2709 1218 2770 εἰς
1252 2709 1318 2763 τὰ
1369 2707 1574 2779 ὕστερα
1647 2708 1972 2762 Ἀναλυτικὰ
2012 2708 2104 2762 τοῦ
2146 2706 2578 2778 Ἀριστοτέλους.
2618 2705 2858 2773 Denique
2907 2703 3044 2774 (36),
3091 2700 3228 2771 Περὶ
3279 2699 3372 2751 τοῦ
3433 2697 3668 2768 μεγάλου

425 2793 520 2845 καὶ
558 2790 652 2844 τοῦ
688 2791 885 2860 μικροῦ
913 2790 1133 2845 καὶτοῦ
1172 2792 1369 2846 πολλοῦ
1401 2795 1496 2848 καὶ
1527 2793 1619 2847 τοῦ
1652 2794 1832 2863 ὀλίγου
1867 2796 1950 2848 ὅτι
2003 2797 2062 2849 οὐ
2099 2796 2212 2849 τῶν
2242 2796 2380 2866 πρός
2413 2795 2467 2845 τι
2498 2797 2660 2858 εἰσιν,
2695 2793 2831 2846 ἀλλὰ
2886 2791 2982 2845 τοῦ
3045 2789 3238 2842 ποσοῦ.
3305 2786 3557 2858 Magnum
3616 2792 3670 2837 et

425 2897 666 2947 parvum,
701 2879 924 2934 multum
965 2893 1011 2934 et
1050 2897 1274 2950 paucum
1307 2898 1408 2936 non
1426 2886 1684 2952 pertinere
1721 2883 1792 2936 ad
1823 2884 2150 2950 relationem,
2190 2883 2281 2937 sed
2311 2883 2381 2937 ad
2415 2883 2788 2953 quantitatem.
2835 2881 3210 2950 Eloquentiam
3283 2875 3402 2943 ejus
3455 2875 3682 2928 demon-

425 2981 601 3026 strant
641 2971 900 3039 opuscula
935 2984 1054 3039 quae
1080 2984 1236 3039 prosa
1273 2971 1572 3040 praesertim
1605 2972 1851 3026 oratione
1883 2972 2102 3039 scripsit
2133 2988 2149 3039 ;
2187 2986 2312 3026 nam
2353 2970 2594 3024 carmina
2651 2969 2972 3036 plerumque
3023 2967 3194 3020 invito
3249 2963 3501 3032 Apolline
3547 2975 3674 3015 eum

424 3059 730 3127 scripsisse,
763 3059 1060 3128 prazsertim
1101 3057 1347 3121 beroica,
1387 3058 1626 3126 neglecta
1663 3058 1829 3112 etiant
1893 3059 2226 3128 syllabarum
2259 3058 2491 3119 ratione,
2538 3056 2777 3110 fatentur
2808 3056 3118 3125 quicunque
3177 3053 3385 3122 legunt.
3444 3049 3680 3104 Τιιευιυ-

425 3162 550 3216 gum
587 3147 692 3200 erit
722 3146 811 3214 qui
843 3160 950 3200 non
985 3143 1276 3199 difﬁteatur
1307 3145 1452 3214 quod
1501 3146 1898 3214 expositionem
1931 3144 2266 3200 l’salmorum
2299 3146 2580 3214 scripserit
2607 3159 2727 3212 quae
2761 3142 2991 3197 habetur
3027 3143 3078 3196 itt
3141 3140 3307 3207 liegia
3355 3138 3679 3192 Scoriacen-

424 3236 471 3288 ci
499 3233 854 3288 bibliotheca.
891 3232 1130 3288 [labetur
1159 3233 1322 3288 etiam
1361 3233 1505 3301 quod
1535 3233 1729 3288 nollem
1763 3235 1830 3287 ab
1863 3247 1928 3286 eo
1960 3247 2018 3287 sc

2079 3244 2240 3302 ptum,
2275 3235 2413 3304 Περὶ
2443 3233 2547 3301 τῆς
2586 3228 2976 3301 ὲκπορεύσεως
3011 3228 3107 3282 τοῦ
3157 3227 3317 3295 ἁγίου
3355 3224 3678 3291 Πνεύματος

425 3324 568 3378 κατὰ
601 3321 870 3378 Λατίνων.
898 3321 972 3376 De
995 3322 1326 3388 processione
1355 3321 1588 3391 Spiritus
1613 3322 1784 3376 sancti
1825 3333 2010 3374 contra
2038 3319 2253 3376 Latinos
2280 3338 2300 3387 ;
2332 3321 2421 3376 ubi
2453 3321 2646 3391 primis
2671 3319 2934 3373 continuo
2961 3315 3144 3371 verbis
3184 3329 3424 3370 errorem
3459 3311 3682 3366 Graeco-

427 3426 545 3465 rutn
571 3411 1046 3466 scltismaticmum
1073 3409 1468 3464 defendendum
1501 3409 1761 3478 suscepit,
1794 3409 2026 3476 Φανερόν

2082 3424 2212 3461 ιστιν
2233 3408 2314 3461 ὅτι
2343 3406 2536 3476 ὥσπερ
2567 3407 2594 3459 ὃ
2619 3406 2743 3470 Υἱὸς
2790 3405 2936 3458 οὕτω
2967 3405 3064 3457 καὶ
3121 3402 3180 3455 τὸ
3233 3401 3392 3471 ἅγιον
3447 3399 3681 3468 Πνεῦμα

425 3501 598 3553 οἴεται
625 3499 688 3551 ὲκ
711 3497 808 3552 τοῦ
839 3499 1054 3568 Harpe;
1096 3497 1260 3566 μόνου
1289 3496 1436 3567 ἔχειν
1463 3496 1727 3568 ὓπαρξιν.
1755 3496 2024 3566 Mani/esu

2083 3507 2208 3550 test
2233 3495 2360 3566 quia
2382 3503 2438 3549 ut
2464 3492 2643 3548 Filius
2673 3494 2748 3548 sic
2805 3501 2853 3547 et
2900 3490 3133 3563 Spiritus
3190 3499 3406 3544 sanctus
3461 3497 3682 3555 putatur

427 3599 492 3639 ex
515 3584 679 3639 Patre
720 3585 832 3638 solo
877 3585 1066 3638 habere
1089 3585 1467 3638 substantiam.

501 3695 608 3750 Sed
627 3695 748 3763 quis
778 3703 1038 3765 praeterea
1076 3694 1363 3765 qualisque
1400 3695 1732 3751 Prodromus
1765 3693 1929 3749 fuerit
1956 3693 2208 3763 autquod
2235 3692 2361 3747 vitae
2401 3706 2574 3764 genus
2608 3701 2851 3747 sectatus
2887 3691 2960 3746 sit
3021 3690 3239 3746 dilllcile
3273 3699 3356 3745 est
3404 3703 3469 3743 ex
3538 3687 3686 3742 illius

432 3792 522 3837 aut
555 3783 783 3838 aliorum
814 3782 1032 3852 scriptis
1056 3785 1354 3838 extundere
1384 3803 1398 3840 :
1433 3783 1592 3839 Cl’oli
1629 3795 1803 3837 tamen
1831 3781 2034 3836 vixisse
2065 3795 2131 3836 ex
2166 3781 2251 3835 bis
2277 3779 2410 3851 ipsis
2440 3795 2578 3850 quas
2607 3781 2892 3850 vulgatnus
2931 3779 3174 3850 epistolis
3203 3777 3460 3848 colligere
3484 3787 3682 3846 potes;

433 3873 559 3926 item
592 3870 1068 3939 0rphanotropltio
1097 3871 1372 3925 addictum
1407 3870 1596 3926 fuisse.
1631 3870 1742 3925 lloc
1771 3870 1914 3924 enim
1944 3869 2183 3925 indicare
2213 3871 2469 3926 videntur
2498 3870 2740 3940 epistola:
2791 3868 2907 3936 ejus
2965 3881 3019 3925 et
3084 3868 3341 3937 opuscula
3409 3867 3688 3936 orphano-

437 3960 632 4030 troplto
670 3960 929 4028 insctipta
962 3959 1054 4030 qui
1091 3969 1217 4014 tunc
1244 3959 1460 4030 quidem
1498 3969 1616 4014 erat
1654 3959 1878 4014 Alexius
1903 3957 2209 4023 Aristenus,
2245 3960 2327 4012 vir
2357 3957 2498 4026 apud
2556 3972 2685 4012 suos
2719 3956 2937 4026 nobilis,
3004 3956 3162 4026 cujus
3217 3961 3396 4011 exstat
3431 3955 3685 4010 collectio

433 4063 700 4102 canOnum
728 4048 778 4102 in
810 4046 954 4102 Bibl.
985 4046 1137 4101 Juris
1170 4044 1352 4101 Graeco
1386 4045 1612 4101 Romani
1654 4046 1862 4103 Justelli
1896 4047 2014 4118 ('57)
2048 4059 2214 4118 atque
2248 4048 2300 4102 in
2334 4047 2622 4103 Pandectis
2647 4047 2922 4118 Beveregii
2953 4047 3092 4118 (38).
3149 4045 3290 4114 Quin
3349 4044 3681 4114 εἰσιτήριον,

431 4141 544 4192 sive
575 4137 944 4204 inauguralem
975 4135 1275 4190 orationem
1312 4135 1485 4190 eidem
1522 4135 1774 4190 Aristeno
1799 4135 1999 4190 dictam
2028 4153 2189 4206 quam
2217 4153 2379 4209 supra
2403 4137 2791 4209 appellavimus
2819 4138 2892 4191 ita
2926 4137 3206 4192 exorditur
3263 4133 3596 4189 Prodromus
3627 4139 3687 4185 ut

432 4236 619 4296 aperte
658 4223 924 4290 significet
955 4239 1012 4278 se
1041 4225 1107 4278 ad
1125 4223 1643 4292 orphanotropliium
1674 4225 1897 4293 ejusque
1926 4240 2031 4279 cur:

2082 4242 2112 4280 n
2145 4206 2420 4296 pertinere
2440 4206 2719 4295 iz—Ilétspat
2759 4225 3048 4296 πρὼτερόν
3099 4243 3210 4290 σοι,
3277 4223 3524 4278 θειότατε
3555 4219 3681 4273 δέσ-

433 4333 596 4380 ποτα,
626 4315 717 4367 τὸν
749 4314 1046 4383 εισιτήριον
1087 4311 1290 4383 ᾄσομαι
1322 4312 1420 4368 καὶ
1455 4313 1822 4384 παιανίσομαι
1849 4315 1942 4369 τὸν
1972 4314 2337 4386 ὲπιϐατήριον
2366 4316 2398 4387 ἢ
2439 4316 2686 4386 ἐμαυτοῦ
2714 4316 2804 4369 τὸν
2835 4315 2938 4369 οὐκ
2967 4314 3245 4385 ὲξιτήριον
3297 4312 3418 4367 οὐδὲ
3451 4308 3688 4364 ὲκϐάτε-

435 4423 528 4475 ρον
553 4404 628 4474 μὴ
658 4404 739 4455 ὅτι
773 4418 836 4468 γε
871 4401 1041 4470 κάμοὶ
1066 4401 1160 4454 καὶ
1191 4399 1269 4472 τῷ
1300 4401 1435 4473 οἴκῳ
1454 4402 1631 4474 τούτῳ
1654 4405 1948 4475 σωτήριον.
1974 4401 2034 4456 Ni

2084 4404 2263 4469 tirum,
2289 4414 2347 4458 ut
2375 4404 2529 4458 Anna
2557 4405 2832 4459 Comuena
2853 4401 3380 4472 orphanotropbium
3407 4398 3683 4455 Cl’tanum

434 4491 691 4548 describit
718 4491 856 4561 (59),
891 4492 1068 4545 inerat
1099 4491 1396 4547 litterarius
1430 4491 1610 4560 ludus,
1643 4491 1696 4546 in
1730 4507 1836 4562 quo
1870 4491 2174 4556 disciplinis
2212 4492 2489 4556 omnibus,
2518 4493 2881 4562 omnibusque
2937 4491 3199 4547 doctrina:
3230 4489 3472 4558 partibus
3525 4486 3688 4554 juve-

434 4599 528 4638 nes
556 4581 982 4635 instituebantur
1013 4599 1028 4647 ;
1063 4581 1457 4651 alebanturque
1481 4597 1604 4636 cum
1633 4581 1914 4651 discipulis
1943 4581 2208 4651 magistri,
2241 4591 2298 4635 ut
2330 4581 2573 4637 Zonaras
2607 4583 2719 4652 (40)
2753 4597 2970 4652 quoque
2995 4580 3288 4650 significat.
3323 4579 3464 4646 Quin
3495 4591 3558 4632 ex
3602 4577 3688 4629 Itis

435 4670 707 4740 magistris
732 4685 900 4722 unutn
935 4669 1283 4724 Theodorum
1311 4680 1559 4724 nostrum
1590 4669 1863 4725 facimus?
1899 4668 2155 4726 Scholam
2185 4672 2390 4728 rexisse
2420 4673 2660 4728 indicare
2685 4673 2754 4728 de
2792 4689 2851 4730 se
2901 4673 3016 4741 ipse
3050 4674 3260 4728 videtur
3322 4671 3388 4724 ad
3439 4669 3685 4724 Lizicutu

434 4760 676 4812 scribens
700 4755 836 4824 (ll),
859 4758 946 4812 ubi
975 4756 1128 4826 βῆμα
1158 4758 1285 4813 illud
1311 4773 1470 4814 suum
1491 4757 1704 4813 extollit
1725 4758 1866 4828 quod
1897 4774 2000 4814 nos
2030 4760 2274 4816 docentis
2294 4760 2606 4815 cathedram
2631 4759 2979 4832 interpretari
3015 4762 3322 4815 maluimus.
3378 4757 3573 4813 Notum
3603 4767 3689 4812 est

433 4847 578 4898 enim
616 4855 809 4913 praeter
836 4846 1259 4916 vulgatissimam
1291 4847 1440 4902 illam
1476 4846 1648 4918 partis
1677 4847 1732 4901 in
1766 4845 2011 4901 Ecclesia
2041 4849 2360 4904 excelsioris
2385 4849 2788 4919 sanctiorisque
2845 4850 3294 4920 significationem
3356 4850 3459 4902 alia
3519 4849 3689 4915 signi-

437 4934 619 4987 ficare.
649 4931 843 4987 Locum
881 4934 1094 4988 dicendi
1115 4936 1170 4989 in
1205 4936 1454 4990 concione
1476 4943 1525 4989 et
1561 4935 1736 4988 locum
1765 4933 1978 4988 dicendi
2044 4937 2099 4991 in
2126 4938 2337 5006 judicio
2363 4937 2416 4992 in
2468 4937 2839 5008 antiquiorum
2869 4937 3184 4994 Graecorum
3244 4937 3460 5006 scriptis
3509 4936 3688 4989 inter-

433 5033 680 5094 pretalus
704 5033 788 5078 est
819 5023 1071 5090 Budaeus,
1139 5025 1233 5080 sed
1290 5025 1357 5079 ad
1393 5024 1570 5079 locum
1607 5038 2008 5094 quemcumque
2059 5021 2221 5076 alium
2262 5022 2616 5078 excelsiorem
2650 5021 3024 5087 transfertur;
3094 5031 3261 5092 atque
3303 5020 3378 5074 ita
3429 5021 3690 5073 novimus

437 5112 760 5166 Manicbteos
795 5111 949 5182 βῆμα
982 5111 1287 5182 appellasse
1313 5110 1508 5167 festum
1536 5109 1679 5166 diem
1705 5126 1812 5181 quo
1839 5110 2026 5166 Manes
2050 5109 2264 5166 occisus
2291 5115 2412 5174 est;
2441 5110 2582 5178 quod
2615 5109 2828 5164 excelsa
2858 5112 2983 5166 sede
3014 5109 3213 5180 posita,
3268 5110 3334 5163 ad
3361 5124 3527 5179 quam
3588 5122 3687 5177 per

508 5287 623 5358 (27)
653 5286 716 5342 P.
755 5288 882 5343 566.
913 5356 922 5358 _

2188 5285 2302 5358 (ξύ)
2331 5285 2466 5358 god.
2499 5287 2627 5358 Vat.
2659 5286 2788 5350 256,
2821 5301 2880 5358 p.
2911 5284 3002 5348 92,
3037 5293 3091 5339 et
3118 5286 3242 5340 cod.
3275 5283 3402 5352 504,
3433 5301 3484 5354 p.
3526 5287 3570 5339 l.

510 5355 624 5424 (28)
655 5358 709 5412 In
743 5356 948 5418 Introd.

2189 5356 2305 5424 (ss)
2329 5355 2464 5411 Cod.
2495 5355 2656 5419 1578,
2692 5356 2896 5422 p.14l.

509 5424 711 5499 (9.9)}.
749 5429 841 5483 21.
925 5498 932 5499 7
1192 5495 1205 5499 _
1259 5497 1277 5499 _
1492 5497 1518 5499 ἣ
1574 5496 1590 5499 Δ

2188 5424 2300 5499 (.59)
2331 5427 2466 5499 (_Jod.
2501 5424 2625 5499 Y‘at.
2654 5427 2779 5499 245,
2807 5443 2860 5495 p.
2889 5425 2958 5480 57
2981 5434 3038 5480 et
3070 5428 3192 5483 cod.
3229 5425 3355 5491 505,
3375 5442 3430 5495 p.
3466 5426 3585 5480 154.

507 5495 611 5567 (ac
633 5498 772 5554 Bibl.
808 5498 1062 5552 bibliotlt.
1093 5512 1147 5566 p.
1179 5495 1306 5562 4:52.
1331 5496 1457 5564 stt,
1491 5496 1596 5553 346
1627 5504 1738 5553 etc.

1233 5497 1306 5562 sa.
1331 5496 1457 5564 stt,
1491 5496 1596 5553 346
1627 5504 1738 5553 etc.
2186 5495 2580 5567 (ἒῖ)1“οιιι.ι[.
2622 5513 2673 5564 ν.
2707 5498 2832 5552 675.

509 5564 623 5639 (51)
655 5569 708 5623 In
746 5564 1166 5642 Constantinum
1219 5568 1556 5642 Porpliyrog,
1608 5572 1673 5625 de
1701 5567 2004 5624 adminislr.

1444 5585 1556 5642 rog,
1608 5572 1673 5625 de
1701 5567 2004 5624 administr.
2184 5564 2299 5642 (ἕξ)
2327 5565 2482 5642 Tom.
2519 5565 2586 5642 l_l_,
2613 5577 2737 5636 post
2769 5565 3043 5642 νεεδ-88.

439 5633 566 5704 imp.
597 5633 712 5700 cap.
741 5640 832 5693 51.
1331 5633 1346 5641 ’
1405 5633 1421 5641 ’
1505 5633 1550 5642 ’⁷

1405 5633 1421 5641 ’
1505 5633 1550 5642 ’⁷
2182 5633 2299 5705 (59)
2339 5635 2501 5705 ﬁlex.
2535 5633 2628 5690 lib.
2657 5651 2746 5701 xv,
2770 5633 2986 5705 p.182.

534 5708 623 5772 3‘2)
653 5705 711 5779 lu
739 5708 1017 5764 Glossario
1035 5723 1084 5764 v.
1109 5709 1331 5779 Λίγνον.

1324 5744 1331 5764 ,
2184 5703 2300 5779 (till)
2330 5704 2460 5779 μί).
2491 5720 2614 5779 vr_tt,
2641 5703 2794 5764 nutu.
2831 5707 2923 5763 24.

535 5779 622 5847 35)
652 5778 710 5833 ι’.
741 5778 829 5832 ts.
1191 5773 1204 5779 '

1191 5773 1204 5779 '
2181 5773 2295 5846 (tt)
2327 5773 2498 5846 Epist.
2524 5776 2575 5830 δ.
