4050 6394
320 337 458 403 1097
1318 319 1341 327 ’
1740 342 1919 405 ΡΜ]

1969 343 2135 405 ATIO
3436 346 3568 411 10.8

308 466 554 526 quinque
591 455 794 525 gradus
813 456 1206 512 ascendebalur
1230 459 1619 515 celebraretur.
1653 461 1807 516 Alias
1842 463 1984 528 apud
2020 460 2271 515 Nostrum
2298 461 2452 515 sedes
2499 460 2613 515 sive
2656 470 2897 530 potestas
2920 475 3043 514 cum
3072 461 3214 529 regia
3246 469 3362 515 tum
3406 465 3571 516 eccle-

319 542 544 596 siauica
569 540 671 596 hoc
695 543 916 598 nomine
942 544 1111 599 venit.
1141 547 1318 615 Atque
1342 547 1415 601 ita
1452 548 1505 602 in
1539 548 1631 603 illa
1662 549 1918 618 inaugura

1986 550 2261 613 oratione,
2309 549 2449 619 Διχῆ
2480 552 2609 619 γὰρ,
2660 552 2857 619 inquit,
2893 550 2993 621 τῆς
3020 548 3145 603 καθ’
3179 550 3329 619 ἡμᾶς
3351 549 3572 621 ἀπάσης

309 630 653 701 διῃρημένης
674 631 855 701 ἀρχῆς
880 633 977 686 καὶ
1004 632 1131 686 δυσὶ
1157 635 1729 709 συνδιανενεμημένης
1757 640 1869 700 τοῖς
1900 640 2127 710 βήμασι,
2166 641 2245 711 τῷ
2279 643 2563 711 ἱερατικῷ,
2606 644 2771 710 φημὶ,
2804 643 2898 695 καὶ
2923 640 3194 712 βασιλικῷ
3222 659 3237 674 ο
3271 651 3323 696 et
3348 642 3400 696 in
3429 653 3571 698 orat.

310 717 381 771 ad
417 718 669 771 Alexium
692 718 1007 773 Aristenum
1036 721 1219 777 eidem
1249 722 1629 794 nomopliylaei
1661 734 1717 781 et
1746 727 1909 795 orpha

310 804 471 856 τικὸν
493 803 669 873 βῆμα.

1972 731 2193 797 )tropho
2227 730 2419 784 tribuit
2454 729 2515 780 τὸ
2545 729 2918 800 συγκλητικόν
2972 745 3032 781 τε
3066 728 3184 798 ἅμα
3250 730 3346 784 καὶ
3414 730 3571 800 ἱερα-

310 820 471 856 τικον
493 820 669 873 pinu.

388 890 644 959 Plerique
672 895 1000 947 monachum
1035 893 1202 951 fuisse
1232 895 1577 952 Theodorum
1609 908 1855 953 nostrum
1886 899 2093 957 volunt.
2122 902 2187 956 Et
2217 903 2486 973 profecto,
2524 906 2569 958 si
2598 921 2762 958 unum
2798 906 3158 972 eamdemque
3210 903 3443 958 facimus
3501 917 3566 958 ac

312 975 872 1046 Ptochoprodrnmum
906 980 1054 1034 illum
1088 983 1155 1036 de
1185 997 1291 1051 quo
1324 982 1584 1049 diximus,
1616 1000 1725 1040 non
1758 1000 2042 1054 possumus
2066 991 2211 1043 aliud
2236 1000 2493 1048 statuere.
2533 995 2588 1047 lu
2634 994 2698 1047 iis
2735 994 2876 1045 enim
2914 993 3160 1046 versibus
3212 1005 3351 1060 quos
3408 1004 3574 1058 supc-

313 1065 432 1119 rius
461 1065 817 1121 indicavimus
875 1066 926 1121 id
963 1068 1029 1121 de
1060 1082 1118 1123 se
1151 1078 1336 1135 aperte
1381 1082 1584 1137 narrat,
1628 1073 1717 1127 ubi
1747 1076 1812 1128 de
1866 1076 2102 1129 aliorum
2133 1079 2401 1145 elegantia
2440 1080 2709 1133 scribendi
2746 1079 2880 1132 dixit
2912 1096 2926 1131 :
2993 1063 3135 1146 Ἐἧὼ
3194 1079 3237 1131 δ’
3271 1079 3371 1147 οὐχ
3426 1076 3573 1130 οὕτω

316 1152 545 1222 γράφω,
577 1151 673 1205 καὶ
710 1153 822 1223 γὰρ
844 1152 1212 1224 ἀγράμματός
1243 1157 1364 1226 ειμι
1407 1159 1502 1212 καὶ
1521 1158 1639 1222 νιος
1681 1161 2021 1231 partem“):
2071 1166 2169 1217 καὶ
2203 1166 2442 1235 μοναχδς
2493 1166 2603 1219 τῶν
2652 1165 2891 1219 εὐτελῶν
2922 1166 3031 1219 τῶν
3068 1165 3236 1235 μηδὲν
3285 1182 3463 1231 κεκτη
3479 1166 3576 1232 μέ-

315 1255 449 1294 νων.
478 1239 789 1307 Congruere
818 1240 930 1295 haec
963 1241 1097 1297 satis
1122 1241 1376 1297 videntur
1402 1258 1527 1298 cum
1554 1246 1619 1299 iis
1644 1262 1764 1315 quae
1788 1249 1854 1302 ad
1884 1247 1914 1302 L

1974 1250 2116 1305 .icem
2157 1253 2350 1307 scribit
2382 1252 2518 1324 (42),
2549 1256 2617 1307 τὰ
2680 1254 2725 1306 δ’
2754 1254 3004 1324 ἡμέτερα
3038 1252 3396 1322 ἀλουτοῦμεν,
3442 1263 3573 1313 etc.,

312 1335 371 1379 et
392 1340 480 1395 ep.
536 1326 562 1378 l
619 1325 687 1379 de
742 1326 1038 1382 solitudine
1072 1342 1193 1382 sua.
1223 1327 1296 1385 Ut
1318 1330 1463 1386 enim
1498 1332 1689 1388 horum
1718 1343 1911 1405 tempm

1977 1351 2018 1389 at
2054 1338 2290 1406 scriptor
2312 1338 2526 1395 Nicetas
2553 1340 2691 1412 (.43),
2721 1341 2845 1393 δέον
2876 1341 2935 1393 ἐν
2973 1339 3163 1402 τόποις
3192 1339 3576 1408 δυσερενήτοις

315 1416 413 1466 καὶ
500 1413 727 1483 χωρίοις
825 1418 1167 1485 πανερήμοις
1227 1419 1341 1480 cok
1436 1418 1765 1487 μονάζουσιν
1822 1423 1914 1476 ἀπε

1977 1422 2097 1488 ﬁgat
2174 1425 2238 1478 τὸ
2302 1428 2594 1495 σκήνωμα.
2683 1427 2839 1494 Quod
2896 1427 2943 1481 si
2994 1427 3046 1480 in
3120 1426 3576 1494 orphanotrophio

317 1512 505 1571 postea
534 1503 690 1566 vixit,
745 1502 913 1558 fuisse
942 1503 1015 1558 ibi
1047 1505 1142 1557 καὶ
1171 1505 1521 1574 μοναζόντων
1550 1510 1643 1561 καὶ
1674 1512 1916 1581 μομαζου

1978 1508 2040 1563 Iw
2070 1510 2421 1581 καταγώγια,
2453 1513 2694 1568 Zonaras
2751 1522 2806 1567 et
2837 1513 2992 1567 Anna
3030 1513 3162 1568 locis
3214 1511 3391 1566 allatis
3437 1527 3577 1565 nar-

317 1598 466 1644 rant.
500 1590 700 1643 Contra
735 1604 885 1655 vero,
915 1590 1044 1660 quid
1073 1603 1218 1647 esset
1246 1607 1345 1647 cur
1376 1595 1678 1650 monachus
1705 1595 1775 1651 de
1804 1597 1999 1665 capillo
2042 1608 2327 1669 tantopere
2383 1611 2726 1670 quereretur,
2754 1602 2898 1670 quod
2951 1601 3128 1670 capite
3182 1599 3448 1663 fluxisset,
3512 1614 3574 1655 ut

316 1679 439 1749 ipse
464 1678 591 1734 facit
620 1680 781 1748 epist.
815 1679 879 1733 10
903 1679 1038 1747 liaut
1063 1681 1155 1749 qui
1186 1682 1451 1737 monacho
1473 1683 1612 1737 idem
1640 1687 1955 1740 conveniret
1980 1697 2250 1754 unguento
2276 1688 2627 1750 delibutus,ut
2645 1690 2807 1743 habet
2832 1688 2993 1755 epist.
3030 1689 3096 1743 15
3120 1688 3144 1741 ‘l
3168 1688 3243 1741 De
3276 1689 3575 1743 monacho-

319 1783 443 1821 rum
469 1778 689 1820 tonsura
729 1766 811 1821 his
837 1768 1171 1834 temporibus
1192 1770 1347 1824 testis
1370 1780 1454 1825 est
1480 1770 1778 1837 Cedrenus,
1806 1774 1901 1841 qui
1931 1774 1995 1828 de
2023 1773 2283 1831 Michaele
2313 1775 2606 1845 Calephate
2630 1790 2658 1841 a
2692 1774 2806 1829 Zoe
2833 1775 2899 1829 de
2931 1764 3162 1844 imperio
3192 1774 3404 1842 deiecto
3430 1776 3569 1829 scri-

238 1882 243 1883 ί
320 1856 422 1918 bit,
454 1855 525 1926 tv_
548 1852 626 1922 τῷ
656 1852 800 1905 κατὰ
835 1853 934 1922 τὴν
967 1854 1129 1922 νῆσον
1166 1853 1401 1925 Πρώτην
1421 1857 1779 1929 μοναστηρίῳ
1830 1858 1931 1929 τὴν
1960 1861 2236 1932 κοσμικὴν
2279 1861 2621 1932 ἀποθέμενος
2682 1862 2842 1932 τρίχα
2873 1862 2963 1915 τδν
3025 1861 3215 1913 λοιπὸν
3276 1862 3377 1930 τῆς
3430 1863 3577 1931 ζωῆς

317 1942 543 2012 διήνυσε
571 1942 785 2012 χρόνον.
822 1940 886 1995 In
926 1940 1118 1998 imula:
1144 1946 1332 1999 Protea
1360 1948 1678 2001 monasterio
1706 1948 2032 2001 mundanum
2055 1948 2610 2015 deponens-capillum,
2637 1948 2891 2019 reliquam
2920 1950 3079 2001 vitam
3104 1950 3294 2016 exegit.
3352 1947 3577 2015 Verum,

319 2045 446 2083 cum
478 2044 618 2083 nunc
641 2044 855 2099 quoque
882 2028 1099 2084 Graecos
1125 2037 1422 2085 monachos
1453 2033 1732 2087 videamus
1752 2035 1947 2103 capillo
1979 2035 2256 2104 aliquanto
2288 2036 2531 2104 longiore
2563 2037 2661 2097 uti,
2682 2045 2733 2087 et
2761 2050 2883 2089 cum
2908 2038 3047 2102 apud
3080 2033 3323 2096 Latinos,
3382 2051 3488 2086 nun
3527 2035 3577 2087 id

320 2116 504 2172 facere
530 2118 954 2172 ecclesiasticam
987 2128 1287 2184 tonsuram,
1318 2129 1377 2173 ut
1408 2121 1588 2176 crines
1625 2124 1903 2176 resecandi
1944 2128 2165 2177 omnino
2196 2124 2308 2177 sint
2352 2137 2365 2174 :
2404 2139 2517 2176 rem
2573 2124 2729 2192 plane
2752 2126 2892 2191 apud
2923 2136 3007 2177 me
3073 2126 3405 2178 constituere
3462 2138 3570 2175 non

322 2218 548 2273 possum
582 2221 598 2268 ;
628 2204 759 2268 etsi,
796 2214 855 2259 ut
879 2221 1061 2260 verum
1093 2205 1288 2272 fatear,
1328 2207 1381 2261 in
1405 2224 1523 2261 eam
1580 2221 1784 2276 partem
1817 2208 2042 2264 inclinat
2100 2211 2337 2273 animus,
2382 2225 2501 2279 qua:
2558 2211 2727 2279 ponit,
2764 2224 2791 2261 a
2848 2208 3351 2280 Pt0ch0prodromo
3394 2202 3489 2279 qui
3520 2224 3580 2263 se

320 2293 486 2346 etiam
518 2290 845 2347 llilariouem
881 2294 1181 2348 monastico
1221 2294 1435 2348 nomine
1469 2305 1642 2357 vocat,
1680 2295 1847 2349 fuisse
1877 2296 2233 2351 Prodromum
2264 2308 2507 2352 nostrum
2543 2297 2839 2351 diversum.

400 2378 599 2431 Versus
628 2377 826 2446 quibus
868 2379 917 2432 in
942 2378 1169 2432 Baream
1194 2378 1310 2433 sive
1340 2377 1516 2451 Baryn
1548 2379 1813 2447 scribens,
1849 2380 2164 2450 parentibus
2194 2396 2252 2435 se
2284 2389 2459 2435 ortum
2490 2379 2672 2450 probis
2704 2387 2890 2434 narrat
2919 2380 3252 2450 optimisque
3276 2379 3581 2448 disciplinis

324 2469 659 2521 instructum
693 2477 746 2521 et
775 2467 843 2523 de
873 2469 1137 2524 avunculo
1165 2469 1415 2539 episcopo
1449 2472 1703 2539 loquitur,
1738 2470 1823 2524 alii
1847 2486 1895 2526 rt
1924 2470 2225 2527 Fabricius.
2258 2468 2448 2521 Mirum
2505 2477 2588 2523 est
2614 2467 2919 2537 Koeuigium
2983 2470 3338 2524 Prodromum
3401 2471 3578 2540 ipsum

325 2542 571 2610 nostrum
600 2560 913 2626 episcopum
946 2557 1123 2611 facere
1148 2557 1351 2629 Cotyazi
1384 2560 1433 2612 in
1458 2558 1692 2630 Phrygia
1728 2576 1742 2627 ;
1774 2569 1829 2614 et
1861 2558 2102 2614 scribere
2146 2556 2405 2611 eumdem
2470 2555 2717 2609 floruisse
2778 2556 3030 2618 saaculotv
3063 2574 3078 2622 ;
3137 2555 3418 2609 Fabricius
3469 2572 3578 2625 quo

324 2652 547 2698 auctore
580 2645 662 2697 vel
697 2652 834 2698 teste
868 2644 919 2698 id
950 2644 1034 2697 ille
1058 2646 1278 2711 dixerit,
1312 2645 1509 2699 fatetur
1568 2662 1628 2701 se
1660 2648 1938 2714 ignorate.
1961 2644 2217 2699 Arbitror
2246 2653 2423 2696 tamen
2455 2643 2507 2696 in
2536 2655 2777 2696 errorem
2804 2643 3081 2697 inductum
3119 2659 3148 2697 a
3200 2643 3327 2713 Cyri
3366 2648 3585 2697 nomine

324 2733 475 2801 quod
510 2730 755 2785 nonnulli
790 2732 837 2785 ei
878 2732 1201 2797 tribuerunt,
1231 2735 1378 2803 quod
1410 2735 1659 2804 legerunt
1692 2734 1863 2804 κύρου
1897 2734 1923 2786 ε

1983 2732 2177 2802 οδὼρου
2207 2730 2304 2783 τοῦ
2344 2730 2702 2801 Πρυδρὸμου;
2737 2732 2946 2800 Cyrum
2978 2747 3107 2786 vero
3138 2732 3287 2788 illum
3314 2733 3582 2787 celebrem

323 2823 427 2875 sub
452 2817 758 2873 Theodosio
782 2819 997 2889 iuniore
1020 2822 1147 2873 olim
1178 2819 1365 2877 CPolis
1392 2821 1735 2890 prtefectum,
1769 2831 1953 2889 postea
1982 2822 2385 2890 Smyrnaeorum
2416 2821 2730 2890 episcopum
2756 2831 2883 2876 sunt
2911 2823 3001 2891 qui
3032 2821 3235 2891 Cotyasi
3267 2822 3591 2889 episcopum

332 2909 505 2964 fuisse
536 2908 742 2971 volunt,
781 2920 840 2965 ut
875 2910 1141 2964 Baronius
1172 2910 1286 2981 (44)
1319 2911 1507 2966 tradit.
1535 2912 2007 2979 Supervacaneum
2041 2924 2172 2963 vero
2194 2918 2279 2963 est
2307 2910 2601 2966 admouere
2631 2910 2803 2980 κύρου
2835 2924 2932 2980 pro
2986 2909 3177 2978 κυρίου
3228 2910 3434 2963 dixisse
3464 2926 3580 2962 ma-

326 2997 473 3050 xinie
501 2997 599 3050 aevi
629 2996 902 3065 sequioris
940 2995 1183 3062 Graecos,
1240 2998 1481 3069 adeoque
1515 2999 1726 3053 titulum
1754 2994 1978 3052 honoris
2010 3011 2133 3052 esse
2196 2997 2347 3061 illud,
2380 3013 2481 3051 non
2547 3012 2742 3053 nomen
2803 2999 2856 3051 in
2897 2999 3183 3053 Theodoro
3235 3007 3447 3059 nostro,
3503 2999 3581 3050 uti

328 3084 962 3152 animadverteruntjam
991 3085 1170 3151 tntilli,
1211 3083 1489 3149 Barthius,
1519 3086 1864 3146 Gaulminus,
1897 3083 2202 3149 Fabricius,
2235 3094 2343 3140 etc.
2401 3086 2669 3139 Caeterum
2731 3095 2863 3138 tetas
2923 3084 3223 3147 Theodori,
3285 3094 3483 3153 prwter
3514 3101 3578 3137 ca

327 3187 452 3242 quae
479 3172 729 3241 superius
754 3172 1009 3239 diximus,
1046 3172 1402 3228 confirmatur
1434 3187 1499 3228 ex
1537 3176 1620 3229 his
1652 3173 1897 3242 epistolis
1923 3171 2127 3226 nostris
2165 3190 2179 3239 ;
2211 3187 2275 3226 ex
2304 3181 2572 3239 postrema
2606 3171 2817 3226 scilicet
2855 3187 2971 3239 quae
3007 3172 3072 3225 ad
3104 3171 3415 3242 Gregorium
3449 3172 3583 3227 scri-

328 3260 601 3326 bitur,6¢s
622 3254 758 3329 ἦλθε
783 3258 923 3329 προς
948 3259 1009 3312 τὸ
1037 3260 1226 3330 νησίον
1252 3264 1281 3313 ὁ
1303 3259 1608 3329 ariditate;
1632 3259 1789 3330 ἡμῶν
1809 3260 2078 3328 δεσπότης
2108 3259 2217 3312 ἀπὸ
2241 3260 2335 3313 τοῦ
2363 3260 2760 3329 πατριαρχείου
2790 3259 3156 3329 ἀρρωστήσας
3184 3261 3276 3311 καὶ
3301 3276 3581 3329 παραιτη-

333 3347 571 3417 σάμενος
591 3365 604 3379 ·
632 3348 846 3417 quando
873 3351 942 3401 ad
971 3348 1204 3403 insulam
1228 3351 1360 3403 venit
1382 3349 1741 3403 sanctissimus
1774 3348 2019 3402 dominus
2042 3358 2218 3401 noster
2249 3365 2276 3403 ι
2304 3348 2675 3416 patriarchatu
2704 3356 2818 3414 post
2840 3346 3079 3400 morbum
3101 3356 3149 3400 et
3172 3346 3579 3400 abdicationem.

333 3433 506 3490 heluo
535 3435 623 3490 hic
651 3450 758 3490 non
783 3444 1041 3505 agnoscet
1066 3434 1381 3491 Michaelem
1410 3434 1475 3499 ll,
1501 3435 1716 3490 Oxitem
1741 3436 1967 3501 dictum,
1995 3436 2086 3504 qui
2118 3450 2242 3489 cum
2313 3450 2402 3488 an.
2440 3436 2578 3490 “45
2636 3436 2799 3487 Leoni
2856 3436 3153 3504 Styppiota:
3198 3435 3578 3498 successisset,

338 3532 462 3592 post
486 3537 659 3577 annos
691 3522 830 3577 duos
858 3537 1177 3591 mensesque
1205 3530 1330 3578 octo
1363 3538 1500 3594 quos
1527 3523 1645 3592 ejus
1669 3522 1781 3578 sedi
1810 3521 2088 3593 Philippus
2110 3523 2341 3595 Cyprius
2365 3535 2527 3593 atque
2557 3538 2744 3582 omnes
2769 3524 2855 3578 alii
2896 3524 3327 3597 patriarcharum
3356 3523 3582 3590 catalogi

331 3612 603 3677 tribuunt,
624 3624 682 3665 se
703 3610 1076 3679 patriarchatu
1108 3610 1400 3676 abdicavit,
1424 3622 1482 3665 ut
1500 3610 1714 3664 Nicetas
1736 3610 1850 3680 (45)
1881 3620 1935 3665 et
1957 3612 2253 3667 Cinnamus
2277 3610 2388 3682 (46)
2416 3611 2680 3666 scribunt.
2705 3611 2880 3680 Atque
2901 3611 3028 3665 hinc
3056 3613 3406 3665 confirmatur
3440 3610 3586 3676 quod

330 3712 451 3755 erat
480 3716 547 3755 ex
581 3700 703 3754 aliis
760 3699 1128 3752 monumentis
1154 3699 1512 3753 constitutum
1541 3715 1569 3753 a
1622 3699 1799 3763 nobis,
1836 3699 2083 3754 ﬂoruisse
2109 3698 2467 3753 Prodromum
2498 3712 2689 3768 usque
2712 3698 2779 3751 ad
2809 3714 2894 3752 an.
2931 3698 3068 3751 1145
3096 3714 3112 3763 ;
3168 3696 3366 3751 addere
3418 3694 3583 3748 etiam

335 3801 626 3856 possumus
653 3802 745 3842 an.
780 3785 936 3841 1146.
972 3785 1095 3840 Haec
1124 3784 1336 3855 longius
1367 3786 1595 3840 fortasse
1621 3786 1689 3840 de
1724 3787 1991 3854 scriptore
2025 3795 2235 3852 nostro,
2271 3789 2337 3841 de
2362 3802 2469 3856 quo
2499 3796 2625 3843 sunt
2652 3786 2823 3841 ferme
2878 3787 3059 3839 omnia
3091 3794 3148 3838 ut
3173 3784 3322 3838 vides
3384 3784 3587 3837 obscu-

332 3875 551 3928 rissima
581 3888 722 3940 ;nec
752 3884 931 3927 tamen
956 3889 1055 3927 nos
1095 3873 1302 3942 aliquid
1334 3888 1439 3927 nou
1464 3875 1737 3928 illustrare
1767 3876 2037 3943 cupimus.
2106 3873 2258 3941 Quod
2290 3872 2550 3942 epistolas
2599 3880 2812 3942 spectat
2868 3880 2994 3925 sunt
3047 3870 3149 3925 illae
3206 3885 3431 3924 numero
3492 3868 3581 3932 14,

338 3978 591 4030 magnam
628 3970 836 4030 partem
870 3959 1396 4029 olliciosai,quasquc
1424 3963 1493 4015 ab
1550 3960 1671 4015 aliis
1737 3975 1989 4031 acceptas
2012 3962 2271 4031 epistolas
2326 3961 2663 4014 laudantaut
2723 3960 2937 4013 easdem
2990 3966 3250 4025 expetunt
3308 3972 3412 4010 non
3468 3958 3587 4010 sine

336 4050 519 4118 aliqua
556 4046 980 4101 intermissionis
1009 4062 1195 4100 earum
1226 4048 1468 4115 querela.
1506 4048 1822 4115 Eloquentia
1866 4060 2042 4103 tamen
2079 4048 2312 4102 hominis
2342 4055 2520 4100 exstat
2549 4046 2707 4112 plane
2761 4045 3072 4111 singularis,
3120 4058 3241 4110 quae
3310 4046 3359 4095 in
3391 4045 3583 4097 eodem

337 4143 659 4204 argumento
691 4148 866 4201 eoque
897 4132 1104 4200 vulgari
1132 4133 1293 4187 habet
1327 4134 1684 4188 nihilominus
1713 4150 1930 4205 semper
1959 4134 2160 4203 aliquid
2194 4134 2339 4202 quod
2406 4133 2666 4187 delectat.
2702 4132 2931 4185 Morosis
2986 4131 3286 4198 praesertim
3344 4130 3588 4183 homini-

338 4228 439 4275 bus
462 4223 550 4291 qui
584 4236 751 4292 genus
783 4220 911 4273 illud
942 4218 1225 4274 fastidierit
1260 4220 1620 4275 redundantis
1670 4230 1726 4273 et
1776 4223 1930 4288 quasi
1964 4221 2294 4275 lascivientis
2355 4222 2640 4283 orationis,
2701 4220 3058 4287 reputandum
3115 4226 3219 4280 est,
3270 4232 3375 4270 non
3433 4218 3589 4270 aliter

336 4311 576 4364 scribere
603 4313 702 4363 hoc
738 4319 983 4376 tempore
1014 4308 1366 4361 consuevisse
1423 4308 1514 4375 qui
1558 4308 1699 4377 apud
1736 4306 1955 4362 Graecos
2009 4307 2311 4362 doctissimi
2353 4317 2516 4377 atque
2550 4305 2978 4375 eloquentissimi
3054 4304 3414 4365 habebantur,
3477 4304 3588 4354 imo

338 4399 625 4451 historicos
652 4396 818 4465 ipsos,
854 4404 912 4447 ut
933 4409 999 4448 ex
1030 4392 1244 4455 Niceta,
1279 4394 1430 4445 Anna
1452 4392 1731 4448 Comm-na
1762 4394 1994 4463 aliisque
2029 4404 2263 4450 constat.
2296 4394 2479 4448 Restat
2528 4404 2587 4447 ut
2620 4394 2687 4448 de
2718 4394 3163 4461 interpretatione
3214 4405 3333 4443 mea
3387 4390 3583 4442 dicam.

338 4483 406 4536 Et
434 4485 664 4552 primum
713 4497 811 4537 cur
849 4480 1034 4534 ltalice
1064 4486 1281 4534 vertere
1306 4481 1402 4533 has
1428 4479 1710 4534 Prodromi
1745 4482 1956 4536 litteras
1984 4483 2266 4536 maluerim
2295 4481 2316 4534 ‘i
2344 4481 2537 4535 Verum
2566 4481 2668 4533 hoc
2726 4494 2791 4532 ex
2839 4494 2922 4531 me
2977 4479 3067 4546 qui
3141 4476 3584 4530 molestissimum

353 4571 457 4624 hoc
490 4570 1021 4635 tricusissitnuinque
1050 4567 1443 4633 interpretandi
1475 4568 1752 4637 negotium
1787 4569 2081 4636 aliquando
2138 4578 2516 4637 susceperunt,
2552 4583 2645 4622 eos
2698 4566 3022 4636 quaesituros
3081 4581 3184 4618 non
3250 4575 3399 4633 puto.
3445 4563 3589 4619 Satis

336 4659 480 4711 enim
504 4669 707 4711 norunt
738 4667 944 4725 quanto
974 4656 1315 4710 commodius
1338 4654 1540 4711 Graecis
1574 4655 1758 4711 Italica
1790 4657 2156 4727 respondeant
2188 4673 2348 4726 quam
2380 4656 2595 4720 Latina,
2625 4655 2735 4709 Cur
2767 4655 2927 4724 igitur
2952 4655 3127 4708 minus
3164 4654 3266 4708 hoc
3298 4653 3432 4707 mihi
3471 4669 3589 4705 mo-

338 4746 513 4799 lestiae
553 4760 658 4798 non
696 4758 949 4813 caperem
981 4743 1004 4796 ?
1036 4744 1216 4797 minus
1247 4742 1410 4797 etiam
1455 4742 1777 4809 lectoribus,
1815 4759 1952 4813 quos
1986 4745 2159 4798 ferme
2194 4743 2362 4796 Italici
2420 4743 2687 4797 sermonis
2746 4759 2849 4794 nou
2905 4741 3190 4806 imperitos
3258 4741 3590 4796 obventuros

350 4830 484 4883 mihi
515 4829 824 4898 sperabam,
855 4828 1172 4882 exhiberem
1202 4826 1224 4880 ‘2
1258 4825 1451 4881 Postea
1482 4836 1662 4881 tamen
1696 4842 1820 4880 cum
1851 4842 2036 4884 essent
2070 4830 2161 4899 qui
2204 4828 2453 4885 Latinam
2514 4830 3010 4899 interpretationem
3067 4827 3393 4896 ﬂagitarent,
3420 4838 3587 4881 totum

341 4914 395 4968 id
430 4915 643 4984 negotii
663 4915 839 4967 amico
861 4914 1004 4976 dedi,
1044 4915 1135 4982 qui
1171 4923 1412 4968 nostram
1443 4929 1567 4968 cum
1589 4913 1838 4975 vidisset,
1866 4930 1896 4969 e
1918 4915 2126 4972 Graecis
2163 4928 2341 4971 tamen
2374 4933 2525 4972 suam
2554 4918 2870 4973 adornavit.
2909 4917 3097 4986 Itaque
3133 4917 3179 4970 si
3240 4916 3359 4970 haec
3390 4914 3587 4968 alicubi

339 5003 615 5068 discrepat
651 5018 679 5054 a
721 5015 860 5066 mea,
896 5017 1001 5053 non
1040 5015 1254 5064 recuso,
1288 5002 1583 5070 quominus
1621 5001 1701 5055 illi
1730 5003 1908 5071 potius
1943 5004 2114 5058 lector
2150 5006 2353 5059 haereat
2378 5020 2540 5072 quam
2567 5019 2721 5059 mete.
2751 5003 2863 5073 Ego
2898 5006 2950 5059 in
2979 5004 3184 5058 Graecis
3208 5003 3585 5071 exprimendis

340 5089 505 5159 paulo
542 5090 775 5142 fortasse
805 5087 1029 5141 liberius
1062 5098 1311 5143 versatus
1332 5104 1474 5142 sum.
1508 5088 1766 5142 Nolebam
1799 5092 1944 5143 enim
1970 5091 2156 5144 Italica
2194 5092 2463 5161 legentem
2500 5107 2605 5145 non
2642 5102 2749 5146 tam
2787 5092 2971 5147 ltuIiCn
3006 5094 3166 5144 verba
3203 5104 3258 5144 et
3280 5106 3589 5144 sermonem

343 5185 585 5230 nostrum
618 5175 863 5228 invenire
898 5191 1058 5243 quam
1090 5174 1338 5230 Graecum
1363 5191 1457 5230 seu
1490 5178 1801 5231 barbarum.
1835 5178 1938 5230 Sed
1973 5188 2029 5231 ut
2060 5181 2109 5231 in
2142 5180 2361 5232 caeteris
2398 5182 2475 5231 ita
2504 5179 2590 5233 hic
2623 5180 2796 5233 multo
2854 5180 3024 5246 magis
3061 5192 3157 5232 sua
3210 5178 3413 5246 cuique
3444 5176 3583 5229 ratio

343 5276 399 5316 et
425 5264 714 5317 consilium
730 5263 929 5332 placet.
950 5262 1019 5316 Ut
1044 5261 1444 5353 Gi~a2ca.darem
1479 5264 1806 5318 correctiora
1839 5265 1904 5317 ad
1928 5264 2107 5319 Vatic.
2140 5269 2261 5319 cod.
2295 5265 2494 5331 ερον,
2527 5281 2687 5336 quem
2720 5270 2970 5335 superius
3010 5264 3295 5333 descripsi,
3331 5263 3547 5329 confugi
3575 5280 3590 5318 :

341 5350 525 5404 attulit
548 5350 713 5404 etiam
744 5364 900 5417 opem
919 5349 1157 5418 aliquam
1191 5349 1252 5405 iu’
1275 5351 1548 5405 nonnullis
1569 5366 1684 5420 qua:
1713 5353 2025 5405 continebat
2052 5353 2291 5421 ejusdem
2331 5354 2448 5409 Vat.
2486 5356 2614 5409 bibl.
2639 5354 2771 5408 Cod.
2805 5354 3240 5407 Othobonianus.
3276 5351 3332 5405 ln
3371 5352 3592 5404 varian-

346 5438 486 5494 tibus
543 5437 871 5497 lectionibus
921 5437 1245 5496 exhibendis
1283 5442 1393 5495 sive
1423 5438 1775 5495 emendandis
1793 5442 1993 5494 nostris
2010 5443 2241 5509 primum
2272 5440 2505 5495 iudicavi
2533 5445 2710 5498 littera
2728 5442 2768 5496 G
2788 5442 2902 5497 sive
2924 5439 3193 5510 euutCod.
3223 5438 3342 5495 Vat.
3366 5437 3592 5510 przecis:

416 5596 531 5667 (ιε)
565 5594 741 5669 Epist
773 5596 861 5669 4ο,

2096 5606 2205 5669 (15)
2237 5605 2351 5658 Lib.
2390 5619 2445 5659 ll.
2484 5616 2629 5655 num.
2667 5601 2716 5656 5.

418 5665 533 5743 με)
562 5667 618 5743 lu
648 5665 1016 5743 Mati._Contn.
1046 5668 1140 5723 lib.
1181 5685 1278 5734 vn,
1314 5685 1465 5727 nunt.
1501 5672 1556 5725 ‘2.

977 5684 1016 5721 ι.
1046 5668 1140 5723 lib.
1181 5685 1278 5734 vn,
1314 5685 1465 5727 nunt.
1501 5672 1556 5725 ἓ.
2098 5665 2207 5743 (id)
2238 5676 2352 5726 Lib.
2383 5690 2441 5733 tt,
2472 5682 2576 5725 (κιρ.

419 5739 530 5807 (44)
558 5738 638 5788 Ad
671 5752 763 5788 an.
796 5737 922 5791 446.
1484 5766 1485 5769 η

663 5832 939 5891 Parant.
975 5833 1089 5895 Gn.
1127 5833 1472 5897 CXXXI“.
3203 5838 3278 5896 35
