4050 6416
483 376 624 442 1099
1533 369 1753 432 CARD.
1799 369 1973 431 ANG.
2015 370 2082 430 M.

2142 370 2154 430 l
2205 369 2634 436 PnuFATto.
3604 365 3741 434 “00

481 491 774 568 appellavi,
801 490 1034 546 alterum
1075 487 1120 552 0
1150 488 1203 544 id
1229 495 1311 544 est
1337 483 1803 542 Otltobonianum.
1843 486 2121 541 Admoneo
2152 495 2334 544 tamen
2367 491 2626 545 nonnulla
2698 488 2874 543 adhuc
2905 488 3073 543 videri
3129 493 3384 557 corrupta
3438 487 3498 544 in
3545 485 3742 544 Graeco

485 593 660 647 textu,
697 593 818 652 quae
842 593 909 634 ex
948 577 1229 634 codicibus
1263 575 1467 631 nostris
1500 575 1712 630 restitui
1737 573 1848 629 ullo
1868 574 2027 629 modo
2043 583 2332 642 potuerunt
2362 588 2415 633 et
2445 592 2508 633 ex
2538 578 2859 646 conjectura
2885 577 3001 644 ipse
3023 589 3142 630 mea
3170 590 3288 630 sum
3311 571 3740 644 interpretatus";

485 671 541 725 in
571 669 692 724 aliis
722 669 886 722 etiam
919 680 1040 736 quae
1069 672 1198 721 sunt
1232 664 1443 734 integra
1468 677 1574 717 non
1628 673 1938 718 assecutum
2003 676 2088 716 me
2118 664 2657 733 scriptorem‘meum
2707 662 3029 734 aliquando,
3086 663 3276 717 credo.
3336 661 3444 717 Sed
3475 662 3738 716 nimirum

484 763 733 828 ignoscet
764 755 868 810 hoc
903 755 1034 808 mihi
1067 753 1162 824 qui
1193 753 1563 808 recentiorum
1594 751 1910 807 Graecorum
1943 751 2092 818 libri,
2121 752 2278 806 novis
2315 765 2462 821 saepe
2496 751 2722 807 vocibus
2749 750 2986 820 aspersi,
3044 748 3333 817 exemplis,
3368 749 3534 816 locis,
3595 748 3743 803 allu-

481 845 732 901 sionibus
756 856 893 913 quas
914 840 1215 911 appellant,
1241 839 1480 910 aliisque
1506 839 1815 910 huiusmodi
1842 837 2050 908 referti,
2081 853 2242 908 quam
2265 839 2373 894 sint
2396 839 2615 895 obscuri
2668 853 2776 894 non
2834 838 3086 909 ignorant
3113 853 3130 903 ;
3170 835 3252 891 vel
3307 837 3472 891 etiam
3513 837 3744 896 credens

481 931 773 988 sﬂirmanti
831 929 1159 985 festinanter
1180 928 1318 996 haec,
1365 927 1597 998 aliisque
1619 928 1972 994 distractum,
2001 928 2456 999 occupationibus
2477 927 2687 984 scilicet
2711 941 2834 997 qua;
2863 925 3108 982 muneris
3159 924 3266 980 mei
3291 934 3439 991 sunt,
3487 924 3653 981 veluti
3677 925 3742 977 iv

481 1017 724 1093 παρώδῳ
753 1018 1058 1090 scripsisse.

483 1201 3730 1246 Μ

1364 1382 1789 1501 CARD.
1921 1379 2483 1501 ANGELO
2610 1382 2869 1500 MAI

1807 1621 2388 1716 MONITUM

1053 1814 1500 1882 ’THEODORI
1546 1811 2068 1879 POEMATIBUS
2108 1811 2214 1874 AB
2251 1811 2360 1874 ΕΟ
2406 1809 2652 1876 EDlTIE

1590 1811 2068 1878 'OEMATIBUS
2108 1811 2214 1874 AB
2251 1811 2360 1874 EO
2406 1809 2674 1876 EDITIS
2721 1809 3189 1882 PBJEFIXUM.

1676 1978 1938 2045 (Biblioth.
1973 1991 2091 2030 nor.
2131 1977 2232 2029 PP.
2275 1983 2398 2030 tom.
2434 1977 2547 2042 Vl.)

539 2265 622 2319 De
656 2262 925 2319 Theodoro
961 2259 1259 2316 Prodromo
1285 2260 1502 2331 ejusque
1523 2259 1736 2329 scriptis
1786 2257 2030 2325 plurimis
2063 2266 2172 2310 tum
2222 2256 2378 2311 editis
2438 2266 2549 2311 tum
2579 2255 2794 2311 ineditis
2839 2264 3090 2311 accurate
3121 2255 3375 2312 disseruit
3407 2257 3636 2311 Allatius
3677 2260 3742 2312 in

466 2359 724 2427 diatriba,
764 2375 820 2414 n.
878 2354 969 2414 CX
989 2353 1081 2413 VI.
1138 2355 1499 2417 Cumautem
1549 2353 1732 2409 multa:
1760 2352 1908 2407 illius
1957 2351 2350 2408 lucubrationes
2400 2352 2580 2410 codice
2653 2351 2913 2407 Vaticano
2967 2353 3076 2409 305
3135 2354 3532 2420 contineantur,
3586 2356 3740 2428 isque

465 2454 631 2508 codex
680 2449 1036 2520 superioribus
1071 2448 1226 2503 annis
1267 2445 1510 2503 Parisios
1547 2443 1840 2501 translatus
1882 2443 2095 2514 fuisset,
2147 2444 2329 2501 oblata
2360 2447 2465 2516 fuit
2499 2446 2708 2502 occasio
2763 2444 3166 2501 studiosissimis
3220 2445 3390 2504 Gallis
3428 2452 3493 2504 de
3541 2466 3600 2506 eo
3631 2469 3736 2507 ms.

465 2551 631 2604 latius
683 2548 976 2603 disserendi
1006 2549 1064 2603 in
1111 2544 1466 2602 uoluminibus
1502 2540 1980 2611 Escerptorumetc
2037 2557 2165 2598 mss.
2221 2543 2380 2615 regite
2437 2543 2789 2598 bibliothecae.
2847 2542 3169 2609 Quinetiam
3203 2544 3345 2599 a'cl.
3402 2525 3738 2601 Boissonado

463 2637 666 2693 Auecd.
723 2635 818 2691 Gr.
862 2634 928 2693 T.
967 2633 1072 2700 ιν,
1131 2653 1186 2706 p.
1215 2633 1343 2698 4&0,
1369 2633 1571 2689 editum
1611 2630 1896 2687 Prodromi
1941 2647 2153 2687 carmen
2185 2634 2330 2688 rideo
2350 2633 2414 2689 de
2447 2632 2550 2688 SS.
2575 2632 2854 2690 Trinitate.
2901 2634 3034 2689 Item
3067 2653 3098 2690 a
3130 2637 3198 2690 cl.
3251 2633 3506 2692 Cramero
3533 2637 3730 2692 Anecd.

467 2728 654 2784 Paris.
691 2727 758 2783 Τ.
783 2728 812 2783 1
825 2724 888 2790 ν,
918 2744 973 2798 p.
995 2727 1126 2792 287,
1155 2741 1370 2782 carmen
1408 2725 1760 2794 epitaphicum
1797 2725 2052 2791 incipiens

2133 2725 2320 2780 νταῦθα
2350 2743 2440 2798 μοι
2474 2726 2628 2795 στάς,
2656 2737 2783 2792 etc.,
2819 2729 2959 2796 quod
2987 2731 3088 2784 etsi
3121 2729 3234 2782 illic
3269 2745 3614 2799 anonymum,
3642 2742 3732 2784 at-

467 2831 643 2877 tamen
696 2819 979 2876 Prodromi
1009 2834 1142 2885 esse,
1194 2819 1400 2872 codices
1433 2817 1602 2871 nostri
1637 2815 1850 2870 docent.
1889 2819 1960 2872 Et
2003 2817 2169 2873 codex
2197 2819 2377 2888 utique
2417 2817 2710 2874 Vaticanus
2751 2818 2858 2874 505
2901 2820 3228 2887 postliminio
3276 2823 3498 2878 Romam
3528 2825 3684 2878 rediit
3718 2840 3737 2887 ;

464 2915 558 2972 sed
603 2915 742 2969 enim
792 2929 886 2967 nos
922 2928 1028 2967 non
1053 2913 1191 2967 hunc
1244 2911 1632 2978 tantummodo,
1660 2912 1754 2966 sed
1785 2918 1834 2965 et
1863 2911 2002 2966 alios
2065 2913 2122 2966 in
2152 2913 2431 2980 pontiﬁcio
2467 2914 2779 2969 bibliotheca
2807 2916 3158 2983 spectavimus
3190 2915 3474 2972 Prodromi
3500 2919 3734 2985 codices,

461 3013 754 3096 praesertim
794 3027 913 3066 vero
944 3008 1364 3065 Ottobonianum
1413 3009 1544 3074 524,
1585 3011 1738 3077 cujus
1779 3008 2076 3064 indicatum
2105 3025 2286 3065 nouem
2307 3021 2610 3077 poematum
2643 3013 2858 3083 jamdiu
2891 3015 3227 3084 exposuimus
3279 3019 3334 3072 in
3388 3017 3534 3086 Spis.
3569 3017 3734 3073 Rom.

467 3107 529 3164 Τ.
589 3109 653 3174 ν,
690 3123 744 3178 ρ.
789 3107 915 3172 596,
951 3121 1070 3176 quae
1103 3119 1242 3160 nunc
1271 3105 1508 3158 carmina
1548 3103 1692 3172 prelo
1723 3105 1983 3159 tradenda
2015 3107 2338 3172 censuimus,
2389 3107 2514 3162 aliis
2545 3108 2748 3177 aliquot
2782 3109 2981 3162 additis
3003 3149 3019 3174 ,
3077 3125 3198 3179 quia
3232 3111 3296 3164 de
3341 3112 3522 3179 priore
3572 3127 3737 3166 recu-

461 3211 641 3269 perato
702 3199 824 3256 Vat.
869 3201 1046 3256 codice
1095 3199 1438 3265 sumpsimus,
1502 3214 1662 3266 neque
1691 3199 1915 3252 minoris
1956 3199 2269 3254 estimanda
2298 3211 2438 3256 sunt.
2478 3201 2545 3255 Et
2574 3220 2700 3257 sane
2731 3204 2964 3258 Allatius
2999 3206 3056 3258 in
3095 3205 3330 3260 diatriba
3371 3223 3425 3276 p.
3459 3207 3563 3265 185
3594 3207 3736 3261 iam-

461 3297 582 3349 bica
631 3303 680 3348 et
732 3293 948 3362 politica
998 3291 1288 3345 Prodromi
1336 3292 1574 3342 carmina
1619 3291 1684 3343 ab
1720 3293 1958 3344 acumine
2010 3291 2174 3344 etiam
2219 3304 2376 3362 atque
2417 3295 2680 3363 elegantia
2739 3298 3068 3351 commendat
3100 3314 3119 3362 ;
3150 3299 3363 3352 heroica
3418 3315 3522 3355 non
3576 3302 3729 3364 item.

459 3401 577 3458 quis
608 3402 702 3440 nos
757 3399 959 3456 quoque
997 3385 1196 3437 intacta
1237 3382 1292 3434 in
1321 3383 1499 3434 codice
1542 3379 1648 3435 505
1703 3381 2029 3450 reliquimus,
2075 3398 2276 3450 nempe,
2318 3395 2510 3452 prwter
2543 3389 2673 3449 alia,
2711 3389 2754 3455 f.
2789 3390 2850 3443 9i
2914 3390 2984 3441 ad
3035 3387 3244 3443 lrenem
3280 3390 3596 3447 Ducaznam.
3655 3393 3729 3450 Ρ.

459 3481 550 3545 93,
586 3482 656 3534 ad
712 3479 921 3534 Annam
976 3479 1101 3532 item
1147 3475 1463 3530 Ductenam.
1519 3472 1586 3527 μ’.
1636 3474 1724 3538 9‘2,
1769 3476 1890 3540 101,
1947 3475 2074 3541 125,
2116 3478 2184 3530 ad
2245 3478 2507 3532 Joannem
2546 3483 2672 3550 imp.
2723 3481 2956 3553 Denique
2992 3484 3152 3536 etiam
3193 3484 3592 3553 epithalamium
3657 3491 3729 3540 ad

466 3572 824 3642 Nicephorum
870 3568 1226 3632 Phorbenum,
1264 3583 1567 3636 quanquam
1598 3569 1806 3620 minime
1831 3569 2120 3630 heroicum.
2171 3586 2260 3624 nec
2296 3587 2394 3624 non
2422 3573 2711 3626 minutiora
2738 3574 2845 3627 alia
2876 3590 2894 3637 ;
2933 3582 2980 3628 et
3015 3577 3235 3646 denique
3262 3578 3540 3635 monodias
3565 3593 3730 3646 prose

460 3669 698 3726 oratione
733 3666 954 3733 scriptas
989 3680 1089 3718 non
1123 3677 1439 3734 magnopere
1485 3662 1636 3715 inviti
1663 3664 1961 3719 omisimus.

529 3761 656 3815 Jam
682 3777 800 3814 vero
842 3758 1154 3814 selectorum
1180 3768 1477 3824 poematum
1528 3757 1965 3826 publicandorum
2007 3760 2156 3814 nobis
2179 3760 2440 3816 hortatrix
2474 3761 2597 3832 fuit,
2634 3779 2736 3816 non
2767 3747 2874 3817 tam
2912 3761 3194 3820 Prodromi
3225 3767 3455 3837 facultas
3486 3770 3726 3838 poetica,

460 3855 560 3910 etsi
590 3852 792 3922 alloqui
820 3867 924 3906 non
952 3851 1356 3914 contemnenda,
1391 3867 1551 3920 quant
1611 3852 1818 3921 egregia
1848 3852 2080 3908 historice
2129 3855 2336 3910 utilitas
2390 3865 2547 3924 atque
2579 3859 2971 3913 incrementum.
3029 3859 3168 3915 Nam
3197 3864 3579 3918 (iamnenorum
3598 3863 3726 3920 Ale-

459 3943 560 4007 xii,
593 3952 640 3994 et
696 3943 988 4011 prwsertim
1037 3938 1285 4004 Joannis,
1319 3939 1612 3994 illustrium
1648 3943 2024 4019 imperatorum
2067 3958 2147 3996 res
2174 3953 2352 4013 gestae,
2379 3948 2621 4011 uirtutes,
2673 3959 2721 4002 et
2750 3952 3003 4020 quidquid
3038 3952 3250 4007 illorum
3295 3956 3452 4008 vitam
3487 3955 3730 4024 imperii-

458 4051 556 4104 que
603 4035 738 4089 oices
791 4034 1021 4101 respicit,
1049 4033 1204 4087 ubere
1239 4049 1368 4086 vena
1402 4034 1800 4102 depromuntur,
1854 4038 2232 4109 perspicueque
2264 4055 2353 4094 nec
2378 4039 2584 4096 insuavi
2615 4044 2822 4114 eloquia
2853 4045 3156 4100 scribuntur
3182 4062 3202 4102 ε
3235 4051 3455 4120 ideoque
3482 4049 3727 4104 Prodro-

459 4145 574 4181 mus
609 4129 745 4182 inter
775 4125 1100 4195 Byzantinos
1149 4125 1450 4188 historicos,
1486 4141 1704 4195 quorum
1739 4143 1915 4182 recens
1960 4129 2120 4184 editio
2146 4132 2200 4184 in
2252 4131 2534 4188 Germania
2583 4145 2826 4206 urgetur,
2856 4154 2958 4190 non
2989 4138 3214 4206 fortasse
3273 4143 3533 4196 immerito
3570 4159 3725 4210 repo-

457 4217 658 4270 nendus
711 4215 992 4268 uidebitur.
1040 4213 1112 4263 Ac
1143 4229 1270 4268 sane
1306 4215 1606 4279 voluissem,
1654 4217 1788 4270 sicut
1849 4216 2212 4285 Ephrtemium
2255 4232 2465 4289 poetam
2539 4227 2990 4298 chronographum
3025 4230 3204 4286 (ἔνατα
3253 4233 3411 4286 simul
3438 4232 3726 4303 Latineque

457 4307 619 4370 edidi,
670 4307 746 4360 sic
779 4316 938 4362 etiam
992 4309 1342 4365 Prodromum
1374 4309 1568 4363 Latina
1597 4321 1734 4364 veste
1767 4311 2006 4376 amicire,
2049 4316 2139 4367 sed
2197 4319 2391 4382 partim
2420 4321 2687 4387 graviores
2740 4329 3126 4392 occupationes,
3176 4327 3372 4393 partim
3435 4326 3723 4380 voluminis

459 4397 622 4451 moles
645 4399 764 4466 jam
790 4411 1132 4470 exaggerata,
1182 4418 1264 4456 me
1294 4401 1678 4456 deterruerunt.
1733 4401 2030 4471 Caeteroqui
2086 4403 2274 4462 Graeca
2321 4409 2610 4478 legentibus
2672 4415 2805 4468 satis
2845 4417 3052 4470 evidens
3081 4420 3176 4472 erit
3219 4417 3564 4479 Prodromus.
3625 4434 3721 4470 ne-

469 4491 732 4584 cientibns
781 4505 954 4548 autem
982 4512 1085 4549 non
1117 4496 1282 4552 deerit
1319 4496 1606 4567 aliquando
1641 4496 1918 4563 interpres.
1967 4495 2134 4567 Atque
2168 4501 2280 4556 haec
2313 4519 2478 4559 causa
2508 4508 2631 4575 fuit,
2669 4525 2762 4563 cur
2787 4514 3060 4581 exegeticis
3105 4530 3312 4584 quoque
3339 4514 3553 4568 seholiis
3579 4517 3722 4568 scri-

457 4582 642 4677 bendis
696 4585 1056 4677 abstinuerim,
1108 4607 1331 4660 quorum
1365 4592 1474 4644 vice
1503 4590 1740 4643 historici
1794 4589 1889 4642 alii
1943 4589 2224 4659 Byzantini
2281 4587 2550 4666 fruentur.
2613 4603 2678 4656 Et
2714 4606 2928 4674 quidem
2964 4582 3302 4676 Ephrimnius
3344 4619 3543 4677 noster,
3597 4610 3716 4677 jam

457 4674 516 4778 in
567 4677 752 4732 seriem
798 4676 1216 4748 Bysantinorum
1256 4684 1473 4768 relatus,
1507 4681 1794 4750 plurimam
1855 4679 2150 4742 Prodromo
2195 4689 2250 4743 in
2294 4695 2570 4765 utriusque
2626 4697 2962 4763 imperatoris
3012 4674 3232 4757 historia
3291 4705 3455 4756 lucem
3520 4674 3719 4769 imper-

460 4770 637 4822 tietur.
2617 4771 2640 4818 ἰ
2842 4770 2844 4772 ’
