4050 6410
477 350 620 420 11υ3

1063 469 1170 548 (ac
1205 467 1272 524 τὸ
1302 468 1473 522 αὑτό.

542 565 842 637 Μεσσηγὺς
863 562 958 618 δύο
987 564 1203 617 πόντων
1253 560 1482 633 οὐρανὸς
1526 555 1942 628 ἁμφετανύσοη,

479 663 579 717 Ὃν
603 659 705 732 μὲν
735 656 942 729 ὕπερθε
980 656 1163 727 φέρων
1189 653 1531 724 ἀπερείσιον,
1559 651 1617 704 ὃν
1643 651 1688 705 δ’
1719 648 2011 718 ὑπένερθε.

472 755 595 810 Τῶν
617 753 706 824 ἄρ’
723 750 1160 822 ἀποκριθέντων,
1201 746 1478 818 θεσπεσίῳ
1509 744 1559 798 τ’
1581 747 1663 798 ένὶ
1687 741 1930 814 φραγμῷ

473 849 578 903 Τὸν
607 847 710 918 μὲν
733 845 874 917 ἀνὴρ
905 842 1114 914 napis,
1139 843 1233 896 τὸν
1267 841 1313 895 δ’
1337 841 1535 912 ἅτερον
1569 837 1690 892 οὑτι
1725 855 1813 892 πω
1847 836 2025 907 ῐδμεν.

471 965 579 1030 Εἰς
606 963 698 1028 τό,
732 956 1104 1031 Ἐξαταιιέτω
1119 958 1178 1080 13‘
1181 955 1261 1080 ἔξ
1264 955 1563 1080 ὁιῖριῖάνην
1589 955 1689 1009 και
1723 953 1884 1018 ξύλα
1913 966 2051 1018 καρ-

1133 1043 1396 1098 «ascopa.

547 1149 662 1220 Τῆς
690 1147 796 1217 γῆς
822 1145 886 1199 τδ
922 1143 1085 1214 σῶμα
1143 1140 1351 1211 γυμνὸν
1381 1139 1630 1202 ἔκτισας,
1665 1137 1830 1204 Δύγε,

483 1241 626 1297 Ἀλλ’
648 1239 856 1302 ὶνδύεις
882 1236 1000 1301 νῦν,
1036 1236 1130 1289 καὶ
1161 1233 1426 1297 στολίζεις
1461 1229 1732 1300 κοσμίως,

469 1335 724 1403 Χόρτοις,
765 1330 950 1396 πόαις,
976 1329 1179 1384 ἅπαντι
1203 1324 1469 1395 καρπίμῳ
1495 1321 1660 1392 ξύλῳ,

470 1427 635 1498 Λόγῳ
662 1425 721 1480 δὲ
759 1422 945 1495 μικρῷ
966 1421 1144 1474 πάντα
1171 1416 1440 1489 κηπεύεις
1469 1415 1657 1469 τόπον.

1053 1536 1160 1601 Εις
1193 1533 1260 1587 τὸ
1294 1531 1465 1586 αὑτό.

472 1635 571 1706 Γῆ,
605 1632 752 1705 φυτὰ
785 1631 968 1686 πάντα
991 1627 1290 1699 πρόφυσον,
1307 1624 1411 1695 ἔφη
1435 1623 1586 1686 Θεός.
1605 1620 1671 1676 Ἦ
1691 1620 1735 1674 δ’
1754 1619 2054 1684 ὑπάκουσε,

473 1727 584 1781 Καὶ
613 1723 887 1781 πλάτανόν
914 1739 998 1788 τε,
1027 1718 1222 1790 κέδρον
1247 1734 1308 1770 τε
1344 1715 1514 1784 συκῆν
1547 1730 1608 1766 τε
1644 1711 1791 1781 φύετ’,
1817 1709 1955 1764 ἄλλα
1991 1725 2052 1760 τε

1759 1803 1975 1864 δένδρα,

1759 1803 1878 1855 δὲνδ
1924 1820 1975 1864 α,

483 1913 575 1966 Ἐν
603 1911 662 1964 δὲ
693 1909 846 1982 ῥόδον
871 1923 954 1972 τε,
987 1905 1172 1976 κρίνον
1207 1919 1265 1956 τε
1299 1901 1396 1956 καὶ¹
1425 1803 2049 1968 ἁνθεμόενθ’[ὑάκῗνθον,

471 2002 586 2060 Καί
619 2017 746 2071 σφιν
763 1999 806 2071 -ι-
833 1995 1264 2066 ὲνιστεφάνωτο,
1285 1991 1358 2062 ὲῷ
1385 1990 1432 2045 δ’
1461 1988 1798 2056 ὲπεγάννυτο
1839 1982 2049 2038 κάλλει.

677 2113 781 2183 Εἰς
808 2093 1072 2184 τήν-τῶν
1111 2109 1386 2179 ἀστέρων
1423 2104 1837 2177 δημιουργίαν.

544 2209 620 2266 Τὸ
635 2209 766 2282 χθὲς
797 2207 960 2280 χυτὸν
999 2204 1116 2275 φῶς
1161 2203 1404 2274 σήμερον
1439 2199 1759 2266 συνεστάλη,

471 2303 577 2358 Τὸν
599 2300 830 2374 ἡλιακὸν
858 2298 1044 2352 δίσκον
1065 2294 1224 2364 εὑρδν
1254 2292 1455 2346 οἰκίαν.

471 2396 548 2451 Τὸ
569 2393 827 2465 δεύτερον
847 2391 907 2446 δὲ
941 2389 1052 2444 τῶν
1071 2385 1165 2440 δύο
1187 2385 1621 2457 σφαιρωμάτων,

471 2491 546 2546 Τὸ
578 2488 742 2562 μέχρι
775 2484 873 2542 νῦν
897 2483 1190 2552 ἄναστρον,
1214 2479 1465 2548 ἀστέρων
1481 2474 1668 2544 γέμει.

1046 2594 1153 2658 Εἰς
1180 2589 1249 2645 τὸ
1287 2590 1449 2643 αὐτό.

496 2689 504 2695 ’
540 2693 682 2750 Γαϊά
706 2708 786 2747 τε·
821 2690 918 2745 καὶ
947 2686 1235 2758 στερέωμα
1264 2680 1505 2737 ἀκαλλέα
1524 2681 1683 2748 γέντο
1709 2677 1830 2731 κατ’
1852 2674 2048 2744 ἀρχάς,

484 2783 696 2855 ’Δγλαὰ
725 2781 776 2838 δ’
806 2777 1166 2851 ἀμφοτέροισι
1199 2774 1332 2838 Θεὸς
1366 2771 1732 2842 μετενείματο
1764 2765 1958 2834 κάλληο

474 2877 586 2948 Γῆν
615 2875 725 2948 γὰρ
745 2873 875 2945 χθὲς
903 2869 1184 2941 βοτάνῃσι,
1213 2866 1311 2919 καὶ
1335 2862 1568 2935 οὑρανδν
1593 2861 1861 2930 ἄστρασιν
1890 2857 2019 2928 ἄρτι

487 2968 723 3040 Ῥήματι
752 2965 897 3036 ἀμφὶ
921 2963 1069 3035 μόνῳ
1090 2957 1514 3014 κατεκάλλυνεν.
1545 2955 1609 3006 Ὢ
1643 2953 1785 3023 μέγα
1821 2949 2009 3022 ῥῆμαι

1200 3114 1266 3170 In
1298 3113 1459 3168 idem.

542 3217 659 3273 Duo
693 3214 835 3271 inter
865 3209 1040 3267 maria
1070 3206 1194 3264 coeli
1215 3206 1639 3274 circumquaque
1669 3198 2044 3264 suntextensi,

1676 347 2074 412 THEODORI
2116 348 2522 412 PRUDROMI

2081 470 2136 527 Α
2156 466 2260 533 Εἰς
2293 464 2411 533 τὴν
2433 463 2552 518 τῶν
2581 461 2822 532 νηκτῶν
2872 461 2967 517 καὶ
2998 460 3245 530 πτηνῶν
3274 459 3436 526 ζώων
3474 461 3743 530 γένεσιν.

3602 341 3748 409 1104

2227 559 2470 629 Ἅψυχον
2520 552 2689 612 οὖσαν
2743 555 2844 627 τὴν
2875 555 3040 626 φύσιν
3074 555 3174 626 τὴν
3209 555 3419 608 ὑδάτων

2153 649 2350 720 Ψυχὰς
2375 650 2626 703 κυΐσκειν
2661 651 2738 720 πῆ
2764 650 3105 719 ἐπιτρέπεις,
3139 649 3281 717 Λόγε
3308 665 3327 712 ;

2153 742 2238 796 Τά
2269 741 2471 812 πτηνὰ,
2512 744 2677 813 φημὶ,
2707 741 2806 796 καὶ
2844 744 2912 796 τὰ
2940 743 3116 814 νηκτὰ
3151 741 3344 812 θηρία.

2153 835 2382 901 Πάντως
2417 837 2540 891 καθ’
2573 835 2667 900 οὒς
2699 836 2764 890 σὺ
2802 825 3104 906 μυστικοὺς
3140 830 3291 897 οἶδας
3311 833 3528 903 λόγους.

2713 929 2822 993 Ek;
2845 928 2912 981 τὸ
2947 929 3117 982 αὑτό.

2228 1021 2422 1092 Νηκτὰ
2455 1023 2557 1091 μὲν
2595 1018 2656 1084 ἐξ
2691 1019 2904 1073 ὑδάτων
2932 1017 3110 1088 ὀρθῶς
3161 1019 3287 1086 ἔφυ,
3319 1018 3436 1081 τοῖς
3476 1018 3739 1072 ἐνεόνταο
3829 1021 3837 1033 ⁸

2152 1112 2344 1182 Πτηνὰ
2378 1111 2437 1164 δέ
2455 1111 2503 1163 τ’
2533 1110 2596 1176 ἐξ
2622 1110 2830 1164 ὑδάτων
2859 1108 2976 1172 πῶς
3006 1108 3098 1180 ἄρ’
3125 1107 3228 1176 ἔφυ
3257 1108 3557 1179 ὴερόφοιτα
3581 1126 3596 1173 ;

2154 1205 2264 1275 Σῆς
2282 1204 2432 1270 τάδε,
2463 1202 2718 1273 παμμέγ⁹
2758 1203 2883 1268 ἄνα,
2926 1200 3290 1271 πολυμήχανα
3319 1201 3488 1271 δήνεα
3518 1201 3744 1271 τέχνης,

2155 1297 2255 1360 '0;
2301 1299 2371 1367 ῥα
2401 1295 2497 1349 καὶ
2517 1294 2576 1359 ἐξ
2595 1293 2697 1346 οὑκ
2727 1293 2882 1356 ὄντος
2916 1293 3144 1363 ὲδείμαο
3174 1293 3382 1362 κόσμον
3413 1292 3654 1348 ἅπαντα.

2493 1386 2598 1451 Εἰς
2620 1383 2738 1450 τὴν
2767 1381 3004 1437 πλάσιν
3031 1383 3141 1438 τοῦ
3183 1381 3382 1453 Ἀδάμ.

2219 1478 2329 1548 Γῆς
2353 1479 2469 1542 υἱὸς
2512 1477 2707 1547 Ἀδὰμ,
2733 1477 2837 1547 γῆς
2865 1477 3025 1545 ἄναξ,
3059 1478 3162 1549 γῆς
3181 1479 3458 1548 ἐργάτης*

2156 1569 2230 1623 Τὸ
2259 1570 2360 1640 μὲν
2393 1567 2682 1638 πεφυκὼς,
2722 1571 2788 1622 ὲκ
2817 1568 2942 1639 χοὸς
2966 1569 3130 1641 γὰρὴ
3163 1569 3384 1634 πλάσις,

2155 1661 2230 1712 Τὸ
2249 1659 2293 1712 δ’
2322 1659 2603 1726 ἀξιωθεὶς,
2636 1658 2710 1724 ὥς
2733 1660 2871 1715 Θεοῦ
2908 1663 3033 1714 κατ’
3054 1661 3267 1729 εἰκόνα,

2158 1756 2231 1808 Τὸ
2258 1757 2315 1808 δὲ
2349 1755 2588 1827 κριθεὶς,
2623 1755 2850 1810 κόλασιν
2884 1757 3286 1827 ὲνδικωτάτην.

2717 1852 2822 1918 Εἰς
2847 1852 2916 1905 τὸ
2948 1852 3122 1906 αὐτό.

2227 1942 2326 2014 Γῆ,
2357 1942 2541 2008 πόλος,
2563 1943 2621 1997 ἑν
2647 1942 2706 1997 et
2731 1944 2898 2016 φόως,
2924 1945 3018 1998 καὶ
3036 1943 3246 2015 τείρεα,
3269 1946 3443 2015 νηκτά
3465 1963 3521 1999 τε
3543 1946 3745 2014 πάντα,

2153 2017 2342 2104 llrqu
2373 2051 2458 2101 τε,
2483 2034 2626 2100 πεζά
2653 2053 2739 2111 τε,
2773 2035 2959 2110 πάντα
2990 2033 3126 2088 Θεοῦ
3152 2035 3702 2108 φαμένοιοτελέσθη.

2152 2125 2365 2190 Μοῦνος
2405 2126 2578 2196 Ἀδὰμ
2629 2126 2948 2200 παλάμῃσιν
2976 2125 3071 2181 ὑπ’
3088 2125 3392 2200 ἀθανάτῃσι
3432 2129 3672 2200 δομήθη,

2154 2219 2357 2292 Πνοιὴν
2410 2219 2711 2290 θεσπεσίην
2738 2220 2795 2274 δὲ
2827 2221 2996 2292 γέρας
3025 2220 3189 2290 λάχεν
3221 2221 3408 2290 ἔξοχον
3435 2221 3634 2276 ἄλλων.

2495 2315 2603 2380 Εἰς
2636 2314 2752 2382 τὴν
2789 2313 2903 2382 τῆς
2926 2315 3078 2381 Εὐας
3117 2314 3374 2369 πλάσιν.

2261 2405 2458 2458 ’Υπνοῖ
2486 2405 2532 2458 δ’
2573 2407 2805 2471 ἐκεῖνος,
2836 2405 3246 2476 ἧνενέκρωται,
3269 2405 3420 2472 ξένε;

2157 2498 2256 2560 Ὃς
2279 2498 2380 2567 τὴν
2407 2497 2537 2568 ὃλην
2570 2496 2704 2566 γοῦν
2731 2497 2979 2566 πλευρὰν
3005 2498 3367 2568 ἀφῃρημένος

2150 2589 2348 2642 Κεῖται
2382 2589 2695 2653 τανυσθεὶς,
2732 2588 2844 2642 οὐδ’
2865 2589 3086 2658 ἐπέγνω
3110 2589 3170 2641 τὸ
3199 2589 3413 2660 δρᾶμα.

2151 2680 2310 2748 Σίγα,
2345 2679 2480 2744 Θεὸς
2509 2681 2705 2751 δρᾶται
2726 2681 2988 2750 γυναικὸς
3011 2681 3111 2750 τὴν
3141 2679 3360 2734 πλάσιν.

2718 2774 2823 2838 Εἰς
2857 2773 2925 2826 τὸ
2951 2775 3120 2832 αὑτό.

2167 2866 2264 2918 Ἐκ
2287 2864 2479 2934 χθονὸς
2521 2865 2694 2934 ἄνδρα
2742 2866 3000 2935 τέτευχεν
3047 2864 3222 2936 Ἀδὰμ
3255 2866 3422 2934 Θεός;
3475 2869 3508 2939 ἦ
3541 2871 3609 2941 ῥα
3647 2884 3745 2935 καὶ

3485 2957 3658 3030 [Εὕαν

2074 3160 2117 3219 C
2150 3120 2217 3176 In
2239 3120 2538 3176 natatilium
2578 3131 2623 3173 et
2644 3120 2933 3174 volatilium
2953 3120 3299 3174 animantium
3321 3119 3742 3190 productionem.

2218 3212 2350 3267 Cum
2392 3211 2627 3266 inanima
2691 3217 2760 3267 sit
2789 3227 3046 3280 aquarum
3103 3220 3316 3276 natura,
3375 3227 3630 3280 quorsum
3673 3227 3741 3264 ex

471 3309 605 3369 ιιιυά
631 3305 846 3377 quidem
873 3300 1284 3358 interminatum
1306 3309 1539 3366 superne
1559 3293 1918 3357 continentes,
1947 3291 2043 3346 hoc

2160 3305 2229 3360 eis
2255 3305 2398 3374 gigni
2453 3304 2687 3358 animata
2725 3303 3012 3374 permittis,
3054 3319 3087 3357 0
3121 3301 3351 3357 Verbum
3375 3303 3425 3373 ἳ,
3460 3301 3739 3368 Volatilia,

469 3401 705 3460 inferne.
736 3395 980 3464 Cumque
1006 3391 1191 3446 divino
1213 3389 1448 3460 quodam
1472 3394 1625 3456 septo
1673 3382 2052 3438 discriminen—

469 3503 561 3548 tur
595 3506 624 3544 a
656 3502 718 3545 se
745 3485 1001 3547 invicem,
1032 3481 1261 3537 alterum
1287 3479 1503 3550 quidem
1535 3487 1752 3533 tranant
1778 3475 2046 3537 homines,

473 3583 650 3638 altero
678 3577 838 3635 nobis
858 3575 1102 3631 nondum
1135 3573 1270 3629 satis
1298 3571 1596 3640 explorato.

473 3693 660 3748 laid:
700 3708 720 3744 ι
747 3687 1012 3745 Prodwat
1049 3694 1190 3740 terra
1239 3683 1450 3736 herbam
1495 3681 1769 3749 virentem,
1806 3687 1857 3734 et
1908 3678 2052 3748 ligna

1093 3753 1372 3826 pomifera.
1410 3769 1431 3804 δ

539 3850 728 3908 Terrae
754 3849 955 3905 nudum
986 3860 1184 3917 corpus
1214 3855 1268 3902 et
1315 3857 1540 3900 vacuum
1583 3841 1877 3898 fabricatus
1906 3853 1988 3906 es,
2020 3851 2053 3892 ο

471 3943 731 4008 Verbum,
766 3941 860 3998 sed
895 3952 1041 3996 nunc
1075 3936 1255 3993 induis
1283 3945 1336 3991 et
1359 3937 1611 3991 decenter
1656 3947 1890 3988 exornas
1932 3946 2054 4002 gra-

474 4037 731 4102 minibus,
781 4034 985 4101 herbis,
1023 4031 1280 4099 omnique
1316 4027 1584 4098 pomifero
1640 4026 1809 4096 ligno,
1842 4023 2055 4080 modico

473 4128 637 4186 verbo
661 4139 884 4195 campos
916 4137 1108 4180 omnes
1139 4121 1193 4177 in
1216 4121 1432 4175 hortum
1454 4133 1664 4175 serens.

1136 4229 1202 4287 In
1230 4230 1388 4286 idem.

539 4319 711 4384 Terra
739 4325 1057 4394 omnigenas
1082 4322 1295 4392 plantas
1321 4321 1582 4387 effundat,
1599 4321 1732 4375 dixit
1752 4319 1917 4386 Deus;
1936 4333 2056 4390 quae

473 4420 725 4477 obsecuta
767 4415 1066 4486 platanum,
1103 4415 1348 4480 cedrum,
1381 4413 1538 4468 ficum
1572 4421 1903 4480 eteterasque
1940 4425 2058 4480 pro-

2151 3393 2394 3464 inquam.
2430 3404 2485 3451 et
2513 3396 2752 3450 natatilia
2799 3396 3099 3450 animantia
3129 3415 3140 3449 :
3177 3394 3400 3450 omnino
3458 3395 3740 3462 permittis

2151 3499 2248 3554 per
2283 3499 2395 3550 eas,
2425 3501 2561 3554 quas
2594 3487 2755 3549 nosti,
2802 3487 3058 3556 myStieas
3131 3495 3185 3540 et
3209 3501 3442 3541 arcanas
3474 3487 3737 3541 rationes.

2807 3581 2872 3633 In
2904 3581 3066 3633 idem.

2225 3665 2506 3732 Natatilia,
2566 3683 2687 3737 quae
2718 3668 2769 3722 in
2800 3670 2958 3737 aquis
2994 3673 3200 3735 insunt,
3232 3672 3612 3727 convenienter
3669 3685 3737 3726 ex

2156 3758 2313 3826 aquis
2343 3770 2503 3812 enata
2543 3768 2692 3825 sunt,
2721 3760 2815 3815 sed
2847 3776 2969 3829 quae
3001 3780 3097 3834 per
3119 3780 3245 3819 aera
3284 3765 3590 3832 spatiantur
3641 3778 3739 3813 vo-

2157 3847 2356 3914 lucres,
2380 3863 2642 3916 quorsum
2695 3865 2761 3904 ex
2804 3855 2960 3921 aquis
2990 3854 3242 3909 exortae?
3277 3853 3403 3908 Haec
3448 3865 3552 3908 tua:
3613 3865 3743 3907 sunt

2156 3941 2289 3994 artis
2316 3941 2718 4009 sapientissima
2751 3946 2997 4011 consilia,
3031 3960 3192 4014 quam
3219 3946 3454 4000 maxime
3477 3945 3612 4011 Rex,
3647 3945 3738 4014 qui

2157 4030 2240 4085 vel
2270 4045 2338 4086 ex
2388 4035 2558 4090 nihilo
2598 4037 2856 4090 mundum
2889 4037 3200 4091 universum
3237 4037 3625 4092 architectatus
3655 4052 3736 4092 es.

2612 4141 2676 4197 In
2701 4144 2894 4196 Adami
2927 4145 3318 4212 formationem.

2228 4233 2409 4288 Terra:
2448 4232 2593 4288 ﬁlius
2639 4236 2835 4299 Adam,
2870 4246 3029 4290 terra:
3052 4250 3167 4300 rex,
3208 4245 3366 4291 terra:
3388 4234 3566 4290 cultor
3616 4231 3740 4290 fuit.

2156 4324 2290 4380 llluJ
2329 4326 2548 4395 quidem
2607 4333 2822 4390 natura,
2857 4342 2886 4382 e
2922 4327 3051 4384 limo
3079 4329 3224 4383 enim
3258 4337 3420 4384 terrae
3469 4327 3740 4383 formatus

2156 4421 2239 4465 est
2263 4429 2278 4477 ;
2306 4413 2428 4477 hoc,
2448 4412 2539 4466 Dei
2570 4411 2903 4483 dignatione,
2936 4423 2993 4470 ut
3020 4417 3087 4470 ad
3115 4415 3232 4485 ejus
3253 4416 3544 4486 imaginem
3577 4415 3742 4471 effor-

473 4509 630 4566 duxit
659 4510 902 4563 arbores.
932 4505 1027 4562 His
1069 4506 1206 4562 adde
1237 4519 1437 4571 rosam,
1464 4504 1654 4570 lilium,
1691 4513 1745 4558 et
1773 4504 2050 4559 ﬂorentem
2085 4489 2129 4546 ι)
2159 4512 2358 4568 matus,
2428 4505 2644 4559 tertium
2680 4504 2860 4561 divina
2889 4506 3255 4574 damnatione,
3290 4523 3450 4579 quam
3493 4508 3736 4563 meritis-

474 4603 848 4678 byaeinthum,
883 4603 1077 4673 quibus
1121 4611 1375 4659 coronata
1406 4599 1629 4656 floribus
1653 4613 1751 4654 suo
1777 4599 1952 4653 laetata
1973 4607 2056 4653 est

472 4707 691 4756 ornatu.

877 4790 946 4844 In
970 4787 1244 4844 stellarum
1271 4783 1558 4853 Opiﬁcium.

541 4885 696 4952 Quod
725 4885 843 4940 heri
896 4895 1143 4953 sparsum
1175 4888 1295 4934 erat
1319 4876 1522 4940 lumen,
1575 4873 1732 4929 hodie
1765 4873 2050 4929 collectum

469 4990 553 5035 est
574 4980 630 5035 et
650 4984 1017 5036 contractum,
1074 4971 1294 5026 invento
1323 4977 1454 5022 retas
1494 4965 1689 5021 solaris
1723 4964 2047 5020 habitacula.

471 5071 754 5127 Secundus
801 5081 929 5123 vero
969 5065 1198 5120 duorum
1265 5061 1477 5115 orbium
1543 5056 1866 5120 caelestium,
1919 5057 2049 5112 hac-

470 5175 626 5220 tenus
661 5158 930 5217 sideribus
962 5168 1182 5225 expers,
1225 5165 1370 5208 nunc
1414 5165 1599 5206 eorum
1641 5149 1806 5203 denso
1831 5148 2044 5217 agmine

466 5251 777 5308 refereltur.

1171 5333 1238 5388 In
1263 5334 1418 5387 idem.

537 5429 722 5486 Terra:
771 5437 826 5484 et
851 5427 1210 5490 firmamento,
1239 5437 1358 5492 quae
1400 5422 1464 5476 de
1495 5419 1756 5492 principio
1786 5419 2047 5476 deformia

464 5527 642 5585 erant,
675 5517 941 5572 illustrem
971 5514 1112 5568 Deus
1145 5482 1389 5580 utrisque
1420 5482 1879 5581 pulehtlitudinem
1940 5510 2042 5564 im-

464 5609 707 5676 pertivit.
733 5605 996 5662 Hesterna
1027 5605 1224 5673 quippe
1245 5603 1530 5657 herbarum
1555 5602 1909 5671 productione
1935 5610 2043 5657 ter-

465 5711 606 5762 ram,
642 5695 996 5750 ctelumnunc
1023 5699 1186 5750 astris
1215 5695 1630 5764 exornat,idque
1665 5693 1825 5748 unico
1855 5691 2042 5748 verbo.

468 5787 643 5852 Quam
671 5786 934 5853 stupenda
964 5787 1113 5844 verbi
1151 5785 1415 5842 efﬁcacia!

2156 4595 2290 4649 sima
2325 4609 2481 4665 poena
2507 4597 2690 4651 subiit.

2801 4687 2869 4743 In
2899 4689 3056 4744 idem.

2225 4775 2416 4844 Terra,
2459 4779 2634 4848 polus,
2693 4792 2955 4850 praeterea
3015 4783 3218 4849 lumen,
3274 4794 3445 4852 astra,
3495 4785 3744 4843 volucres

2154 4883 2364 4936 omnes,
2396 4873 2594 4940 pisces,
2629 4883 2685 4928 et
2721 4875 3116 4946 quadrupedis,
3164 4875 3418 4946 loquente
3448 4879 3578 4944 Deo,
3608 4894 3740 4948 per-

2152 4957 2294 5016 fecta
2317 4971 2466 5016 sunt.
2491 4961 2650 5019 Solus
2670 4964 2842 5020 Adam
2869 4967 3122 5023 manibus
3147 4968 3472 5023 immortalis
3495 4970 3586 5024 Dei
3607 4985 3740 5025 con-

2153 5049 2298 5106 ditus
2327 5051 2566 5107 divinum
2599 5053 2884 5123 Spiritum,
2912 5055 3270 5126 przecellentis
3295 5059 3470 5114 instar
3501 5058 3740 5128 denarii,

2154 5143 2379 5200 sortitus
2408 5155 2513 5202 est.

2569 5235 2634 5292 In
2674 5235 2801 5308 Eva:
2833 5238 3225 5308 formationem.

2227 5323 2306 5380 An
2336 5325 2425 5382 ille
2447 5329 2676 5398 sopitus,
2706 5345 2773 5386 an
2789 5307 2934 5388 'vero
2954 5333 3255 5388 exstinctus
3284 5343 3389 5400 est,
3431 5349 3465 5390 ο
3517 5335 3738 5406 hospes,

2151 5419 2243 5488 qui
2280 5418 2487 5489 integra
2519 5429 2666 5476 certe
2695 5431 2842 5478 costa
2863 5423 3126 5493 spoliatus
3147 5424 3294 5495 jacet
3337 5435 3611 5491 extentus,
3636 5443 3740 5482 nec

2152 5510 2282 5579 quid
2317 5509 2411 5564 ﬁat
2475 5512 2682 5568 interea
2736 5513 3133 5584 persentiscit?
3171 5515 3342 5572 Parce
3400 5519 3739 5588 percontari,

2151 5601 2294 5658 Deus
2326 5602 2568 5658 mulieris
2600 5602 2980 5661 formationem
3005 5615 3281 5674 operatur.

2826 5695 2890 5751 In
2918 5697 3077 5752 idem.

2221 5785 2357 5843 Num
2369 5785 2509 5845 Deus
2529 5787 2788 5844 Adamum
2817 5799 3011 5847 eterra
3039 5788 3309 5861 compegit
3337 5787 3690 5863 in_hominem
3708 5787 3735 5843 2
