4050 6394
332 342 473 411 1105

1195 332 1719 398 TETRASTICHA
1758 331 1843 394 IN
1881 330 2130 396 VETUS
2170 323 2767 390 TESTAMENTUM.

3458 316 3604 385 ιιοδι

332 462 470 533 οὐχὶ
498 459 665 515 θέλων
686 457 754 512 ἂν
781 414 1000 520 ἔτευξεν
1041 453 1150 510 άπὸ
1183 453 1400 524 χθονός;
1425 448 1502 505 Ἦ
1535 451 1678 521 μάλα
1733 448 1921 502 τοῦτο·
1957 452 2002 509 Δ
2032 447 2218 517 Ἔχεις
2234 444 2466 513 ἀδελφὸν
2496 442 2656 497 ἄλλον
2690 440 2823 493 ἰδεῖν
2846 434 2964 491 ἀντ’
3002 435 3168 491 Ἅϐελ

332 557 450 610 Νῦν
477 554 535 609 δέ
563 569 657 623 μιν
686 550 744 615 ἐξ
771 549 965 619 ὰνέρος
979 547 1217 615 πλευρῆς
1231 545 1457 609 πλάσεν,
1482 542 1626 613 ὄφρα
1652 541 1908 611 μιγέντες

348 644 572 716 ’Δνέρες
598 642 695 712 ἠδὲ
724 641 983 708 γυναῖκες
1003 637 1285 709 ὁμόφρονα
1316 634 1491 704 θυμὸν
1515 632 1734 702 ἔχωσιν.

655 732 762 796 Εἰς
785 726 901 796 τὴν
930 726 1037 781 τοῦ
1074 726 1264 795 ὄφεως
1292 723 1553 789 ἀπάτην.

429 824 671 893 Δαίμων,
746 819 962 890 φθόνος,
996 819 1238 886 γύναιον,
1264 815 1456 887 ἡδονῆς
1484 813 1640 880 ξύλον

352 915 773 979 Ἀπεκδύουσιν,
802 912 863 979 ἐξ
897 910 1061 981 Ἐδὲμ
1095 908 1376 977 πέμπουσί
1410 925 1501 977 με.

338 1009 499 1072 Θεὸς,
528 1007 718 1070 πόθος,
752 1003 1002 1072 γύναιον,
1031 1000 1252 1069 ἔντιμον
1277 1000 1435 1065 ξύλον

352 1096 762 1161 Ἐπενδύουσιν,
796 1094 878 1158 είς
918 1092 1081 1163 Ἑδὲμ
1110 1090 1391 1163 πέμψουσι
1422 1107 1514 1162 με.

926 1189 1035 1252 Εις
1072 1185 1141 1240 τὸ
1180 1185 1352 1239 αὐτό.

406 1277 626 1347 Τλῆμον
640 1276 768 1331 ‘Mi
777 1295 837 1348 μ,
855 1277 909 1329 τί
927 1276 1120 1329 παθὼν
1135 1277 1340 1345 γυμνὸς
1354 1278 1482 1344 περῖ⁵
1498 1273 1708 1346 δένδρεϊ
1724 1272 1923 1346 κεύθῃς

343 1368 698 1439 κλεπτοσύνῃ
736 1367 792 1437 μ’
819 1367 1098 1438 ἀπάτησεν
1130 1367 1192 1436 ἑῇ
1227 1365 1433 1436 δάμαρ,
1466 1365 1501 1435 ἥ
1530 1365 1665 1436 πόρε
1712 1365 1927 1435 καρπὸν

346 1457 638 1530 Ἐδμεναι,
667 1459 778 1513 οὐδ’
806 1458 1058 1530 ἀπίθησα
1080 1474 1093 1487 '
1132 1457 1326 1527 φαγὼν
1358 1456 1416 1510 δέ
1469 1456 1518 1523 ὲ,
1553 1455 1760 1525 γυμνὸς
1787 1456 1928 1510 ἑλεί-

1665 1548 1854 1622 [φθηνο

349 1644 580 1713 Ὄφελον
602 1641 713 1707 οἷος
749 1643 852 1696 ἐὼν
877 1643 960 1696 ἐνὶ
993 1643 1157 1713 κήπῳ
1186 1642 1323 1713 τῷδε
1347 1641 1615 1698 πολεύειν.

456 1738 564 1801 Εὶς
593 1736 710 1805 τὴν
746 1736 992 1803 ἐξορίαν
1035 1734 1136 1789 καὶ
1180 1735 1299 1801 τὴν
1330 1733 1625 1803 γέννησιν
1646 1731 1817 1788 Κάτν.

349 1874 357 1883 .
424 1827 656 1891 Βλέπεις
687 1828 780 1880 τὸν
829 1826 1035 1897 ’Δδάμ;
1069 1827 1178 1881 Καὶ
1215 1825 1420 1896 βλέπω,
1454 1826 1548 1878 καὶ
1580 1822 1826 1895 δακρύω·

361 1918 722 1973 Ἐκϐάλλεται
751 1918 859 1989 γὰρ
891 1920 988 1988 τῆς
1017 1918 1232 1988 τρυφῆς
1255 1916 1348 1970 τοῦ
1387 1916 1426 1987 -ίο
1446 1915 1675 1986 χωρίου.

349 2009 481 2062 Δέον
509 2009 566 2063 δὲ
604 2010 784 2079 μισεῖν
809 2007 904 2061 τοῦ
937 2006 1111 2062 κακοῦ
1143 2008 1243 2078 τὴν
1270 2009 1472 2073 αἰτίαν,

365 2101 426 2155 '0
448 2101 495 2155 δ’
588 2101 708 2156 ἀλλ’
740 2100 1000 2171 ἐπιγνοὺς
1030 2099 1194 2153 παῖδα
1220 2101 1394 2169 γεννᾷ
1421 2098 1514 2150 τὸν
1541 2098 1704 2153 Κάῖν.

960 2192 1066 2257 Εις
1095 2190 1161 2245 τὸ
1194 2192 1366 2246 αὑτό.

435 2272 532 2351 Ἐξ
562 2285 762 2340 άπόνου
798 2284 996 2355 βιότοιο
1018 2287 1181 2338 πόνον
1210 2284 1257 2337 τ’
1279 2284 1476 2355 ἐχέμεν
1505 2286 1598 2338 καὶ⁵
1625 2284 1795 2348 ὀϊζὺν,

355 2376 580 2446 Τλῆμον
619 2378 814 2447 Ἀδὰμ,
843 2377 1124 2446 κέκρισαι,
1151 2377 1248 2429 καὶ
1287 2377 1528 2446 τηπόνον
1554 2375 1679 2429 ἀντὶ
1710 2376 1866 2429 Θεοῖο

357 2466 534 2520 Σατάν
569 2483 629 2518 σε
659 2466 948 2536 σχεδίασσε
984 2466 1354 2536 παραίφασις,
1446 2470 1515 2538 ῥα
1545 2467 1806 2537 πιθήσας,

364 2557 563 2627 Πότμῳ
595 2556 727 2625 ἔφυς
782 2557 1052 2621 ὃπόδικος,
1085 2556 1361 2628 ἀναγκαίῃ
1395 2574 1476 2621 τε,
1516 2557 1664 2628 πόνῳ
1703 2575 1784 2611 τε.

718 2650 820 2715 Εἰς
855 2648 971 2717 τὴν
989 2648 1237 2718 σφαγὴν
1264 2649 1373 2703 τοῦ
1395 2650 1591 2703 Ἅϐελ.

416 2731 500 2804 1⁷0
532 2738 702 2807 μιαρὰ
734 2736 859 2806 χεὶρ
904 2736 1003 2789 τοῦ
1028 2738 1169 2790 Κάῖν
1216 2737 1310 2789 καὶ
1341 2738 1563 2807 καρδία,

362 2827 426 2882 Τί
451 2828 585 2899 δρᾷς
609 2829 703 2881 τὸν
732 2827 933 2895 Ἀϐελ;
976 2828 1011 2898 ἦ
1055 2827 1361 2897 φόνευσας;
1398 2829 1531 2881 Εἰπέ
1566 2845 1679 2899 μοι,

365 2984 620 3054 numquid
655 2993 709 3039 et
731 2983 897 3037 Evam
927 2992 1125 3038 eterra
1154 2983 1223 3038 de
1262 2983 1523 3038 industria
1562 2998 1669 3039 non
1705 2981 1949 3039 efﬂuxit?

363 3075 596 3130 Omnino
627 3090 779 3137 sane,
804 3090 947 3129 nunc
968 3074 1109 3128 enim
1135 3089 1254 3128 eam
1285 3088 1352 3129 ex
1380 3074 1479 3129 viri
1504 3083 1648 3129 costa
1670 3073 1945 3140 formavit,

367 3177 425 3221 ut
449 3182 553 3219 una
591 3166 861 3236 conjuncti
890 3166 1011 3229 viri,
1044 3175 1098 3220 et
1118 3164 1370 3220 mulieres
1388 3165 1709 3220 concordem
1729 3163 1947 3221 foveant

367 3260 639 3313 animum.

808 3344 875 3399 In
911 3345 1162 3415 serpentis
1192 3346 1563 3414 deceptionem.

442 3436 680 3504 Daemon,
712 3436 940 3504 invidia,
966 3434 1183 3503 mulier,
1208 3445 1263 3490 et
1290 3436 1586 3506 voluptatis
1614 3436 1818 3508 lignum
1863 3451 1948 3493 me

370 3532 688 3594 extrudunt,
723 3538 778 3583 et
826 3543 894 3582 ex
948 3529 1106 3582 horto
1138 3527 1305 3583 Edem
1364 3528 1745 3584 amoliuntur:
1804 3543 1949 3585 nunc

260 3646 263 3647 ν
374 3635 504 3674 vero
539 3618 702 3687 Deus,
748 3612 935 3688 amor,
977 3618 1189 3685 mulier,
1212 3628 1267 3673 et
1293 3619 1752 3686 pretiosissimum
1772 3619 1951 3675 crucis

373 3710 597 3780 lignum,
630 3724 717 3765 me
744 3710 1005 3779 inferunt,
1033 3721 1089 3766 et
1119 3711 1173 3764 in
1214 3710 1379 3764 Edent
1414 3709 1736 3765 immittunt.

1063 3801 1126 3858 In
1156 3803 1315 3856 idem.

447 3892 633 3949 Infelix
679 3894 869 3959 Adam,
899 3908 1005 3965 quo
1054 3901 1261 3949 terrore
1291 3891 1570 3962 perculsus
1616 3890 1668 3945 in
1697 3893 1953 3949 arboreto

377 3982 692 4037 delitescis?
734 3981 959 4036 Vufritie
993 3996 1079 4036 me
1108 3996 1203 4036 sua
1229 3980 1442 4050 decepit
1477 3995 1631 4045 uxor,
1683 3996 1803 4050 quae
1833 3980 1950 4036 fru-

377 4082 520 4128 ctum
549 4072 787 4141 porrexit
810 4071 1095 4135 edcndum,
1135 4086 1231 4124 nec
1265 4071 1415 4124 renul
1441 4086 1456 4135 ;
1493 4071 1588 4124 sed
1619 4084 1685 4124 eo
1715 4078 1956 4125 comesto

378 4166 597 4221 relictus
623 4181 740 4221 sum
761 4164 971 4219 nudus:
1007 4164 1259 4232 praeclare
1294 4175 1503 4216 mecum
1529 4172 1707 4217 actum
1732 4160 1951 4230 fuisset,

377 4257 424 4311 si
461 4255 513 4309 in
544 4253 646 4309 hoc
677 4254 834 4307 horto
865 4249 1011 4306 solus
1041 4249 1451 4305 inhabitassem.

589 4365 657 4419 In
696 4365 891 4418 Δάρηιὶ
922 4361 1191 4426 exsilium,
1218 4372 1266 4415 et
1294 4359 1450 4436 Caini
1482 4360 1731 4417 natalem.

2030 540 2100 591 Ἢ
2141 540 2249 601 πᾶς
2291 540 2318 591 ὁ
2354 538 2557 605 κόσμος
2588 535 2708 602 οὐχὶ
2744 532 2915 602 χωρεῖ
2935 530 3060 592 τοὺς
3093 530 3218 595 duo;

2620 628 2722 691 Εἰς
2746 626 2813 677 τὸ
2839 624 3013 678 αὐτό.

2111 723 2390 793 Τέσσαρες
2420 718 2563 790 ἀμφί
2595 719 2626 789 ρ
2657 716 2877 772 ἃπασαν
2908 714 3041 769 ἔσαν
3072 713 3237 785 χθόνα
3250 712 3600 785 ἐψαετῆρες.

2024 814 2198 875 Δοιοῖς
2230 810 2346 881 πὰρ
2379 809 2684 876 τοκέεσσιν,
2714 803 2961 875 ὰδελφεὼ
2988 804 3186 875 ἄρρενι
3214 802 3361 858 δοιώ.

2029 903 2142 960 Καί
2161 902 2211 974 ρ’
2244 904 2272 957 ό
2300 901 2393 956 τὸν
2422 898 2725 970 ἐξενάριξε,
2750 898 2891 952 Κάῖν
2926 895 3116 961 ’Δῦελ,
3150 890 3292 966 αἷμα
3323 893 3380 948 δὲ
3410 892 3610 964 νεκροῦ

2030 996 2244 1068 Νέρθεν
2272 994 2419 1058 άῦσ’,
2439 995 2468 1048 ὁ
2501 992 2548 1046 δ’
2567 991 2773 1046 ἄκουσε
2804 988 2960 1053 Θεὸς,
3004 987 3102 1042 καὶ
3126 986 3268 1057 τύψε
3302 986 3505 1056 φονῆα.

2382 1088 2490 1152 Ete-
2511 1085 2629 1155 τὴν
2658 1085 2988 1155 μετάθεσιν
3022 1081 3242 1151 Ἑνώχ.

2083 1180 2161 1233 Οὐ
2193 1178 2433 1251 φθαρτὸς
2466 1176 2640 1248 ’Διδὰμ
2664 1175 2723 1228 ἐν
2745 1190 2809 1243 γε
2841 1174 2909 1244 τῇ
2949 1172 3146 1244 πρώτῃ
3169 1168 3393 1237 πλάσει,

2042 1271 2209 1326 Ἀλλὰ
2232 1270 2464 1340 φθαρεὶς
2491 1268 2752 1337 τέθνηκεν
2772 1281 2789 1298 ·
2822 1261 2971 1328 οἶδας
2994 1263 3095 1317 τὸν»
3116 1260 3343 1332 τρόπον.

2044 1363 2213 1435 Ἑνὼχ
2244 1364 2301 1417 δὲ
2329 1361 2596 1422 πλασθεὶς
2622 1359 2706 1422 είς
2733 1356 2941 1429 φθορὰν
2968 1355 3070 1410 οὐκ
3096 1352 3335 1422 ἐφθάρη,

2045 1456 2189 1510 Ἀλλ’
2217 1456 2295 1519 είς
2324 1452 2405 1507 tu
2439 1453 2507 1523 ζῇ
2527 1466 2544 1484 ο
2576 1450 2877 1523 μανθάνεις
2905 1448 3009 1519 τὴν
3037 1446 3245 1500 αἰτίαν.

2635 1543 2738 1608 Είς
2770 1541 2840 1596 τὸ
2867 1540 3040 1595 αὐτό.

2105 1639 2212 1694 Τὸν
2236 1639 2346 1711 Σὴθ
2363 1636 2536 1706 ’Δδὰμ
2563 1634 2822 1704 ἕφυσσεν,
2857 1630 3026 1694 Ἐνὼς
3050 1625 3096 1683 δ’
3126 1629 3399 1701 ὲκυὴσατο
3418 1627 3617 1691 κεῖνος,

2037 1731 2222 1801 Αὐτὰρ
2259 1729 2429 1793 ’Ἑνὼς
2457 1726 2696 1791 Καϊνὰν,
2723 1727 2755 1779 δ
2776 1724 2833 1778 δὲ
2856 1721 3144 1792 Μαλελεὴλ
3164 1719 3332 1790 λάχεν
3359 1712 3474 1785 υἷα,

1967 1807 2012 1861 Β
2047 1822 2145 1885 ’ος
2184 1821 2230 1874 δ’
2273 1819 2447 1891 Ἰάρεδ
2479 1817 2766 1887 γέννησεν,
2802 1813 2980 1883 Ἐνὼχ
2999 1811 3057 1865 δέ
3082 1813 3130 1865 οί
3163 1810 3360 1863 ἔπλετο
3391 1809 3545 1874 πάϊς,

2038 1913 2137 1975 Ὃς
2160 1912 2256 1966 καὶ
2279 1908 2585 1978 ὰθανασίην
2617 1907 2784 1976 λάχεν
2815 1905 2887 1971 ἐξ.
2923 1902 3097 1973 Ἀδὰμ
3128 1900 3357 1971 ἕϐδομος
3378 1900 3542 1971 ἀνήρ.

2329 2004 2433 2069 Εἰς
2459 2002 2567 2055 τὸν
2589 2001 2689 2054 ἐπὶ
2711 1997 2840 2054 Νῶε
2862 1994 3315 2065 κατακλυσμόν.

2046 2095 2115 2147 Ἥ
2140 2092 2236 2146 τοῦ
2265 2091 2404 2145 Θεοῦ
2437 2090 2537 2161 μὲν
2565 2087 2879 2156 αὑτάγαθος
2910 2084 3221 2157 χρηστότης

2038 2183 2314 2238 Οἰκοῦσαν
2344 2182 2621 2252 ὑπέστησε
2655 2178 2755 2250 τὴν
2789 2179 2970 2232 πᾶσαν
2991 2175 3172 2230 κτίσιν
3191 2190 3207 2206 °

2048 2276 2109 2329 Ὀ
2135 2274 2244 2328 τῶν
2267 2272 2478 2345 βροτῶν
2508 2271 2565 2325 δὲ
2594 2267 3094 2341 πλημμελεστάτας
3128 2264 3244 2336 βίος

2044 2365 2367 2421 Κατέκλυσε
2399 2363 2698 2433 ξύμπασαν
2731 2360 2904 2430 αὐτὴν
2933 2356 3156 2429 ἀθρόον.

2622 2453 2721 2518 Είς
2748 2451 2817 2504 τὸ
2847 2449 3020 2504 αὐτό.

2126 2547 2252 2602 Νῶε
2286 2547 2349 2600 σὺ
2386 2545 2484 2601 σύν
2513 2562 2572 2599 τε
2598 2543 2859 2613 δάμαρτι,
2888 2539 2983 2593 καὶ
3008 2538 3202 2603 υἱέσιν,
3229 2535 3324 2607 ἠδέ
3360 2553 3422 2591 τε
3441 2537 3588 2601 νυοῐς

2042 2639 2202 2710 Τήνδ’
2232 2640 2326 2691 ἐπὶ
2358 2637 2554 2707 κίστην
2576 2634 2810 2696 είσδυτε,
2850 2631 2978 2701 ῥίζα
3040 2628 3179 2700 βίοιο
3207 2628 3374 2682 νέοιο.

2047 2732 2237 2802 Αὐτὰρ
2266 2729 2378 2797 ἐγὼ
2403 2727 2629 2799 βροτέην
2664 2724 2771 2778 ἀπὺ
2801 2721 3012 2792 φύτλην
3034 2718 3207 2789 γῆθεν
3230 2719 3412 2790 άείρω

2046 2824 2247 2894 Πότμῳ
2279 2819 2580 2890 λευγαλέῳ,
2614 2815 2768 2887 ὑγρῷ
2786 2815 2831 2868 δ’
2872 2815 2978 2870 ὑπὸ
3003 2816 3216 2887 σήματι
3243 2809 3449 2867 κεύσω.

2052 2974 2270 3039 videas;
2301 2971 2386 3027 vel
2447 2970 2737 3026 universus
2795 2965 2915 3024 orbi
2965 2975 3255 3035 utrumque
3295 2976 3403 3020 non
3451 2968 3632 3033 potest

2048 3061 2284 3134 capere?

2713 3148 2779 3204 In
2804 3149 2961 3204 idem.

2118 3247 2362 3314 Quatuor
2388 3244 2445 3299 in
2502 3242 2754 3298 universa
2789 3248 2935 3297 terra
2992 3237 3170 3295 coloni
3227 3242 3402 3304 erant,
3430 3243 3632 3308 preter

2046 3339 2315 3410 geminum
2337 3342 2615 3407 parentem
2650 3334 2762 3391 duo
2811 3331 3057 3403 germani
3088 3330 3288 3385 fratres
3337 3328 3465 3400 ique
3508 3342 3629 3383 ma-

2048 3443 2176 3496 res;
2207 3441 2433 3496 quorum
2465 3424 2555 3479 hic
2585 3423 2772 3489 istum,
2802 3420 3026 3478 Abelum
3083 3418 3288 3476 Cainus
3338 3416 3633 3483 interfecit,

2055 3518 2373 3587 sanguinem
2404 3528 2532 3571 vero
2569 3511 2838 3568 demortui
2879 3508 3090 3566 inferne
3112 3508 3441 3599 clamantem
3489 3505 3635 3564 Deus

2052 3609 2341 3676 inaudivit,
2374 3614 2430 3667 et
2462 3605 2796 3661 fratricidam
2822 3601 3117 3676 percussit.

2470 3715 2540 3771 In
2565 3714 2769 3770 Enoclti
2823 3712 3248 3768 translationem.

2122 3808 2384 3871 Adamus,
2415 3805 2473 3861 in
2522 3805 2845 3862 innocentiae
2895 3813 3044 3861 statu
3068 3812 3309 3870 creatus,
3349 3815 3457 3859 non
3512 3810 3634 3859 erat

2052 3898 2294 3955 interitui
2326 3895 2610 3952 obnoxius.
2639 3895 2736 3951 sed
2766 3895 2970 3964 peccati
2992 3894 3114 3949 labe
3143 3901 3436 3964 corruptus
3460 3892 3635 3960 obiit;

2055 3988 2206 4043 nosti
2234 3987 2472 4040 modum.
2507 3984 2758 4040 Enochus
2786 3998 2890 4038 non
2915 3994 2997 4039 est
3042 3991 3271 4039 mortem
3324 3995 3637 4053 perpessus,

2056 4079 2109 4133 in
2147 4093 2306 4148 quam
2349 4076 2616 4132 formatus
2660 4074 2864 4141 fuerat,
2896 4076 2990 4130 sed
3041 4075 3219 4130 adhuc
3246 4075 3380 4131 vivit
3409 4090 3425 4141 ;
3454 4075 3625 4146 probe

2056 4171 2183 4224 item
2220 4177 2521 4238 prorogatae
2540 4166 2665 4221 vita:
2703 4168 2969 4221 rationem
3006 4165 3268 4236 percipis.

2129 4363 2367 4419 Adamus
2428 4330 2673 4428 Sethum,
2739 4269 3070 4417 ignem
3132 4361 3436 4431 progenuit,
3490 4359 3640 4425 Enos

452 4456 714 4509 Adamum
740 4453 935 4509 vides?
963 4468 1045 4507 me
1080 4452 1257 4516 video,
1291 4461 1346 4506 et
1374 4452 1669 4521 lacryntor,
1711 4467 1744 4508 e
1788 4453 1958 4507 vireto
1989 4452 2035 4512 ὖ
2063 4468 2222 4524 porro
2249 4453 2501 4520 Cainam,
2526 4453 2618 4522 qui
2642 4450 2975 4506 Malaleelem
3008 4459 3200 4506 nactus
3223 4462 3307 4507 est
3331 4451 3523 4517 ﬁlium;
3551 4454 3643 4509 hic

380 4548 523 4602 enim
558 4547 871 4602 deliciarum
893 4544 1123 4599 extorris
1152 4543 1470 4599 eliminatur
1498 4560 1514 4610 ς
1546 4557 1779 4614 cumque
1793 4559 1954 4614 opor-

385 4638 576 4692 tuisset
604 4635 783 4689 odisse
807 4632 930 4687 mali
953 4647 1196 4697 causam,
1224 4632 1530 4699 mulierem,
1565 4646 1629 4686 ea
1654 4640 1830 4687 tamen
1860 4647 1956 4688 co-

384 4732 557 4798 gnita,
584 4726 815 4782 Caluum
865 4732 1089 4795 generat
1117 4723 1312 4778 filium.

1030 4830 1099 4883 In
1128 4830 1288 4884 idem.

456 4918 530 4977 Ex
570 4923 874 4994 tranquillae
925 4923 1047 4976 vitae
1085 4932 1252 4986 Statu,
1279 4921 1551 4976 laboribus
1579 4919 1839 4987 ferendis,
1891 4934 1957 4977 ac

383 5018 620 5074 miseriis
667 5016 911 5071 addictus
926 5030 1006 5080 es,
1038 5013 1225 5069 infelix
1252 5013 1450 5081 Adam,
1480 5024 1532 5069 et
1576 5028 1674 5083 pro
1705 5030 1769 5070 eo
1813 5014 1958 5084 quod

382 5111 549 5164 Deum
605 5123 764 5177 agere
794 5106 1051 5163 studebas
1097 5105 1408 5176 agricolam,
1441 5106 1702 5176 evestigio
1744 5116 1793 5162 te
1831 5105 1961 5161 fecit

387 5200 791 5256 fraudulentum
838 5199 1057 5254 Satanae
1116 5197 1423 5263 consilium,
1471 5197 1560 5252 cui
1616 5198 1962 5267 obsequendo

390 5294 562 5347 factus
593 5306 654 5347 es
687 5291 955 5347 obnoxius
990 5289 1173 5354 morti,
1201 5289 1551 5347 necessitatis
1581 5290 1866 5360 angustiis,
1897 5303 1962 5346 ac

385 5382 686 5440 laboribus.

833 5472 901 5529 In
920 5471 1311 5543 jugulationem
1342 5472 1536 5527 Abelis.

452 5567 497 5622 0
520 5567 750 5623 scelesta
787 5580 1005 5629 manus,
1037 5580 1070 5620 ο
1102 5579 1255 5620 mens
1278 5565 1433 5620 Caini
1493 5565 1646 5634 longe
1691 5564 1965 5619 nocentis-

386 5660 520 5713 sima
558 5660 571 5713 !
614 5659 745 5727 quid
787 5655 955 5711 Abelo
1004 5654 1142 5712 facis
1172 5655 1195 5709 2
1224 5671 1352 5710 num
1375 5654 1672 5726 jugulasti?
1724 5655 1852 5709 mihi
1886 5656 1964 5712 l0-

390 5765 576 5822 r,uere,
606 5749 775 5805 habes
800 5747 1061 5815 alterum,
1114 5761 1271 5817 quem
1323 5745 1443 5802 loco
1500 5745 1681 5803 Abelis
1738 5746 1961 5801 fratrem

2056 4544 2215 4601 Jared
2250 4547 2301 4599 in
2348 4546 2518 4600 lucem
2543 4544 2733 4610 edidit,
2759 4544 2844 4599 cui
2874 4543 3131 4599 Enochus
3157 4544 3211 4597 in
3237 4543 3458 4613 stirpem
3481 4555 3642 4601 natus

2058 4635 2126 4691 ab
2154 4635 2359 4690 Adamo
2378 4634 2639 4703 septimus
2662 4634 2985 4689 immortalis
3003 4634 3123 4689 vitae
3152 4642 3355 4690 sortem
3384 4649 3644 4691 consecu-

2062 4737 2145 4782 lUS
2167 4734 2268 4783 εει.

2228 4837 2299 4893 In
2347 4838 2635 4893 eluvionem
2665 4852 2923 4907 aquarum
2950 4836 3268 4907 temporibus
3300 4834 3437 4892 N'oe.

2131 4929 2248 5000 Ipsa
2284 4929 2497 4999 quidem
2532 4926 2626 4984 Dei
2660 4927 2977 4997 primigenia
3005 4927 3365 4996 bonitas-qua
3395 4927 3449 4980 in
3477 4926 3640 4984 terris

2061 5022 2365 5078 inhabitant
2393 5020 2595 5087 omnia,
2634 5021 2687 5074 in
2708 5034 2887 5074 rerum
2911 5028 3160 5074 naturam
3189 5018 3464 5089 produxit,
3492 5033 3641 5074 mor-

2064 5115 2253 5170 talium
2281 5127 2407 5168 vero
2424 5111 2842 5179 flagitiosissima
2875 5112 2984 5166 vita
3010 5111 3627 5168 rerumuniversitatem

2062 5206 2127 5261 de
2156 5204 2447 5275 improviso
2476 5205 2634 5273 aquis
2657 5202 2861 5259 obruit.

2674 5295 2743 5350 In
2774 5296 2930 5351 idem.

2133 5388 2239 5457 Tu,
2267 5388 2689 5458 Noe,.unalcum
2718 5402 2906 5456 uxore,
2954 5386 3162 5452 liberis,
3198 5397 3252 5442 et
3277 5384 3525 5453 nuribus,
3550 5388 3645 5457 qui

2064 5494 2215 5534 novae
2236 5480 2359 5534 vita:
2383 5480 2536 5535 radix
2570 5478 2736 5534 futuri
2765 5478 2921 5542 estis,
2955 5477 3009 5531 in
3039 5489 3221 5530 arcam
3258 5475 3600 5541 ingredimini
3625 5491 3642 5532 :

2069 5579 2323 5625 caeterum
2374 5585 2473 5640 ego
2504 5584 2673 5639 genus
2704 5570 2980 5624 hominum
3010 5583 3040 5624 e
3068 5576 3209 5621 terra
3242 5581 3367 5621 mox
3394 5566 3639 5621 auferam

2066 5657 2377 5728 perniciosa
2404 5668 2611 5728 .morte,
2658 5672 2861 5728 eosque
2904 5655 3003 5713 sub
3044 5668 3220 5725 aqueo
3249 5653 3535 5710 recondam
3558 5666 3645 5709 se-

2064 5749 2188 5815 pulc
2198 5762 2275 5803 ro.
