4050 6458
425 359 562 425 1109

1267 365 1796 441 TETRASTICHA
1836 371 1920 433 IN
1965 372 2209 435 VETUS
2244 375 2839 443 TESTAMENTUM.

3540 380 3686 450 1110‘

422 480 528 543 Εἰς
552 479 667 561 τὴιν
692 478 896 561 νίθξην,
921 480 1003 561 ﬁt:
1027 480 1316 561 ἐνίκησετ
1363 483 1610 561 Ἀϐραᾲμ
1640 482 1994 561 ἐει-Χολοδος
2021 481 2075 542 Α
2103 483 2243 554 [lupi
2274 486 2552 561 φθαρήσῃ,
2581 489 2678 543 καὶ
2707 489 2881 543 κακὸν
2910 490 3093 554 κακῶς
3118 489 3309 561 θάνῃς.

492 548 710 631 ζςμξῦρ,
761 548 861 631 δῖε
904 548 1004 604 καὶ
1037 548 1463 631 ὑποστρέφωί
1487 548 1825 625 εὐλογέἷται
1871 551 1993 608 ὑπὸ

492 617 620 670 Μελ
624 638 659 685 χ
668 619 894 673 ισεδέκ.

434 706 522 769 Ὠς
547 708 837 777 εὐλογητὸς
854 708 1113 782 Ἀϐραὰμ
1130 712 1204 782 τῷ
1226 713 1438 784 Κυρίῳ,

417 799 610 870 Σαλήμ
640 799 916 869 βασιλεὺς,
960 802 1141 874 ἱερεὺς
1162 803 1296 857 Θεοῦ
1335 803 1508 871 λέγει,

420 892 532 943 Καὶ
553 892 652 963 τὴν
683 891 807 947 καθ’
825 894 974 963 ἡμᾶς
998 894 1255 959 εἰκονίζει
1284 893 1500 962 θυσίαν,

419 984 620 1039 ’Λοτον
656 984 777 1054 μετ’
808 983 956 1039 οῑνου
985 983 1063 1055 τῷ
1086 988 1399 1058 πατριάρχῃ
1436 987 1639 1058 φέρων.

981 1077 1086 1142 Εἰς
1115 1075 1184 1130 τὸ
1212 1077 1381 1130 αὐτό.

415 1165 579 1218 "uel
604 1165 968 1236 τριηκοσίοισι
993 1166 1087 1218 καὶ
1120 1166 1268 1219 ὀκτὼ
1303 1165 1399 1220 καὶ
1428 1166 1563 1221 δέκα
1604 1167 1827 1238 μούνοις

418 1261 623 1315 Ἐθνεα
646 1261 872 1332 Ἀϐραμ
904 1260 1108 1317 ὤλεσεν
1131 1261 1452 1332 ἀλλοφύλων
1484 1262 1778 1335 βασιλήων,

425 1351 523 1404 Ἐκ
553 1350 598 1403 δ’
629 1351 738 1421 ἄρα
771 1350 897 1404 Λὼτ
924 1352 1170 1406 ἐσάωσεν
1197 1351 1477 1422 ἁλώσιμον
1500 1352 1652 1424 Ξγχεῖ
1683 1352 1919 1424 ἐχθρῶν,

416 1440 596 1495 Σκῦλα
626 1442 686 1495 δὲ
712 1441 871 1496 πάντ’
903 1443 1163 1498 ἅπὲνεικε
1189 1443 1232 1515 1-
1272 1443 1575 1513 παλιλλογα
1621 1446 1736 1509 τοῖς
1763 1444 1958 1515 Σοδομι

1752 1535 1919 1608 [ταις.

592 1627 699 1692 Εἰς
733 1625 992 1694 Ἀϐραὰμ
1016 1626 1127 1679 τὸν
1156 1626 1441 1697 τριάνδρα
1469 1627 1802 1694 ξενίζοντα.

412 1711 486 1767 Ὦ
522 1715 654 1785 δρῦς
688 1715 912 1786 ἀρίστη,
938 1714 1072 1785 δρῦς
1100 1715 1279 1786 δρυῶν
1308 1719 1662 1789 μακαρτάτη,

423 1807 514 1869 Ὣς
541 1806 860 1877 ὕπερήρθης
884 1809 979 1861 καὶ
1012 1808 1244 1879 διέδρων,
1275 1811 1373 1864 καὶ
1389 1808 1649 1866 λιδάνων.

412 1899 552 1961 θεὸς
582 1898 691 1969 γὰρ
726 1900 785 1952 ὲν
811 1900 914 1965 σοὶ,
939 1899 1034 1954 καὶ
1063 1899 1148 1964 τις
1171 1900 1462 1970 ἀντάροιτό
1480 1920 1601 1966 σοις

417 1990 611 2060 Ὅμως
649 1989 926 2063 Ἀδραὰμ,
956 1991 1079 2062 οὐχὶ
1106 1992 1269 2062 δρυὸς
1299 1994 1332 2063 ἡ
1366 1993 1548 2064 χάρις.
1590 1980 1593 1984 ’

991 2107 1098 2171 Εὶς
1126 2105 1194 2159 τὸ
1223 2105 1396 2162 αὐτό.
1494 2092 1499 2096 ’

412 2194 599 2249 ’1ἀῦτά
625 2213 730 2261 σοι,
769 2195 1009 2268 Ἀδρὰμ,
1037 2196 1248 2251 ἔπαθλα
1274 2198 1598 2268 φιλαγάθοιο
1629 2202 1908 2273 μενοινῆς,

406 2286 669 2356 οὐρανὸς,
746 2287 873 2359 δρῦς
898 2288 1105 2357 ἔγεντο,
1127 2290 1222 2346 καὶ
1243 2290 1276 2359 ὴ
1299 2291 1469 2362 Τριὰς
1500 2291 1652 2361 ἤλυθ’
1677 2292 1764 2346 ἐπ’
1785 2295 1979 2365 αὐτὴν,

409 2378 519 2430 Καὶ
543 2360 739 2446 φάγεν,
773 2381 832 2433 ἐν
870 2379 914 2432 δ’
942 2381 1059 2433 ἐστὶ
1085 2360 1492 2450 κρυπτῆςήτάδε
1514 2384 1858 2456 οῖκονομίης,

406 2471 518 2524 Καὶ
544 2472 710 2544 πόριν
733 2473 793 2538 ἐξ
814 2473 1030 2527 ἀτόκοιο
1058 2473 1215 2527 τόκον
1240 2476 1458 2545 μήτρης
1490 2476 1584 2529 τὸν
1622 2476 1833 2531 Ἰσαάκ.

405 2584 509 2652 Εἰς
549 2586 879 2662 Σοδομίτας
932 2586 1257 2662 ᾅττοῦντας
1312 2592 1455 2662 τοὺς
1505 2590 1801 2660 ἀγγέλους
1836 2593 1977 2662 τοὺς

567 2658 958 2723 εἰσελθόντας
985 2660 1134 2726 πρὸς
1156 2658 1289 2713 Λὼτ
1315 2660 1416 2713 ἐπὶ
1448 2658 1813 2716 συνουσίαν.

405 2748 596 2813 Ἐθνος
632 2750 849 2821 μιαρὸν,
877 2750 1029 2816 ἔθνος
1054 2754 1475 2825 ἀρῤενοφθόρον,

399 2838 516 2892 Νῦν
539 2839 635 2893 καὶ
660 2841 781 2895 κατ’
814 2840 996 2895 αὐτῶν
1031 2841 1305 2915 ὲξεμάνης
1333 2846 1618 2913 ἀγγέλων;

399 2930 631 3004 Θάρῤιιο
667 2933 798 3003 πρὶν
830 2933 864 3003 ἢ
890 2934 999 3003 γὰρ
1027 2935 1436 3008 ἀγγελοφθὸρον
1462 2938 1618 3013 γένῃ,

2010 1809 2061 1871 Β

2681 585 2788 648 Εἰς
2820 583 2888 638 τὸ
2917 585 3086 640 αὐτό.

2109 665 2326 739 Ἀνέρες
2349 670 2633 739 αὐθάδεις,
2659 674 2712 726 τί
2737 675 2885 728 κακὰ
2914 674 3417 747 φρεσὶςμητιάασθε
3440 693 3456 741 ;

2097 757 2287 811 Τούσδ’
2317 760 2518 828 ἀνέρας
2562 763 2850 828 καλέοντες
2883 765 2923 835 1-
2948 766 3262 838 θηλυτερῶν
3293 768 3422 820 ποτὶ
3450 767 3667 830 κοῖτον;

2094 849 2224 903 Δοιά
2256 867 2346 919 μοι
2374 851 2525 906 ἔνδον
2555 852 2746 908 εασσιν
2768 856 2855 910 ἐπ’
2880 856 3141 927 ἀνδράσιν
3168 859 3348 927 ἄζυγα
3376 858 3569 923 τέκνα,

2094 941 2273 997 Τοῖσδ’
2302 942 2670 1014 ὲποαρξζοιτε,
2697 945 2860 1017 νόθην
2886 949 2931 1000 δ’
2957 950 3241 1004 ἀπόθοισθ’
3279 950 3321 1021 1-
3344 949 3629 1022 ὀαριστύν.

2406 1038 2510 1104 Εἰς
2539 1039 2650 1093 τὸν
2671 1038 3028 1108 ἐμπρησμὸν
3055 1043 3355 1112 Σοδόμων.

2097 1129 2397 1199 Ἔκφευγε,
2426 1129 2825 1200 Λὼτ,ἐκφευγε
2842 1133 2941 1203 τὴν
2965 1134 3070 1203 γῆν
3095 1135 3384 1205 meum,

2091 1220 2184 1291 Μὴ
2199 1223 2314 1285 τοῖς
2340 1224 2598 1295 πονηροῖς
2628 1225 2977 1296 συμφλεγῇς,
3005 1228 3100 1280 καὶ
3132 1228 3427 1300 συνθάνῃς.

2092 1309 2293 1382 Σηγὼρ
2313 1312 2430 1384 ὄρει
2450 1313 2491 1384 1-
2519 1313 2841 1383 πρόσϐαινε,
2876 1317 2974 1370 καὶ
2997 1314 3175 1379 σώζου
3210 1318 3395 1387 μόνος,
3429 1319 3442 1382 Ξ

2091 1403 2244 1474 Μηδὲ
2274 1407 2522 1475 στραφῇς
2546 1405 2762 1470 ὄπισθε,
2792 1407 2868 1477 μὴ
2896 1409 3082 1479 παγῇς
3114 1406 3287 1473 λίθος.

2210 1490 2219 1492 ’
2281 1485 2292 1491 ’
2661 1497 2766 1562 Εἰς
2796 1497 2861 1549 τὸ
2884 1498 3055 1552 αὑτό.

2100 1586 2286 1651 ’Υετδς
2314 1586 2591 1650 αἰθαλόεις
2619 1588 2955 1657 πυρωιδέων
2980 1590 3047 1643 ὲκ
3083 1589 3364 1658 νεφελάων

2089 1679 2384 1749 Αῑθερόθεν
2428 1680 2467 1750 1-
2502 1680 2872 1751 προτέπεσσε,
2920 1680 3016 1734 καὶ
3044 1681 3259 1753 ἄφρονα
3295 1682 3336 1751 1-
3368 1681 3527 1750 φλέξε
3570 1682 3667 1735 Γο-

3329 1771 3593 1844 [μόρῤηνν

2103 1862 2197 1914 Ἐκ
2224 1861 2283 1915 δέ
2304 1880 2365 1915 τε
2395 1862 2435 1933 1-
2461 1863 2564 1933 γῆν
2585 1863 2839 1934 Σοδόμων
2860 1864 3171 1935 κακοεργέα
3190 1862 3314 1919 Λὼτ
3342 1863 3515 1931 φύγεν
3530 1858 3661 1926 οἶος·

2088 1948 2214 2013 Οἶος
2246 1952 2275 2004 ὁ
2310 1952 2414 2023 γὰρ
2440 1952 2648 2017 δίκαιος
2678 1954 2784 2010 ἀνὰ
2812 1954 3002 2009 πτόλιν
3019 1954 3208 2008 ἔπλετ’
3234 1955 3489 2025 ἀλιτρήν.

2086 2046 2193 2111 Εἰς
2221 2044 2353 2100 Λὼτ
2379 2047 2749 2115 μεθύσαντα,
2778 2047 2890 2101 ’καὶ
2926 2046 3175 2117 μιγέντα
3208 2047 3338 2113 ταῖς
3372 2043 3662 2116 θυγατρά-

2801 2133 2927 2171 σιν.

2086 2208 2151 2261 Τί
2172 2208 2218 2262 δ’
2252 2209 2351 2262 οὐκ
2374 2208 2440 2264 ἂν
2472 2209 2744 2280 ἐχρήσατο
2773 2211 2894 2274 ταῖς
2918 2208 3250 2278 ἀλλοτρίαις,

2094 2300 2153 2353 '0
2182 2280 2301 2364 ταῖς
2333 2300 2905 2372 ἑαυτοίσυμφθαρεὶς
2929 2300 3300 2371 θυγατράσιν;

2094 2391 2301 2462 Ὀρθῶς
2322 2391 2522 2460 λέγεις,
2550 2392 2690 2463 πλὴν
2723 2394 2937 2461 ἀγνοεῖς
2970 2392 3068 2463 τὴν
3095 2392 3304 2448 αἰτίαν·

2080 2485 2240 2539 Οῐνου
2267 2483 2397 2554 γὰρ,
2425 2485 2485 2537 οὐ
2515 2484 2637 2539 Λώτ
2660 2485 2809 2537 ἐστιν
2847 2486 2880 2555 ἡ
2920 2484 3200 2556 παροινία.

2664 2578 2769 2642 Εἰς
2797 2578 2865 2629 τὸ
2891 2577 3050 2635 αὐτά

2078 2667 2312 2723 Πάππον
2360 2666 2500 2738 ομοῦ
2551 2669 2643 2721 καὶ
2684 2668 2844 2737 φιτυν
2890 2668 2976 2731 τίς
3016 2667 3138 2722 ποτ’
3175 2667 3310 2721 Esto:
3345 2665 3438 2720 τδν
3467 2666 3655 2733 αὑτὸν,

2075 2757 2366 2830 Θυγατὲρ’,
2388 2759 2481 2829 ἠδέ
2509 2761 2556 2813 τ’
2586 2760 2819 2825 ἄκοιτιν,
2839 2759 3117 2831 ἀδελφεὸν,
3145 2760 3238 2830 ἠδέ
3267 2777 3327 2814 τε
3353 2759 3569 2829 παῖδας

2074 2849 2195 2905 Νῦν
2224 2851 2347 2921 ἄγε,
2380 2852 2527 2919 Λὼτ,
2560 2851 2738 2920 ἰδέτω,
2783 2853 3120 2925 θυγατράσιν
3150 2845 3243 2927 ᾖσι
3275 2853 3548 2923 μιγέντος,

2073 2939 2199 2997 Οῐνε
2235 2944 2424 2998 κακῶν
2452 2944 2689 3015 ἀρχηγὲ,
2720 2945 2894 3017 μέθης
2922 2946 3101 3016 πάτερ
3126 2946 3187 3015 1-,
3219 2944 3337 3015 ἔρρ’
3355 2944 3452 3000 ἀπ’
3476 2944 3651 3015 ἐμεῖο.

398 3110 786 3200 In't'ictoriam,
817 3132 975 3200 quam
1013 3118 1293 3200 reportaoit
1326 3117 1626 3200 Abraham,
1640 3122 1704 3177 de
1731 3121 1967 3200 Chodor-
1996 3136 2041 3200 ο
2074 3118 2214 3190 ignis
2252 3119 2560 3176 vastitatem
2606 3123 2866 3191 perfores,
2902 3131 2958 3177 et
3013 3122 3155 3176 male
3201 3135 3340 3177 mare
3376 3120 3649 3177 lnteribis.

468 3182 897 3261 [abomor_unde
921 3182 1176 3261 reversus,
1224 3188 1406 3257 fausta
1426 3182 1724 3258 precatione
1776 3190 1972 3261 imper-

473 3254 604 3308 titur
630 3271 662 3307 a
686 3254 1079 3314 Melchisedeco.

464 3341 636 3408 Quam
658 3344 767 3399 Deo
782 3357 967 3416 gratus
991 3355 1092 3415 est,
1123 3358 1175 3404 et
1203 3360 1454 3420 acceptus
1474 3350 1764 3420 Abraham,
1792 3353 1970 3412 Salem

394 3447 513 3498 rex,
535 3433 629 3490 Dei
665 3437 919 3492 sacerdos
946 3441 1278 3508 pronuntiat,
1312 3459 1404 3511 qui
1437 3454 1492 3499 et
1518 3454 1760 3502 nostrum
1796 3448 1971 3517 praeﬁ-

394 3535 550 3595 gurat
586 3526 1013 3584 Christianorum
1049 3532 1395 3601 saerilicium,
1451 3551 1644 3606 panem
1683 3553 1805 3595 cum
1842 3540 1968 3597 vino

394 3615 713 3683 patriarchae
738 3613 991 3676 offerens.

1078 3713 1144 3769 In
1168 3714 1330 3773 idem

460 3795 596 3853 Cum
630 3797 765 3856 solis
798 3800 1056 3859 trecentis
1111 3813 1166 3858 et
1192 3806 1562 3880 duodeviginti
1582 3810 1755 3869 servis
1782 3822 1967 3871 exter-

390 3900 586 3961 norum
603 3902 790 3958 regum
841 3890 1236 3949 multitudinem
1270 3899 1963 3977 pessumdeditAbraham;

394 3986 452 4031 ct
484 3977 715 4035 Lothum
756 3983 959 4038 exemit
991 3985 1281 4042 hostilibus
1313 3989 1481 4046 armis
1534 3993 1846 4062 abductum,
1867 4011 1962 4052 ex-

393 4069 532 4124 uviis
554 4073 831 4142 omnibus,
861 4088 996 4145 quas
1020 4090 1051 4132 a
1082 4074 1375 4134 Sodomitis
1415 4083 1730 4159 repetierat,
1750 4100 1961 4156 .aspor-

390 4159 540 4217 tatis.

536 4277 605 4333 In
635 4280 898 4335 Abraham
916 4290 1018 4337 tres
1047 4283 1185 4340 viros
1207 4288 1433 4354 hospitio
1460 4290 1819 4359 excipientem.

460 4391 504 4448 Ο
536 4409 769 4462 quercus
787 4395 1010 4463 optima,
1038 4411 1273 4466 quercus
1297 4413 1594 4469 quercuum
1625 4391 1957 4473 felicissima,

385 4500 547 4555 quam
583 4484 693 4542 alte
750 4487 960 4542 sublata
1017 4502 1098 4555 es,
1159 4499 1213 4545 et
1268 4506 1430 4560 supra
1461 4494 1675 4563 cedros,
1706 4504 1762 4550 et
1794 4512 1955 4567 supra

388 4586 596 4632 montes
642 4577 833 4634 Libani
862 4596 878 4645 ;
908 4579 1047 4635 Deus
1071 4581 1212 4635 enim
1249 4582 1304 4637 in
1348 4592 1400 4639 te
1431 4586 1653 4643 residet.
1691 4588 1953 4656 Quaenam

388 4681 515 4723 vero
545 4670 710 4725 arbos
740 4670 836 4725 tibi
867 4673 1063 4740 opponi
1110 4675 1315 4742 queat?
1338 4675 1455 4732 Non
1494 4687 1672 4735 tamen
1698 4696 1954 4755 quercus,

387 4762 479 4814 sed
507 4760 743 4817 Abrahae
773 4762 946 4833 gratia
986 4762 1129 4820 Deus
1163 4765 1217 4820 in
1244 4781 1506 4837 quercum
1540 4772 1706 4827 venit.

1061 4872 1130 4928 In
1166 4876 1323 4932 idem.

451 4958 638 5016 Isthmo
653 4961 749 5019 tibi
779 4964 974 5021 mentis
994 4970 1213 5036 Optimae
1231 4970 1451 5040 praemia
1482 4982 1627 5039 sunt,
1656 4975 1951 5047 Abraham,

383 5058 468 5104 tua
509 5054 680 5121 gratia
724 5069 957 5122 quercus
995 5060 1190 5114 coelum
1226 5062 1366 5118 facta
1396 5074 1500 5131 est,
1539 5076 1594 5121 et
1619 5066 1858 5126 Trinitas
1897 5071 1950 5124 in

378 5160 496 5200 eam
518 5149 687 5211 venit,
711 5156 765 5202 ct
789 5146 1018 5207 subinde
1058 5155 1273 5222 epulata
1314 5167 1395 5212 est
1425 5159 1566 5227 (quae
1594 5172 1721 5216 sunt
1756 5164 1954 5220 divinae

379 5235 772 5294 incarnationis
800 5242 1023 5313 arcana)
1068 5254 1123 5299 et
1167 5260 1232 5299 ex
1290 5248 1458 5303 sterili
1500 5258 1652 5306 utero
1704 5253 1946 5311 Isaacum

381 5330 472 5386 tibi
495 5332 663 5387 ﬁlium
702 5335 953 5400 praebuit.

377 5441 452 5497 De
482 5443 771 5501 Sodomitis
792 5449 862 5501 ad
876 5466 1208 5532 congressum
1231 5457 1578 5521 querentibus
1602 5460 1837 5529 angelos,
1860 5464 1950 5532 qui

832 5520 900 5573 ad
929 5519 1119 5575 Letum
1150 5519 1490 5578 diverterant.

442 5604 588 5664 Gens
614 5608 898 5679 ﬂagitiosa,
940 5627 1059 5681 qua:
1090 5628 1156 5667 ne
1174 5616 1411 5672 maribus
1441 5617 1656 5685 quidem
1687 5621 1945 5691 abstines,

374 5697 607 5755 etiamne
627 5717 773 5759 nunc
799 5714 853 5759 et
888 5714 1073 5760 contra
1105 5707 1254 5777 ipsos
1278 5709 1495 5778 angelos
1520 5710 1753 5779 perfuris
1771 5714 1792 5766 ?
1809 5716 1949 5769 Cun-

377 5791 504 5861 lide,
534 5793 747 5867 Sedes;
782 5800 1097 5870 priusquam
1137 5800 1282 5856 enim
1315 5802 1518 5873 angelis
1557 5802 1665 5859 vim
1724 5805 1941 5875 inferas,

2806 3235 2965 3289 idem.

2806 3235 2825 3288 i
2895 3250 2965 3289 m.

2145 3320 2256 3376 Viri
2284 3323 2551 3393 praefracti
2597 3333 2651 3379 et
2688 3234 2964 3394 ίιῗάοἷέελ
2986 3338 3244 3395 quorsum
3298 3323 3440 3380 mala
3495 3339 3649 3380 men-

2075 3412 2216 3468 tibus
2239 3413 2454 3485 agitatis
2484 3416 2727 3482 consilia,
2763 3416 2846 3470 his
2871 3416 3004 3472 viris
3029 3415 3095 3472 ad
3132 3430 3291 3473 usum
3319 3415 3641 3471 muliebrem

2070 3501 2345 3560 {edissime
2374 3508 2613 3563 vocatis?
2640 3507 2770 3563 Duae
2796 3508 2931 3563 mihi
2950 3517 3073 3564 sunt
3091 3507 3240 3564 domi
3271 3507 3390 3563 ﬁliae
3406 3508 3646 3563 nondum

2003 3640 2012 3647 .
2069 3594 2311 3651 virorum
2359 3598 2613 3669 coniugio
2670 3600 2930 3663 astricta,
2985 3600 3085 3655 has
3138 3582 3396 3656 abducite
3441 3599 3643 3669 potius,

2068 3682 2402 3757 illegitimam
2430 3698 2693 3746 exuentes
2725 3689 3196 3746 consuetudinem.

2290 3858 2293 3859 ν
2400 3803 2468 3857 1η
2509 3802 2858 3861 Sodomorum
2888 3804 3344 3877 deﬂagrationem.

2139 3895 2348 3966 Effuge,
2381 3893 2504 3959 Lot,
2532 3894 2742 3950 declina
2778 3906 2977 3951 terram
3009 3895 3395 3959 Sodomorum,
3427 3908 3495 3950 ne
3520 3909 3647 3951 cum

2065 3989 2339 4043 sceleratis
2367 4000 2470 4040 una
2502 3985 2823 4057 conﬂagres,
2847 3994 2901 4041 et
2930 4002 3051 4041 cum
3071 3987 3178 4042 illis
3208 3987 3486 4052 intereas;
3516 4001 3647 4042 con-

2065 4080 2264 4134 scende
2296 4087 2532 4133 montem
2563 4075 2755 4146 Segor,
2790 4078 2880 4132 ubi
2913 4078 3059 4133 solus
3090 4079 3273 4135 salvus
3291 4082 3643 4150 esto,‘neque

2063 4176 2446 4239 retrospectes,
2473 4183 2540 4224 ne
2574 4168 2625 4223 in
2662 4169 2890 4238 lapidem
2932 4169 3229 4225 coalescas.

2714 4275 2782 4331 In
2831 4277 2989 4332 idem.

2129 4388 2470 4461 Fuliginosus
2522 4390 2714 4457 imber,
2764 4391 2936 4459 igneis
2975 4405 3007 4446 e
3054 4391 3284 4448 nubibus
3332 4393 3401 4447 ab
3435 4394 3641 4450 aethere

1982 4464 2337 4544 Ddccidens,
2384 4481 2630 4536 insanam
2695 4482 2994 4537 combussit
3059 4480 3442 4549 Gomorrham,
3490 4486 3640 4541 solus

2065 4578 2242 4627 autem
2288 4573 2384 4627 Lot
2440 4581 2640 4627 terram
2690 4572 3049 4629 Sodomorum
3095 4574 3392 4629 maleﬁcam
3443 4579 3637 4645 evasit,

2062 4664 2150 4720 hic
2169 4666 2370 4735 quippe
2410 4666 2557 4721 solus
2583 4665 2766 4733 justus
2809 4674 2928 4720 erat
2962 4667 3016 4721 in
3051 4666 3276 4723 civitate
3308 4666 3529 4736 iniusta.

2059 4778 2127 4836 In
2160 4779 2592 4849 Lotnml'argiore
2622 4781 2739 4834 vino
2776 4796 2951 4840 nsunt.
2978 4797 3028 4834 et
3053 4797 3171 4835 cum
3198 4778 3412 4850 ﬁliabus
3441 4785 3639 4839 incesta

2611 4851 2863 4920 foedatum
2892 4852 3129 4905 libidine.

2125 4961 2404 5030 Quomodo
2434 4976 2540 5017 non
2577 4962 2786 5018 abusus
2838 4973 2981 5019 esset
3029 4964 3243 5031 alienis,
3285 4965 3374 5034 qui
3404 4980 3473 5020 ne
3519 4965 3635 5021 suis

2056 5055 2272 5125 quidem
2309 5054 2519 5109 ﬁliabus
2553 5054 2862 5109 abstinuit?
2911 5055 3169 5125 Apposite
3208 5055 3489 5125 loqueris:
3524 5070 3635 5113 cte-

2057 5154 2227 5200 terum
2259 5145 2556 5213 turpissimi
2592 5145 2719 5201 facti
2757 5160 2980 5201 causam
3014 5146 3254 5213 ignoras,
3289 5146 3397 5201 vini
3427 5147 3629 5217 quippe

2056 5253 2160 5291 non
2192 5237 2308 5292 Loti
2344 5238 2643 5305 petulantia
2675 5248 2775 5293 est.

2760 5349 2820 5404 In
2851 5353 3007 5406 idem.

2124 5445 2296 5498 Avum
2328 5443 2508 5511 simul,
2543 5452 2596 5498 et
2624 5440 2919 5513 genimrem
2948 5443 3068 5513 quis
3098 5458 3339 5514 unquam
3368 5444 3621 5499 eumdem

2055 5535 2203 5596 vidit,
2248 5535 2411 5588 ﬁliam
2454 5544 2507 5589 et
2534 5548 2754 5587 uxorem
2781 5572 2795 5595 ,
2830 5532 3046 5588 fratrem
3100 5543 3156 5590 et
3213 5534 3423 5589 ﬁlium?
3485 5533 3625 5605 Age-

2052 5626 2177 5679 dum
2207 5625 2361 5689 Loto,
2387 5639 2505 5679 cum
2534 5624 2747 5678 ﬁliabus
2790 5625 2900 5679 suis
2929 5640 3247 5694 congresso,
3276 5639 3419 5680 nunc
3438 5625 3620 5681 videat

2053 5718 2234 5771 vinum
2266 5716 2531 5772 malorum
2574 5725 2783 5784 auctor,
2838 5717 3163 5773 temulentiae
3202 5732 3421 5787 parcns,
3454 5732 3482 5772 a
3536 5732 3623 5772 me

2053 5811 2274 5864 facesse.
