  <div class='ocr_page' id='page_1' title='image "/cluster/home/n/w/nwhite01/storage/ocr_20150623/133/coo.31924054870385/567.png"; bbox 0 0 4050 6406; ppageno 0'>
   <div class='ocr_carea' id='block_1_1' title="bbox 498 338 638 405">
    <p class='ocr_par' dir='ltr' id='par_1_1' title="bbox 498 338 638 405">
     <span class='ocr_line' id='line_1_1' title="bbox 498 338 638 405; baseline -0.007 0"><span class='ocrx_word' id='word_1_1' title='bbox 498 338 638 405; x_wconf 83' lang='lat'><strong>1119</strong></span> 
     </span>
    </p>
   </div>
   <div class='ocr_carea' id='block_1_2' title="bbox 1693 333 2536 400">
    <p class='ocr_par' dir='ltr' id='par_1_2' title="bbox 1693 333 2536 400">
     <span class='ocr_line' id='line_1_2' title="bbox 1693 333 2536 400; baseline -0.006 -1"><span class='ocrx_word' id='word_1_2' title='bbox 1693 333 2091 400; x_wconf 84' lang='lat' dir='ltr'><strong><em>THEODORI</em></strong></span> <span class='ocrx_word' id='word_1_3' title='bbox 2131 333 2536 394; x_wconf 78' lang='lat' dir='ltr'><strong><em>PRODROMI</em></strong></span> 
     </span>
    </p>
   </div>
   <div class='ocr_carea' id='block_1_3' title="bbox 3627 329 3774 400">
    <p class='ocr_par' dir='ltr' id='par_1_3' title="bbox 3627 329 3774 400">
     <span class='ocr_line' id='line_1_3' title="bbox 3627 329 3774 400; baseline -0.02 0"><span class='ocrx_word' id='word_1_4' title='bbox 3627 329 3774 400; x_wconf 79' lang='lat'><strong>1120</strong></span> 
     </span>
    </p>
   </div>
   <div class='ocr_carea' id='block_1_4' title="bbox 497 445 3214 524">
    <p class='ocr_par' dir='ltr' id='par_1_4' title="bbox 497 445 3214 524">
     <span class='ocr_line' id='line_1_4' title="bbox 497 445 3214 524; baseline -0.004 -12"><span class='ocrx_word' id='word_1_5' title='bbox 497 461 603 524; x_wconf 81' lang='grc' dir='ltr'><strong>Ε’ίς</strong></span> <span class='ocrx_word' id='word_1_6' title='bbox 630 454 858 524; x_wconf 77' lang='grc' dir='ltr'><strong>Μωσῆν</strong></span> <span class='ocrx_word' id='word_1_7' title='bbox 901 455 1436 523; x_wconf 59' lang='grc' dir='ltr'><strong>ἀποστελλόμενοι·</strong></span> <span class='ocrx_word' id='word_1_8' title='bbox 1486 455 1635 523; x_wconf 74' lang='grc' dir='ltr'><strong>πρὸς</strong></span> <span class='ocrx_word' id='word_1_9' title='bbox 1688 451 1918 522; x_wconf 80' lang='grc' dir='ltr'><strong>Φαραὼ,</strong></span> <span class='ocrx_word' id='word_1_10' title='bbox 1977 447 2077 503; x_wconf 75' lang='grc' dir='ltr'><strong><em>καὶ</em></strong></span> <span class='ocrx_word' id='word_1_11' title='bbox 2105 449 2154 508; x_wconf 77' lang='grc' dir='ltr'><strong>Α</strong></span> <span class='ocrx_word' id='word_1_12' title='bbox 2195 445 2562 517; x_wconf 88' lang='grc' dir='ltr'><strong>Ἐρυθριάσας</strong></span> <span class='ocrx_word' id='word_1_13' title='bbox 2589 446 2904 517; x_wconf 75' lang='grc' dir='ltr'><strong>ὲξαμείϐεις</strong></span> <span class='ocrx_word' id='word_1_14' title='bbox 2936 445 3037 517; x_wconf 71' lang='grc' dir='ltr'><strong><em>τὴν</em></strong></span> <span class='ocrx_word' id='word_1_15' title='bbox 3063 446 3214 501; x_wconf 79' lang='grc' dir='ltr'><strong>θέαν.</strong></span> 
     </span>
    </p>
   </div>
   <div class='ocr_carea' id='block_1_5' title="bbox 639 525 1926 594">
    <p class='ocr_par' dir='ltr' id='par_1_5' title="bbox 639 525 1926 594">
     <span class='ocr_line' id='line_1_5' title="bbox 639 525 1926 594; baseline -0.003 -13"><span class='ocrx_word' id='word_1_16' title='bbox 639 526 1176 594; x_wconf 57' lang='grc' dir='ltr'><strong>ὑποστελλόμενον</strong></span> <span class='ocrx_word' id='word_1_17' title='bbox 1193 525 1292 580; x_wconf 80' lang='grc' dir='ltr'><strong>διὰ</strong></span> <span class='ocrx_word' id='word_1_18' title='bbox 1313 526 1382 580; x_wconf 82' lang='grc' dir='ltr'><strong>τὸ</strong></span> <span class='ocrx_word' id='word_1_19' title='bbox 1405 525 1926 593; x_wconf 74' lang='grc' dir='ltr'><strong>βραδὺτλωσσον.</strong></span> 
     </span>
    </p>
   </div>
   <div class='ocr_carea' id='block_1_6' title="bbox 495 613 1855 687">
    <p class='ocr_par' dir='ltr' id='par_1_6' title="bbox 495 613 1855 687">
     <span class='ocr_line' id='line_1_6' title="bbox 495 613 1855 687; baseline -0.001 -14"><span class='ocrx_word' id='word_1_20' title='bbox 495 619 563 673; x_wconf 83' lang='grc' dir='ltr'><strong>Τί</strong></span> <span class='ocrx_word' id='word_1_21' title='bbox 588 616 784 681; x_wconf 77' lang='grc' dir='ltr'><strong>ταῦτα,</strong></span> <span class='ocrx_word' id='word_1_22' title='bbox 812 617 1010 686; x_wconf 79' lang='grc' dir='ltr'><strong>Μωσῆ,</strong></span> <span class='ocrx_word' id='word_1_23' title='bbox 1043 616 1107 669; x_wconf 81' lang='grc' dir='ltr'><strong>τὸ</strong></span> <span class='ocrx_word' id='word_1_24' title='bbox 1145 615 1566 687; x_wconf 82' lang='grc' dir='ltr'><strong>βραδῠγλωσσον</strong></span> <span class='ocrx_word' id='word_1_25' title='bbox 1588 613 1855 684; x_wconf 80' lang='grc' dir='ltr'><strong>τρέμεις;</strong></span> 
     </span>
    </p>
   </div>
   <div class='ocr_carea' id='block_1_7' title="bbox 497 706 1807 777">
    <p class='ocr_par' dir='ltr' id='par_1_7' title="bbox 497 706 1807 777">
     <span class='ocr_line' id='line_1_7' title="bbox 497 706 1807 777; baseline -0.005 -13"><span class='ocrx_word' id='word_1_26' title='bbox 497 709 610 764; x_wconf 76' lang='grc' dir='ltr'><strong><em>Καὶ</em></strong></span> <span class='ocrx_word' id='word_1_27' title='bbox 635 707 732 762; x_wconf 81' lang='grc' dir='ltr'><strong>τοῦ</strong></span> <span class='ocrx_word' id='word_1_28' title='bbox 752 707 886 762; x_wconf 80' lang='grc' dir='ltr'><strong><em>Θεοῦ</em></strong></span> <span class='ocrx_word' id='word_1_29' title='bbox 914 707 1211 772; x_wconf 79' lang='grc' dir='ltr'><strong><em>καλοῦντος</em></strong></span> <span class='ocrx_word' id='word_1_30' title='bbox 1233 709 1336 762; x_wconf 81' lang='grc' dir='ltr'><strong><em>οὐκ</em></strong></span> <span class='ocrx_word' id='word_1_31' title='bbox 1363 707 1526 771; x_wconf 79' lang='grc' dir='ltr'><strong>εὐθὺς</strong></span> <span class='ocrx_word' id='word_1_32' title='bbox 1554 706 1807 777; x_wconf 77' lang='grc' dir='ltr'><strong>τρέχειςς</strong></span> 
     </span>
    </p>
   </div>
   <div class='ocr_carea' id='block_1_8' title="bbox 504 798 1702 873">
    <p class='ocr_par' dir='ltr' id='par_1_8' title="bbox 504 798 1702 873">
     <span class='ocr_line' id='line_1_8' title="bbox 504 798 1702 873; baseline -0.006 -16"><span class='ocrx_word' id='word_1_33' title='bbox 504 805 693 873; x_wconf 77' lang='grc' dir='ltr'><strong>Ἔχεις</strong></span> <span class='ocrx_word' id='word_1_34' title='bbox 729 799 949 872; x_wconf 84' lang='grc' dir='ltr'><strong>Ἀαρὼν</strong></span> <span class='ocrx_word' id='word_1_35' title='bbox 982 800 1107 855; x_wconf 79' lang='grc' dir='ltr'><strong>ἀντὶ</strong></span> <span class='ocrx_word' id='word_1_36' title='bbox 1137 799 1233 855; x_wconf 83' lang='grc' dir='ltr'><strong>σοῦ</strong></span> <span class='ocrx_word' id='word_1_37' title='bbox 1263 798 1462 854; x_wconf 78' lang='grc' dir='ltr'>λαλοῦν</span> <span class='ocrx_word' id='word_1_38' title='bbox 1490 798 1667 867; x_wconf 81' lang='grc' dir='ltr'><strong><em>στόμα</em></strong></span> <span class='ocrx_word' id='word_1_39' title='bbox 1687 813 1702 828; x_wconf 90' lang='grc'><strong>·</strong></span> 
     </span>
    </p>
   </div>
   <div class='ocr_carea' id='block_1_9' title="bbox 495 887 1716 960">
    <p class='ocr_par' dir='ltr' id='par_1_9' title="bbox 495 887 1716 960">
     <span class='ocr_line' id='line_1_9' title="bbox 495 887 1716 960; baseline -0.002 -18"><span class='ocrx_word' id='word_1_40' title='bbox 495 890 689 960; x_wconf 83' lang='grc' dir='ltr'><strong>Τούτῳ</strong></span> <span class='ocrx_word' id='word_1_41' title='bbox 712 888 888 955; x_wconf 84' lang='grc' dir='ltr'><strong>λάλει,</strong></span> <span class='ocrx_word' id='word_1_42' title='bbox 917 888 1173 952; x_wconf 73' lang='grc' dir='ltr'><strong>κάκεῖνος</strong></span> <span class='ocrx_word' id='word_1_43' title='bbox 1203 889 1337 960; x_wconf 81' lang='grc' dir='ltr'><strong>είπῃ</strong></span> <span class='ocrx_word' id='word_1_44' title='bbox 1368 888 1483 952; x_wconf 80' lang='grc' dir='ltr'><strong>τοῖς</strong></span> <span class='ocrx_word' id='word_1_45' title='bbox 1515 887 1716 957; x_wconf 72' lang='grc' dir='ltr'><strong>ὄχλοις.</strong></span> 
     </span>
    </p>
   </div>
   <div class='ocr_carea' id='block_1_10' title="bbox 1065 981 1480 1050">
    <p class='ocr_par' dir='ltr' id='par_1_10' title="bbox 1065 981 1480 1050">
     <span class='ocr_line' id='line_1_10' title="bbox 1065 981 1480 1050; baseline 0 -14"><span class='ocrx_word' id='word_1_46' title='bbox 1065 983 1174 1050; x_wconf 83' lang='grc' dir='ltr'><strong>Είς</strong></span> <span class='ocrx_word' id='word_1_47' title='bbox 1202 982 1272 1036; x_wconf 80' lang='grc' dir='ltr'><strong>τὸ</strong></span> <span class='ocrx_word' id='word_1_48' title='bbox 1307 981 1480 1037; x_wconf 83' lang='grc' dir='ltr'><strong>αὐτό.</strong></span> 
     </span>
    </p>
   </div>
   <div class='ocr_carea' id='block_1_11' title="bbox 494 1071 1936 1146">
    <p class='ocr_par' dir='ltr' id='par_1_11' title="bbox 494 1071 1936 1146">
     <span class='ocr_line' id='line_1_11' title="bbox 494 1071 1936 1146; baseline -0.003 -18"><span class='ocrx_word' id='word_1_49' title='bbox 494 1074 776 1139; x_wconf 78' lang='grc' dir='ltr'><strong>Μωῡσέως</strong></span> <span class='ocrx_word' id='word_1_50' title='bbox 817 1074 1172 1146; x_wconf 65' lang='grc' dir='ltr'><strong>βραδύφωνον</strong></span> <span class='ocrx_word' id='word_1_51' title='bbox 1199 1072 1304 1142; x_wconf 78' lang='grc' dir='ltr'><strong>ιφυ</strong></span> <span class='ocrx_word' id='word_1_52' title='bbox 1333 1073 1532 1141; x_wconf 81' lang='grc' dir='ltr'><strong><em>στόμα,</em></strong></span> <span class='ocrx_word' id='word_1_53' title='bbox 1573 1072 1712 1128; x_wconf 84' lang='grc' dir='ltr'><strong>ἀλλὰ</strong></span> <span class='ocrx_word' id='word_1_54' title='bbox 1751 1071 1936 1142; x_wconf 73' lang='grc' dir='ltr'><strong>ἔμπης</strong></span> 
     </span>
    </p>
   </div>
   <div class='ocr_carea' id='block_1_12' title="bbox 497 1164 1861 1236">
    <p class='ocr_par' dir='ltr' id='par_1_12' title="bbox 497 1164 1861 1236">
     <span class='ocr_line' id='line_1_12' title="bbox 497 1164 1861 1236; baseline -0.001 -19"><span class='ocrx_word' id='word_1_55' title='bbox 497 1166 756 1235; x_wconf 76' lang='grc' dir='ltr'><strong>Κραιπνὴ</strong></span> <span class='ocrx_word' id='word_1_56' title='bbox 791 1166 1117 1236; x_wconf 77' lang='grc' dir='ltr'><strong>Ἀαρωνῖτις</strong></span> <span class='ocrx_word' id='word_1_57' title='bbox 1149 1164 1408 1236; x_wconf 74' lang='grc' dir='ltr'><strong>ἀδελφικὴ</strong></span> <span class='ocrx_word' id='word_1_58' title='bbox 1440 1165 1630 1236; x_wconf 72' lang='grc' dir='ltr'><strong>ἤντετο</strong></span> <span class='ocrx_word' id='word_1_59' title='bbox 1655 1164 1861 1236; x_wconf 74' lang='grc' dir='ltr'><strong>γῆρυςο</strong></span> 
     </span>
    </p>
   </div>
   <div class='ocr_carea' id='block_1_13' title="bbox 496 1254 2004 1329">
    <p class='ocr_par' dir='ltr' id='par_1_13' title="bbox 496 1254 2004 1329">
     <span class='ocr_line' id='line_1_13' title="bbox 496 1254 2004 1329; baseline -0.001 -19"><span class='ocrx_word' id='word_1_60' title='bbox 496 1257 684 1328; x_wconf 79' lang='grc' dir='ltr'><strong>Αὐτὰρ</strong></span> <span class='ocrx_word' id='word_1_61' title='bbox 705 1255 822 1326; x_wconf 68' lang='grc' dir='ltr'><strong><em>ιγὼ</em></strong></span> <span class='ocrx_word' id='word_1_62' title='bbox 850 1256 1224 1329; x_wconf 80' lang='grc' dir='ltr'><strong>βραδὺφωνος,</strong></span> <span class='ocrx_word' id='word_1_63' title='bbox 1254 1255 1512 1324; x_wconf 79' lang='grc' dir='ltr'><strong>ἀδελφεὸς</strong></span> <span class='ocrx_word' id='word_1_64' title='bbox 1538 1255 1661 1310; x_wconf 78' lang='grc' dir='ltr'><strong>οὐδέ</strong></span> <span class='ocrx_word' id='word_1_65' title='bbox 1684 1272 1776 1325; x_wconf 86' lang='grc' dir='ltr'><strong><em>μοι</em></strong></span> <span class='ocrx_word' id='word_1_66' title='bbox 1797 1254 1967 1322; x_wconf 73' lang='grc' dir='ltr'><strong>ἐγγύς</strong></span> <span class='ocrx_word' id='word_1_67' title='bbox 1987 1269 2004 1285; x_wconf 83' lang='grc'><strong>⁸</strong></span> 
     </span>
    </p>
   </div>
   <div class='ocr_carea' id='block_1_14' title="bbox 497 1344 2079 1419">
    <p class='ocr_par' dir='ltr' id='par_1_14' title="bbox 497 1344 2079 1419">
     <span class='ocr_line' id='line_1_14' title="bbox 497 1344 2079 1419; baseline -0.001 -18"><span class='ocrx_word' id='word_1_68' title='bbox 497 1349 542 1401; x_wconf 86' lang='grc' dir='ltr'><strong>Χ</strong></span> <span class='ocrx_word' id='word_1_69' title='bbox 551 1348 701 1419; x_wconf 74' lang='grc' dir='ltr'><strong>ριστὲ</strong></span> <span class='ocrx_word' id='word_1_70' title='bbox 725 1349 828 1404; x_wconf 82' lang='grc' dir='ltr'><strong><em>άνα</em></strong></span> <span class='ocrx_word' id='word_1_71' title='bbox 849 1348 1204 1419; x_wconf 76' lang='grc' dir='ltr'><strong>κλυτοτέχνη,</strong></span> <span class='ocrx_word' id='word_1_72' title='bbox 1231 1347 1297 1401; x_wconf 82' lang='grc' dir='ltr'><strong>σύ</strong></span> <span class='ocrx_word' id='word_1_73' title='bbox 1327 1363 1421 1419; x_wconf 89' lang='grc' dir='ltr'><strong><em>μοι</em></strong></span> <span class='ocrx_word' id='word_1_74' title='bbox 1451 1346 1626 1414; x_wconf 84' lang='grc' dir='ltr'><strong>στόμα</strong></span> <span class='ocrx_word' id='word_1_75' title='bbox 1649 1344 1920 1414; x_wconf 79' lang='grc' dir='ltr'><strong>κραιπνὸν</strong></span> <span class='ocrx_word' id='word_1_76' title='bbox 1941 1344 2079 1399; x_wconf 80' lang='grc' dir='ltr'><strong>όπάο</strong></span> 
     </span>
    </p>
   </div>
   <div class='ocr_carea' id='block_1_15' title="bbox 1833 1437 2002 1509">
    <p class='ocr_par' dir='ltr' id='par_1_15' title="bbox 1833 1437 2002 1509">
     <span class='ocr_line' id='line_1_15' title="bbox 1833 1437 2002 1509; baseline 0.006 -18"><span class='ocrx_word' id='word_1_77' title='bbox 1833 1437 2002 1509; x_wconf 85' lang='grc' dir='ltr'><strong>[σαις.</strong></span> 
     </span>
    </p>
   </div>
   <div class='ocr_carea' id='block_1_16' title="bbox 498 1529 2074 1603">
    <p class='ocr_par' dir='ltr' id='par_1_16' title="bbox 498 1529 2074 1603">
     <span class='ocr_line' id='line_1_16' title="bbox 498 1529 2074 1603; baseline 0.004 -16"><span class='ocrx_word' id='word_1_78' title='bbox 498 1533 606 1603; x_wconf 69' lang='grc' dir='ltr'><strong><em>Εἲς</em></strong></span> <span class='ocrx_word' id='word_1_79' title='bbox 635 1532 751 1600; x_wconf 73' lang='grc' dir='ltr'><strong><em>τὴν</em></strong></span> <span class='ocrx_word' id='word_1_80' title='bbox 773 1535 860 1600; x_wconf 82' lang='grc' dir='ltr'><strong><em>είς</em></strong></span> <span class='ocrx_word' id='word_1_81' title='bbox 885 1533 1024 1603; x_wconf 75' lang='grc' dir='ltr'><strong>ὅφιν</strong></span> <span class='ocrx_word' id='word_1_82' title='bbox 1043 1531 1388 1603; x_wconf 61' lang='grc' dir='ltr'><strong>μεταϐολὴκ</strong></span> <span class='ocrx_word' id='word_1_83' title='bbox 1409 1532 1518 1603; x_wconf 75' lang='grc' dir='ltr'><strong>τῆς</strong></span> <span class='ocrx_word' id='word_1_84' title='bbox 1539 1529 1768 1603; x_wconf 60' lang='grc' dir='ltr'><strong>ῥάϐδου</strong></span> <span class='ocrx_word' id='word_1_85' title='bbox 1791 1530 2074 1603; x_wconf 68' lang='grc' dir='ltr'><strong>Μωσέως,</strong></span> 
     </span>
    </p>
   </div>
   <div class='ocr_carea' id='block_1_17' title="bbox 569 1599 2074 1672">
    <p class='ocr_par' dir='ltr' id='par_1_17' title="bbox 569 1599 2074 1672">
     <span class='ocr_line' id='line_1_17' title="bbox 569 1599 2074 1672; baseline -0.002 -15"><span class='ocrx_word' id='word_1_86' title='bbox 569 1602 610 1672; x_wconf 74' lang='grc' dir='ltr'><strong><em>ἦ</em></strong></span> <span class='ocrx_word' id='word_1_87' title='bbox 648 1599 746 1657; x_wconf 74' lang='grc' dir='ltr'><strong><em>καί</em></strong></span> <span class='ocrx_word' id='word_1_88' title='bbox 779 1599 886 1670; x_wconf 77' lang='grc' dir='ltr'><strong>τὰς</strong></span> <span class='ocrx_word' id='word_1_89' title='bbox 913 1599 1058 1657; x_wconf 65' lang='grc' dir='ltr'><strong>ἐῶνθ’</strong></span> <span class='ocrx_word' id='word_1_90' title='bbox 1065 1601 1294 1672; x_wconf 76' lang='grc' dir='ltr'><strong>μιαρῶν</strong></span> <span class='ocrx_word' id='word_1_91' title='bbox 1309 1599 1592 1670; x_wconf 78' lang='grc' dir='ltr'><strong>ῥάϐδους,</strong></span> <span class='ocrx_word' id='word_1_92' title='bbox 1617 1601 1782 1669; x_wconf 67' lang='grc' dir='ltr'><strong>ὄφεις</strong></span> <span class='ocrx_word' id='word_1_93' title='bbox 1813 1601 1910 1653; x_wconf 74' lang='grc' dir='ltr'><strong><em>καὶ</em></strong></span> <span class='ocrx_word' id='word_1_94' title='bbox 1932 1599 2074 1654; x_wconf 84' lang='grc' dir='ltr'><strong>ταύ-</strong></span> 
     </span>
    </p>
   </div>
   <div class='ocr_carea' id='block_1_18' title="bbox 568 1672 1423 1742">
    <p class='ocr_par' dir='ltr' id='par_1_18' title="bbox 568 1672 1423 1742">
     <span class='ocr_line' id='line_1_18' title="bbox 568 1672 1423 1742; baseline -0.001 -15"><span class='ocrx_word' id='word_1_95' title='bbox 568 1690 677 1739; x_wconf 82' lang='grc' dir='ltr'><strong><em>τας</em></strong></span> <span class='ocrx_word' id='word_1_96' title='bbox 707 1673 1044 1742; x_wconf 74' lang='grc' dir='ltr'><strong>γινομένας,</strong></span> <span class='ocrx_word' id='word_1_97' title='bbox 1067 1672 1423 1742; x_wconf 73' lang='grc' dir='ltr'><strong><em>κατέφαγεν.</em></strong></span> 
     </span>
    </p>
   </div>
   <div class='ocr_carea' id='block_1_19' title="bbox 507 1783 1669 1856">
    <p class='ocr_par' dir='ltr' id='par_1_19' title="bbox 507 1783 1669 1856">
     <span class='ocr_line' id='line_1_19' title="bbox 507 1783 1669 1856; baseline -0.003 -16"><span class='ocrx_word' id='word_1_98' title='bbox 507 1787 676 1856; x_wconf 82' lang='grc' dir='ltr'><strong>Ὁρᾷς</strong></span> <span class='ocrx_word' id='word_1_99' title='bbox 709 1785 802 1839; x_wconf 83' lang='grc' dir='ltr'><strong>τὸν</strong></span> <span class='ocrx_word' id='word_1_100' title='bbox 843 1783 1163 1856; x_wconf 79' lang='grc' dir='ltr'><strong>ὲρπύσαντα</strong></span> <span class='ocrx_word' id='word_1_101' title='bbox 1193 1783 1486 1855; x_wconf 77' lang='grc' dir='ltr'><strong>δράκοντα,</strong></span> <span class='ocrx_word' id='word_1_102' title='bbox 1520 1783 1669 1851; x_wconf 79' lang='grc' dir='ltr'><strong>ξένε,</strong></span> 
     </span>
    </p>
   </div>
   <div class='ocr_carea' id='block_1_20' title="bbox 501 1874 1652 1947">
    <p class='ocr_par' dir='ltr' id='par_1_20' title="bbox 501 1874 1652 1947">
     <span class='ocr_line' id='line_1_20' title="bbox 501 1874 1652 1947; baseline -0.003 -16"><span class='ocrx_word' id='word_1_103' title='bbox 501 1878 613 1932; x_wconf 76' lang='grc' dir='ltr'><strong><em>Καὶ</em></strong></span> <span class='ocrx_word' id='word_1_104' title='bbox 637 1877 765 1941; x_wconf 80' lang='grc' dir='ltr'><strong>τοὺς</strong></span> <span class='ocrx_word' id='word_1_105' title='bbox 803 1874 1256 1947; x_wconf 81' lang='grc' dir='ltr'><strong>συνερπῦσαντας</strong></span> <span class='ocrx_word' id='word_1_106' title='bbox 1288 1875 1652 1946; x_wconf 79' lang='grc' dir='ltr'><strong>ὴφανηκότας</strong></span> 
     </span>
    </p>
   </div>
   <div class='ocr_carea' id='block_1_21' title="bbox 499 1965 1728 2040">
    <p class='ocr_par' dir='ltr' id='par_1_21' title="bbox 499 1965 1728 2040">
     <span class='ocr_line' id='line_1_21' title="bbox 499 1965 1728 2040; baseline -0.002 -18"><span class='ocrx_word' id='word_1_107' title='bbox 499 1971 568 2022; x_wconf 89' lang='grc' dir='ltr'><em>Ὃ</em></span> <span class='ocrx_word' id='word_1_108' title='bbox 598 1969 640 2040; x_wconf 72' lang='grc'><strong>1·</strong></span> <span class='ocrx_word' id='word_1_109' title='bbox 667 1969 834 2038; x_wconf 82' lang='grc' dir='ltr'><strong>μέχρι</strong></span> <span class='ocrx_word' id='word_1_110' title='bbox 864 1967 963 2020; x_wconf 82' lang='grc' dir='ltr'><strong>νῦν</strong></span> <span class='ocrx_word' id='word_1_111' title='bbox 986 1966 1200 2036; x_wconf 80' lang='grc' dir='ltr'><strong>πέφυκε</strong></span> <span class='ocrx_word' id='word_1_112' title='bbox 1225 1965 1424 2038; x_wconf 81' lang='grc' dir='ltr'><strong>ῥάϐδος</strong></span> <span class='ocrx_word' id='word_1_113' title='bbox 1453 1966 1728 2031; x_wconf 76' lang='grc' dir='ltr'><strong>Μωσέωςο</strong></span> 
     </span>
    </p>
   </div>
   <div class='ocr_carea' id='block_1_22' title="bbox 497 2060 1863 2131">
    <p class='ocr_par' dir='ltr' id='par_1_22' title="bbox 497 2060 1863 2131">
     <span class='ocr_line' id='line_1_22' title="bbox 497 2060 1863 2131; baseline 0.001 -17"><span class='ocrx_word' id='word_1_114' title='bbox 497 2064 561 2114; x_wconf 78' lang='lat' dir='ltr'><strong><em>Oi</em></strong></span> <span class='ocrx_word' id='word_1_115' title='bbox 600 2061 657 2114; x_wconf 82' lang='grc' dir='ltr'><strong><em>δὲ</em></strong></span> <span class='ocrx_word' id='word_1_116' title='bbox 692 2060 994 2130; x_wconf 75' lang='grc' dir='ltr'><strong><em>φθαρέντες</em></strong></span> <span class='ocrx_word' id='word_1_117' title='bbox 1027 2060 1137 2113; x_wconf 86' lang='grc' dir='ltr'><strong>τῶν</strong></span> <span class='ocrx_word' id='word_1_118' title='bbox 1182 2060 1303 2113; x_wconf 86' lang='grc' dir='ltr'><strong>κατ’</strong></span> <span class='ocrx_word' id='word_1_119' title='bbox 1336 2061 1614 2128; x_wconf 72' lang='grc' dir='ltr'><strong>Αἴγυπτον</strong></span> <span class='ocrx_word' id='word_1_120' title='bbox 1647 2062 1863 2131; x_wconf 82' lang='grc' dir='ltr'><strong><em>μάγων.</em></strong></span> 
     </span>
    </p>
   </div>
   <div class='ocr_carea' id='block_1_23' title="bbox 1057 2152 1446 2217">
    <p class='ocr_par' dir='ltr' id='par_1_23' title="bbox 1057 2152 1446 2217">
     <span class='ocr_line' id='line_1_23' title="bbox 1057 2152 1446 2217; baseline 0.003 -12"><span class='ocrx_word' id='word_1_121' title='bbox 1057 2153 1160 2217; x_wconf 76' lang='grc' dir='ltr'><strong><em>Εἰς</em></strong></span> <span class='ocrx_word' id='word_1_122' title='bbox 1191 2152 1258 2205; x_wconf 83' lang='grc' dir='ltr'><strong>τὸ</strong></span> <span class='ocrx_word' id='word_1_123' title='bbox 1277 2152 1446 2206; x_wconf 84' lang='grc' dir='ltr'><strong>αὐτό.</strong></span> 
     </span>
    </p>
   </div>
   <div class='ocr_carea' id='block_1_24' title="bbox 507 2239 1912 2314">
    <p class='ocr_par' dir='ltr' id='par_1_24' title="bbox 507 2239 1912 2314">
     <span class='ocr_line' id='line_1_24' title="bbox 507 2239 1912 2314; baseline 0.001 -18"><span class='ocrx_word' id='word_1_124' title='bbox 507 2244 602 2306; x_wconf 83' lang='grc' dir='ltr'><strong><em>Ἐξ</em></strong></span> <span class='ocrx_word' id='word_1_125' title='bbox 627 2243 800 2312; x_wconf 70' lang='grc' dir='ltr'><strong>ὀφίων</strong></span> <span class='ocrx_word' id='word_1_126' title='bbox 821 2243 984 2314; x_wconf 75' lang='grc' dir='ltr'><strong>ὄφιας</strong></span> <span class='ocrx_word' id='word_1_127' title='bbox 1007 2243 1246 2314; x_wconf 80' lang='grc' dir='ltr'><strong>φυσικὰς</strong></span> <span class='ocrx_word' id='word_1_128' title='bbox 1279 2239 1444 2312; x_wconf 79' lang='grc' dir='ltr'><strong>φῦναι</strong></span> <span class='ocrx_word' id='word_1_129' title='bbox 1469 2242 1652 2297; x_wconf 77' lang='grc' dir='ltr'><strong>ἔπλετ’</strong></span> <span class='ocrx_word' id='word_1_130' title='bbox 1674 2243 1912 2314; x_wconf 79' lang='grc' dir='ltr'><strong><em>ἀνάγκη,</em></strong></span> 
     </span>
    </p>
   </div>
   <div class='ocr_carea' id='block_1_25' title="bbox 509 2333 2078 2406">
    <p class='ocr_par' dir='ltr' id='par_1_25' title="bbox 509 2333 2078 2406">
     <span class='ocr_line' id='line_1_25' title="bbox 509 2333 2078 2406; baseline 0.001 -18"><span class='ocrx_word' id='word_1_131' title='bbox 509 2335 663 2389; x_wconf 82' lang='grc' dir='ltr'><strong>ἸΙΰτ⁹</strong></span> <span class='ocrx_word' id='word_1_132' title='bbox 688 2336 786 2389; x_wconf 78' lang='grc' dir='ltr'><strong>ἀπ’</strong></span> <span class='ocrx_word' id='word_1_133' title='bbox 822 2336 1068 2405; x_wconf 84' lang='grc' dir='ltr'><strong>ίχθυόφιν</strong></span> <span class='ocrx_word' id='word_1_134' title='bbox 1119 2334 1294 2404; x_wconf 84' lang='grc' dir='ltr'><strong>ίχθὺν,</strong></span> <span class='ocrx_word' id='word_1_135' title='bbox 1330 2336 1424 2387; x_wconf 78' lang='grc' dir='ltr'><strong><em>καὶ</em></strong></span> <span class='ocrx_word' id='word_1_136' title='bbox 1449 2335 1544 2389; x_wconf 85' lang='grc' dir='ltr'><strong>ἀπ’</strong></span> <span class='ocrx_word' id='word_1_137' title='bbox 1577 2333 1838 2405; x_wconf 83' lang='grc' dir='ltr'><strong>άνδρόφιν</strong></span> <span class='ocrx_word' id='word_1_138' title='bbox 1865 2335 2036 2406; x_wconf 77' lang='grc' dir='ltr'><strong>ἄνδρα</strong></span> <span class='ocrx_word' id='word_1_139' title='bbox 2057 2349 2078 2369; x_wconf 82' lang='grc'><strong><em>⁸</em></strong></span> 
     </span>
    </p>
   </div>
   <div class='ocr_carea' id='block_1_26' title="bbox 504 2422 2077 2495">
    <p class='ocr_par' dir='ltr' id='par_1_26' title="bbox 504 2422 2077 2495">
     <span class='ocr_line' id='line_1_26' title="bbox 504 2422 2077 2495; baseline 0.001 -19"><span class='ocrx_word' id='word_1_140' title='bbox 504 2422 766 2490; x_wconf 82' lang='grc' dir='ltr'><strong>Ἰἀϐδόφι</strong></span> <span class='ocrx_word' id='word_1_141' title='bbox 803 2423 848 2474; x_wconf 89' lang='grc' dir='ltr'><strong><em>δ’</em></strong></span> <span class='ocrx_word' id='word_1_142' title='bbox 878 2423 1188 2491; x_wconf 72' lang='grc' dir='ltr'><strong>ἐκγεγάμεν</strong></span> <span class='ocrx_word' id='word_1_143' title='bbox 1215 2422 1300 2486; x_wconf 88' lang='grc' dir='ltr'><strong><em>τίς</em></strong></span> <span class='ocrx_word' id='word_1_144' title='bbox 1329 2423 1452 2492; x_wconf 75' lang='grc' dir='ltr'><strong>ὅφιν</strong></span> <span class='ocrx_word' id='word_1_145' title='bbox 1488 2423 1608 2476; x_wconf 88' lang='grc' dir='ltr'><strong>ποτ’</strong></span> <span class='ocrx_word' id='word_1_146' title='bbox 1645 2423 1832 2478; x_wconf 81' lang='grc' dir='ltr'><strong>άκουσ’</strong></span> <span class='ocrx_word' id='word_1_147' title='bbox 1863 2423 2077 2495; x_wconf 82' lang='grc' dir='ltr'><strong>ἀνθρὼ-</strong></span> 
     </span>
    </p>
   </div>
   <div class='ocr_carea' id='block_1_27' title="bbox 1824 2514 2006 2587">
    <p class='ocr_par' dir='ltr' id='par_1_27' title="bbox 1824 2514 2006 2587">
     <span class='ocr_line' id='line_1_27' title="bbox 1824 2514 2006 2587; baseline 0.016 -21"><span class='ocrx_word' id='word_1_148' title='bbox 1824 2514 1968 2587; x_wconf 89' lang='grc' dir='ltr'><strong>[πων</strong></span> <span class='ocrx_word' id='word_1_149' title='bbox 1989 2533 2006 2582; x_wconf 88' lang='grc'><strong>;</strong></span> 
     </span>
    </p>
   </div>
   <div class='ocr_carea' id='block_1_28' title="bbox 494 2602 2005 2676">
    <p class='ocr_par' dir='ltr' id='par_1_28' title="bbox 494 2602 2005 2676">
     <span class='ocr_line' id='line_1_28' title="bbox 494 2602 2005 2676; baseline 0.002 -19"><span class='ocrx_word' id='word_1_150' title='bbox 494 2602 774 2666; x_wconf 77' lang='grc' dir='ltr'><strong>Μωῢσέως</strong></span> <span class='ocrx_word' id='word_1_151' title='bbox 806 2603 924 2658; x_wconf 82' lang='grc' dir='ltr'><strong>τόδε</strong></span> <span class='ocrx_word' id='word_1_152' title='bbox 954 2603 1136 2674; x_wconf 68' lang='grc' dir='ltr'><strong>ἔργον,</strong></span> <span class='ocrx_word' id='word_1_153' title='bbox 1179 2605 1207 2659; x_wconf 84' lang='grc' dir='ltr'><strong>ὅ</strong></span> <span class='ocrx_word' id='word_1_154' title='bbox 1243 2605 1293 2658; x_wconf 83' lang='lat' dir='ltr'><strong><em>oi</em></strong></span> <span class='ocrx_word' id='word_1_155' title='bbox 1327 2605 1460 2668; x_wconf 83' lang='grc' dir='ltr'><strong><em>Θεὸς</em></strong></span> <span class='ocrx_word' id='word_1_156' title='bbox 1488 2604 1667 2660; x_wconf 74' lang='lat' dir='ltr'><strong><em>limae&quot;</em></strong></span> <span class='ocrx_word' id='word_1_157' title='bbox 1691 2607 1784 2676; x_wconf 80' lang='grc' dir='ltr'><strong><em>ἀφ’</em></strong></span> <span class='ocrx_word' id='word_1_158' title='bbox 1817 2606 2005 2675; x_wconf 78' lang='grc' dir='ltr'><strong>ὕψους.</strong></span> 
     </span>
    </p>
   </div>
   <div class='ocr_carea' id='block_1_29' title="bbox 619 2690 1952 2819">
    <p class='ocr_par' dir='ltr' id='par_1_29' title="bbox 619 2690 1952 2819">
     <span class='ocr_line' id='line_1_29' title="bbox 619 2690 1952 2819; baseline 0.005 -72"><span class='ocrx_word' id='word_1_159' title='bbox 619 2695 726 2760; x_wconf 82' lang='grc' dir='ltr'><strong><em>Εἰς</em></strong></span> <span class='ocrx_word' id='word_1_160' title='bbox 757 2693 869 2760; x_wconf 79' lang='grc' dir='ltr'><strong><em>τὴν</em></strong></span> <span class='ocrx_word' id='word_1_161' title='bbox 888 2696 979 2763; x_wconf 82' lang='grc' dir='ltr'><strong><em>εις</em></strong></span> <span class='ocrx_word' id='word_1_162' title='bbox 1011 2690 1156 2764; x_wconf 78' lang='grc' dir='ltr'><strong>αἷμα</strong></span> <span class='ocrx_word' id='word_1_163' title='bbox 1169 2696 1536 2819; x_wconf 41' lang='grc' dir='ltr'><strong>ηιὲεταϐολὴν</strong></span> <span class='ocrx_word' id='word_1_164' title='bbox 1556 2699 1660 2752; x_wconf 87' lang='grc' dir='ltr'><strong>τοῦ</strong></span> <span class='ocrx_word' id='word_1_165' title='bbox 1697 2697 1952 2770; x_wconf 74' lang='grc' dir='ltr'><strong>νειλῴου</strong></span> 
     </span>
     <span class='ocr_line' id='line_1_30' title="bbox 1141 2783 1401 2819; baseline 0 0"><span class='ocrx_word' id='word_1_166' title='bbox 1141 2783 1194 2819; x_wconf 90' lang='grc' dir='ltr'><strong><em>,υ</em></strong></span> <span class='ocrx_word' id='word_1_167' title='bbox 1235 2784 1401 2819; x_wconf 75' lang='lat' dir='ltr'><strong><em>atoc.</em></strong></span> 
     </span>
    </p>
   </div>
   <div class='ocr_carea' id='block_1_30' title="bbox 591 2783 1401 2832">
    <p class='ocr_par' dir='ltr' id='par_1_30' title="bbox 591 2783 1401 2832">
     <span class='ocr_line' id='line_1_31' title="bbox 591 2783 1401 2832; baseline 0.004 -14"><span class='ocrx_word' id='word_1_168' title='bbox 591 2783 595 2788; x_wconf 92' lang='grc'><strong>·</strong></span> <span class='ocrx_word' id='word_1_169' title='bbox 1141 2783 1401 2832; x_wconf 74' lang='lat' dir='ltr'><strong><em>.voatoc.</em></strong></span> 
     </span>
    </p>
   </div>
   <div class='ocr_carea' id='block_1_31' title="bbox 497 2851 1803 2928">
    <p class='ocr_par' dir='ltr' id='par_1_31' title="bbox 497 2851 1803 2928">
     <span class='ocr_line' id='line_1_32' title="bbox 497 2851 1803 2928; baseline 0.007 -25"><span class='ocrx_word' id='word_1_170' title='bbox 497 2851 632 2915; x_wconf 83' lang='grc' dir='ltr'><strong>Ποῦ,</strong></span> <span class='ocrx_word' id='word_1_171' title='bbox 657 2852 846 2918; x_wconf 74' lang='grc' dir='ltr'><strong>Νεῖλε,</strong></span> <span class='ocrx_word' id='word_1_172' title='bbox 877 2855 986 2908; x_wconf 85' lang='grc' dir='ltr'><strong>τῶν</strong></span> <span class='ocrx_word' id='word_1_173' title='bbox 1020 2855 1128 2908; x_wconf 85' lang='grc' dir='ltr'><strong><em>σῶν</em></strong></span> <span class='ocrx_word' id='word_1_174' title='bbox 1159 2857 1418 2925; x_wconf 82' lang='grc' dir='ltr'><strong>ναμάτων</strong></span> <span class='ocrx_word' id='word_1_175' title='bbox 1453 2858 1485 2926; x_wconf 76' lang='grc' dir='ltr'><strong>ἡ</strong></span> <span class='ocrx_word' id='word_1_176' title='bbox 1511 2857 1803 2928; x_wconf 75' lang='grc' dir='ltr'><strong><em>λευκότης,</em></strong></span> 
     </span>
    </p>
   </div>
   <div class='ocr_carea' id='block_1_32' title="bbox 499 2942 1755 3020">
    <p class='ocr_par' dir='ltr' id='par_1_32' title="bbox 499 2942 1755 3020">
     <span class='ocr_line' id='line_1_33' title="bbox 499 2942 1755 3020; baseline 0.006 -25"><span class='ocrx_word' id='word_1_177' title='bbox 499 2944 598 3006; x_wconf 86' lang='grc' dir='ltr'><strong><em>Ὃς</em></strong></span> <span class='ocrx_word' id='word_1_178' title='bbox 629 2942 730 2996; x_wconf 83' lang='grc' dir='ltr'><strong>νῦν</strong></span> <span class='ocrx_word' id='word_1_179' title='bbox 754 2944 816 2997; x_wconf 83' lang='grc' dir='ltr'><strong>τὸ</strong></span> <span class='ocrx_word' id='word_1_180' title='bbox 850 2945 1068 3015; x_wconf 86' lang='grc' dir='ltr'><strong>ῥεῖθρον</strong></span> <span class='ocrx_word' id='word_1_181' title='bbox 1093 2947 1402 3017; x_wconf 81' lang='grc' dir='ltr'><strong>αἱματῶδες</strong></span> <span class='ocrx_word' id='word_1_182' title='bbox 1429 2949 1716 3020; x_wconf 76' lang='grc' dir='ltr'><strong>προρῥέεις</strong></span> <span class='ocrx_word' id='word_1_183' title='bbox 1740 2968 1755 3014; x_wconf 89' lang='grc'>;</span> 
     </span>
    </p>
   </div>
   <div class='ocr_carea' id='block_1_33' title="bbox 493 3029 1778 3108">
    <p class='ocr_par' dir='ltr' id='par_1_33' title="bbox 493 3029 1778 3108">
     <span class='ocr_line' id='line_1_34' title="bbox 493 3029 1778 3108; baseline 0.004 -20"><span class='ocrx_word' id='word_1_184' title='bbox 493 3034 607 3106; x_wconf 82' lang='grc' dir='ltr'><strong>Τὴν</strong></span> <span class='ocrx_word' id='word_1_185' title='bbox 635 3036 832 3108; x_wconf 82' lang='grc' dir='ltr'><strong>ῥάϐδον</strong></span> <span class='ocrx_word' id='word_1_186' title='bbox 873 3037 1003 3101; x_wconf 78' lang='grc' dir='ltr'><strong>ἴσως</strong></span> <span class='ocrx_word' id='word_1_187' title='bbox 1036 3029 1337 3108; x_wconf 73' lang='grc' dir='ltr'><strong>ἐντραπεὶς</strong></span> <span class='ocrx_word' id='word_1_188' title='bbox 1379 3039 1474 3092; x_wconf 81' lang='grc' dir='ltr'><strong>τοῦ</strong></span> <span class='ocrx_word' id='word_1_189' title='bbox 1508 3040 1778 3105; x_wconf 80' lang='grc' dir='ltr'><strong>Μωσέως,</strong></span> 
     </span>
    </p>
   </div>
   <div class='ocr_carea' id='block_1_34' title="bbox 499 3190 2073 3264">
    <p class='ocr_par' dir='ltr' id='par_1_34' title="bbox 499 3190 2073 3264">
     <span class='ocr_line' id='line_1_35' title="bbox 499 3190 2073 3264; baseline 0.004 -19"><span class='ocrx_word' id='word_1_190' title='bbox 499 3190 578 3246; x_wconf 86' lang='lat' dir='ltr'><strong><em>De</em></strong></span> <span class='ocrx_word' id='word_1_191' title='bbox 629 3190 775 3246; x_wconf 77' lang='lat' dir='ltr'><strong><em>More</em></strong></span> <span class='ocrx_word' id='word_1_192' title='bbox 803 3208 920 3264; x_wconf 84' lang='lat' dir='ltr'><strong><em>cum</em></strong></span> <span class='ocrx_word' id='word_1_193' title='bbox 953 3193 1217 3264; x_wconf 80' lang='lat' dir='ltr'><strong><em>mandatis</em></strong></span> <span class='ocrx_word' id='word_1_194' title='bbox 1260 3194 1331 3248; x_wconf 84' lang='lat' dir='ltr'><strong><em>ad</em></strong></span> <span class='ocrx_word' id='word_1_195' title='bbox 1364 3192 1696 3251; x_wconf 76' lang='lat' dir='ltr'><strong><em>Pharaonem</em></strong></span> <span class='ocrx_word' id='word_1_196' title='bbox 1723 3196 1905 3264; x_wconf 79' lang='lat' dir='ltr'><strong><em>misso,</em></strong></span> <span class='ocrx_word' id='word_1_197' title='bbox 1932 3206 1984 3252; x_wconf 92' lang='lat' dir='ltr'><strong><em>et</em></strong></span> <span class='ocrx_word' id='word_1_198' title='bbox 2011 3198 2073 3252; x_wconf 83' lang='lat' dir='ltr'><strong><em>ob</em></strong></span> 
     </span>
    </p>
   </div>
   <div class='ocr_carea' id='block_1_35' title="bbox 847 3263 1804 3333">
    <p class='ocr_par' dir='ltr' id='par_1_35' title="bbox 847 3263 1804 3333">
     <span class='ocr_line' id='line_1_36' title="bbox 847 3263 1804 3333; baseline 0.005 -16"><span class='ocrx_word' id='word_1_199' title='bbox 847 3263 996 3333; x_wconf 81' lang='lat' dir='ltr'><strong><em>[undi</em></strong></span> <span class='ocrx_word' id='word_1_200' title='bbox 1028 3265 1331 3318; x_wconf 76' lang='lat' dir='ltr'><strong><em>tarditatem</em></strong></span> <span class='ocrx_word' id='word_1_201' title='bbox 1354 3267 1430 3321; x_wconf 83' lang='lat' dir='ltr'><strong><em>ire</em></strong></span> <span class='ocrx_word' id='word_1_202' title='bbox 1462 3267 1804 3322; x_wconf 77' lang='lat' dir='ltr'><strong><em>detrectante.</em></strong></span> 
     </span>
    </p>
   </div>
   <div class='ocr_carea' id='block_1_36' title="bbox 573 3371 2075 3444">
    <p class='ocr_par' dir='ltr' id='par_1_36' title="bbox 573 3371 2075 3444">
     <span class='ocr_line' id='line_1_37' title="bbox 573 3371 2075 3444; baseline 0.003 -16"><span class='ocrx_word' id='word_1_203' title='bbox 573 3371 686 3428; x_wconf 86' lang='lat' dir='ltr'><strong><em>Cur</em></strong></span> <span class='ocrx_word' id='word_1_204' title='bbox 716 3374 812 3437; x_wconf 80' lang='lat' dir='ltr'><strong><em>ita.</em></strong></span> <span class='ocrx_word' id='word_1_205' title='bbox 855 3373 1054 3441; x_wconf 80' lang='lat' dir='ltr'><strong><em>Moses,</em></strong></span> <span class='ocrx_word' id='word_1_206' title='bbox 1090 3375 1286 3444; x_wconf 65' lang='lat' dir='ltr'><strong><em>linguae</em></strong></span> <span class='ocrx_word' id='word_1_207' title='bbox 1311 3376 1592 3431; x_wconf 82' lang='lat' dir='ltr'><strong><em>infantiam</em></strong></span> <span class='ocrx_word' id='word_1_208' title='bbox 1634 3379 1977 3444; x_wconf 79' lang='lat' dir='ltr'><strong><em>reformidas,</em></strong></span> <span class='ocrx_word' id='word_1_209' title='bbox 2018 3388 2075 3435; x_wconf 90' lang='lat' dir='ltr'><strong><em>et</em></strong></span> 
     </span>
    </p>
   </div>
   <div class='ocr_carea' id='block_1_37' title="bbox 491 3462 2071 3534">
    <p class='ocr_par' dir='ltr' id='par_1_37' title="bbox 491 3462 2071 3534">
     <span class='ocr_line' id='line_1_38' title="bbox 491 3462 2071 3534; baseline 0.004 -18"><span class='ocrx_word' id='word_1_210' title='bbox 491 3462 603 3517; x_wconf 86' lang='lat' dir='ltr'><strong><em>Deo</em></strong></span> <span class='ocrx_word' id='word_1_211' title='bbox 639 3474 863 3519; x_wconf 86' lang='lat' dir='ltr'><strong><em>vocante</em></strong></span> <span class='ocrx_word' id='word_1_212' title='bbox 892 3481 998 3520; x_wconf 90' lang='lat' dir='ltr'><strong><em>non</em></strong></span> <span class='ocrx_word' id='word_1_213' title='bbox 1029 3466 1175 3520; x_wconf 83' lang='lat' dir='ltr'><strong><em>illico</em></strong></span> <span class='ocrx_word' id='word_1_214' title='bbox 1203 3467 1523 3534; x_wconf 77' lang='lat' dir='ltr'><strong><em>procurrisl</em></strong></span> <span class='ocrx_word' id='word_1_215' title='bbox 1551 3466 1819 3523; x_wconf 83' lang='lat' dir='ltr'><strong><em>Aaronem</em></strong></span> <span class='ocrx_word' id='word_1_216' title='bbox 1852 3466 2071 3523; x_wconf 77' lang='lat' dir='ltr'><strong><em>fratrem</em></strong></span> 
     </span>
    </p>
   </div>
   <div class='ocr_carea' id='block_1_38' title="bbox 493 3554 2074 3628">
    <p class='ocr_par' dir='ltr' id='par_1_38' title="bbox 493 3554 2074 3628">
     <span class='ocr_line' id='line_1_39' title="bbox 493 3554 2074 3628; baseline 0.006 -22"><span class='ocrx_word' id='word_1_217' title='bbox 493 3568 596 3623; x_wconf 86' lang='lat' dir='ltr'><strong><em>pro</em></strong></span> <span class='ocrx_word' id='word_1_218' title='bbox 624 3563 675 3609; x_wconf 90' lang='lat' dir='ltr'><strong><em>te</em></strong></span> <span class='ocrx_word' id='word_1_219' title='bbox 700 3554 1007 3623; x_wconf 76' lang='lat' dir='ltr'><strong><em>loquentem</em></strong></span> <span class='ocrx_word' id='word_1_220' title='bbox 1043 3565 1235 3612; x_wconf 89' lang='lat' dir='ltr'><strong><em>nactus</em></strong></span> <span class='ocrx_word' id='word_1_221' title='bbox 1271 3571 1351 3624; x_wconf 76' lang='lat' dir='ltr'><strong><em>es,</em></strong></span> <span class='ocrx_word' id='word_1_222' title='bbox 1400 3559 1488 3612; x_wconf 88' lang='lat' dir='ltr'><strong><em>cui</em></strong></span> <span class='ocrx_word' id='word_1_223' title='bbox 1518 3558 1758 3627; x_wconf 75' lang='lat' dir='ltr'><strong><em>loquere,</em></strong></span> <span class='ocrx_word' id='word_1_224' title='bbox 1813 3570 1926 3614; x_wconf 86' lang='lat' dir='ltr'><strong><em>tum</em></strong></span> <span class='ocrx_word' id='word_1_225' title='bbox 1957 3559 2074 3628; x_wconf 62' lang='lat' dir='ltr'><strong><em>;ille</em></strong></span> 
     </span>
    </p>
   </div>
   <div class='ocr_carea' id='block_1_39' title="bbox 492 3646 1474 3719">
    <p class='ocr_par' dir='ltr' id='par_1_39' title="bbox 492 3646 1474 3719">
     <span class='ocr_line' id='line_1_40' title="bbox 492 3646 1474 3719; baseline 0.007 -19"><span class='ocrx_word' id='word_1_226' title='bbox 492 3646 638 3715; x_wconf 74' lang='lat' dir='ltr'><strong><em>apud</em></strong></span> <span class='ocrx_word' id='word_1_227' title='bbox 669 3646 857 3702; x_wconf 85' lang='lat' dir='ltr'><strong><em>turbas</em></strong></span> <span class='ocrx_word' id='word_1_228' title='bbox 878 3648 1058 3704; x_wconf 77' lang='lat' dir='ltr'><strong><em>audita</em></strong></span> <span class='ocrx_word' id='word_1_229' title='bbox 1101 3648 1474 3719; x_wconf 88' lang='lat' dir='ltr'><strong><em>proloquetur.</em></strong></span> 
     </span>
    </p>
   </div>
   <div class='ocr_carea' id='block_1_40' title="bbox 1146 3763 1406 3820">
    <p class='ocr_par' dir='ltr' id='par_1_40' title="bbox 1146 3763 1406 3820">
     <span class='ocr_line' id='line_1_41' title="bbox 1146 3763 1406 3820; baseline 0.004 -2"><span class='ocrx_word' id='word_1_230' title='bbox 1146 3763 1216 3819; x_wconf 84' lang='lat' dir='ltr'><strong><em>In</em></strong></span> <span class='ocrx_word' id='word_1_231' title='bbox 1247 3765 1406 3820; x_wconf 85' lang='lat' dir='ltr'><strong><em>idem.</em></strong></span> 
     </span>
    </p>
   </div>
   <div class='ocr_carea' id='block_1_41' title="bbox 567 3867 2076 3944">
    <p class='ocr_par' dir='ltr' id='par_1_41' title="bbox 567 3867 2076 3944">
     <span class='ocr_line' id='line_1_42' title="bbox 567 3867 2076 3944; baseline 0.007 -21"><span class='ocrx_word' id='word_1_232' title='bbox 567 3867 743 3926; x_wconf 81' lang='lat' dir='ltr'><strong><em>Moses</em></strong></span> <span class='ocrx_word' id='word_1_233' title='bbox 767 3885 795 3924; x_wconf 91' lang='lat' dir='ltr'><strong><em>a</em></strong></span> <span class='ocrx_word' id='word_1_234' title='bbox 831 3881 1024 3928; x_wconf 85' lang='lat' dir='ltr'><strong><em>natura</em></strong></span> <span class='ocrx_word' id='word_1_235' title='bbox 1059 3873 1160 3928; x_wconf 86' lang='lat' dir='ltr'><strong><em>luit</em></strong></span> <span class='ocrx_word' id='word_1_236' title='bbox 1198 3889 1293 3930; x_wconf 90' lang='lat' dir='ltr'><strong><em>ore</em></strong></span> <span class='ocrx_word' id='word_1_237' title='bbox 1328 3875 1630 3944; x_wconf 83' lang='lat' dir='ltr'><strong><em>tardiloquo</em></strong></span> <span class='ocrx_word' id='word_1_238' title='bbox 1659 3893 1675 3944; x_wconf 89' lang='lat'><strong>;</strong></span> <span class='ocrx_word' id='word_1_239' title='bbox 1707 3885 1944 3932; x_wconf 85' lang='lat' dir='ltr'><strong><em>attamen</em></strong></span> <span class='ocrx_word' id='word_1_240' title='bbox 1981 3892 2076 3933; x_wconf 84' lang='lat' dir='ltr'><strong><em>ve-</em></strong></span> 
     </span>
    </p>
   </div>
   <div class='ocr_carea' id='block_1_42' title="bbox 491 3962 2073 4040">
    <p class='ocr_par' dir='ltr' id='par_1_42' title="bbox 491 3962 2073 4040">
     <span class='ocr_line' id='line_1_43' title="bbox 491 3962 2073 4040; baseline 0.006 -24"><span class='ocrx_word' id='word_1_241' title='bbox 491 3962 577 4017; x_wconf 80' lang='lat' dir='ltr'><strong><em>lox</em></strong></span> <span class='ocrx_word' id='word_1_242' title='bbox 619 3962 872 4032; x_wconf 82' lang='lat' dir='ltr'><strong><em>Aaronis,</em></strong></span> <span class='ocrx_word' id='word_1_243' title='bbox 906 3976 962 4021; x_wconf 92' lang='lat' dir='ltr'><strong><em>et</em></strong></span> <span class='ocrx_word' id='word_1_244' title='bbox 993 3967 1242 4036; x_wconf 81' lang='lat' dir='ltr'><strong><em>expedita</em></strong></span> <span class='ocrx_word' id='word_1_245' title='bbox 1287 3983 1391 4022; x_wconf 81' lang='lat' dir='ltr'><strong><em>vox</em></strong></span> <span class='ocrx_word' id='word_1_246' title='bbox 1441 3970 1803 4024; x_wconf 88' lang='lat' dir='ltr'><strong><em>occurrebat:</em></strong></span> <span class='ocrx_word' id='word_1_247' title='bbox 1835 3969 1929 4025; x_wconf 90' lang='lat' dir='ltr'><strong><em>sed</em></strong></span> <span class='ocrx_word' id='word_1_248' title='bbox 1974 3985 2073 4040; x_wconf 80' lang='lat' dir='ltr'><strong><em>ego</em></strong></span> 
     </span>
    </p>
   </div>
   <div class='ocr_carea' id='block_1_43' title="bbox 494 4056 2075 4130">
    <p class='ocr_par' dir='ltr' id='par_1_43' title="bbox 494 4056 2075 4130">
     <span class='ocr_line' id='line_1_44' title="bbox 494 4056 2075 4130; baseline 0.007 -25"><span class='ocrx_word' id='word_1_249' title='bbox 494 4067 614 4106; x_wconf 89' lang='lat' dir='ltr'><strong><em>sum</em></strong></span> <span class='ocrx_word' id='word_1_250' title='bbox 647 4068 744 4107; x_wconf 89' lang='lat' dir='ltr'><strong><em>ore</em></strong></span> <span class='ocrx_word' id='word_1_251' title='bbox 771 4056 836 4110; x_wconf 84' lang='lat' dir='ltr'><strong><em>ad</em></strong></span> <span class='ocrx_word' id='word_1_252' title='bbox 877 4057 1014 4110; x_wconf 86' lang='lat' dir='ltr'><strong><em>bona</em></strong></span> <span class='ocrx_word' id='word_1_253' title='bbox 1060 4057 1388 4121; x_wconf 89' lang='lat' dir='ltr'><strong><em>tardissimo,</em></strong></span> <span class='ocrx_word' id='word_1_254' title='bbox 1424 4073 1524 4114; x_wconf 88' lang='lat' dir='ltr'><strong><em>nec</em></strong></span> <span class='ocrx_word' id='word_1_255' title='bbox 1560 4060 1688 4114; x_wconf 86' lang='lat' dir='ltr'><strong><em>mihi</em></strong></span> <span class='ocrx_word' id='word_1_256' title='bbox 1737 4059 1913 4116; x_wconf 83' lang='lat' dir='ltr'><strong><em>frater</em></strong></span> <span class='ocrx_word' id='word_1_257' title='bbox 1936 4078 2075 4130; x_wconf 76' lang='lat' dir='ltr'><strong><em>pne-</em></strong></span> 
     </span>
    </p>
   </div>
   <div class='ocr_carea' id='block_1_44' title="bbox 490 4145 2072 4218">
    <p class='ocr_par' dir='ltr' id='par_1_44' title="bbox 490 4145 2072 4218">
     <span class='ocr_line' id='line_1_45' title="bbox 490 4145 2072 4218; baseline 0.008 -20"><span class='ocrx_word' id='word_1_258' title='bbox 490 4152 576 4198; x_wconf 89' lang='lat' dir='ltr'><strong><em>sto</em></strong></span> <span class='ocrx_word' id='word_1_259' title='bbox 612 4154 716 4210; x_wconf 84' lang='lat' dir='ltr'><strong><em>est,</em></strong></span> <span class='ocrx_word' id='word_1_260' title='bbox 751 4145 968 4202; x_wconf 78' lang='lat' dir='ltr'><strong><em>Christe</em></strong></span> <span class='ocrx_word' id='word_1_261' title='bbox 1001 4163 1118 4213; x_wconf 80' lang='lat' dir='ltr'><strong><em>rex,</em></strong></span> <span class='ocrx_word' id='word_1_262' title='bbox 1166 4150 1300 4206; x_wconf 90' lang='lat' dir='ltr'><strong><em>mire</em></strong></span> <span class='ocrx_word' id='word_1_263' title='bbox 1338 4151 1552 4206; x_wconf 78' lang='lat' dir='ltr'><strong>dicendi</strong></span> <span class='ocrx_word' id='word_1_264' title='bbox 1596 4151 1814 4218; x_wconf 75' lang='lat' dir='ltr'><strong><em>artifex,</em></strong></span> <span class='ocrx_word' id='word_1_265' title='bbox 1848 4167 1910 4209; x_wconf 90' lang='lat' dir='ltr'><strong><em>os</em></strong></span> <span class='ocrx_word' id='word_1_266' title='bbox 1939 4153 2072 4210; x_wconf 89' lang='lat' dir='ltr'><strong><em>mibi</em></strong></span> 
     </span>
    </p>
   </div>
   <div class='ocr_carea' id='block_1_45' title="bbox 491 4237 1207 4310">
    <p class='ocr_par' dir='ltr' id='par_1_45' title="bbox 491 4237 1207 4310">
     <span class='ocr_line' id='line_1_46' title="bbox 491 4237 1207 4310; baseline 0.013 -25"><span class='ocrx_word' id='word_1_267' title='bbox 491 4237 956 4305; x_wconf 88' lang='lat' dir='ltr'><strong><em>promptissimum</em></strong></span> <span class='ocrx_word' id='word_1_268' title='bbox 989 4239 1207 4310; x_wconf 76' lang='lat' dir='ltr'><strong><em>largire.</em></strong></span> 
     </span>
    </p>
   </div>
   <div class='ocr_carea' id='block_1_46' title="bbox 490 4347 2072 4428">
    <p class='ocr_par' dir='ltr' id='par_1_46' title="bbox 490 4347 2072 4428">
     <span class='ocr_line' id='line_1_47' title="bbox 490 4347 2072 4428; baseline 0.008 -28"><span class='ocrx_word' id='word_1_269' title='bbox 490 4347 570 4402; x_wconf 85' lang='lat' dir='ltr'><strong><em>De</em></strong></span> <span class='ocrx_word' id='word_1_270' title='bbox 617 4351 779 4428; x_wconf 70' lang='lat' dir='ltr'><strong><em>uirgae</em></strong></span> <span class='ocrx_word' id='word_1_271' title='bbox 814 4351 978 4428; x_wconf 71' lang='lat' dir='ltr'><strong><em>Hosis</em></strong></span> <span class='ocrx_word' id='word_1_272' title='bbox 1009 4354 1065 4407; x_wconf 82' lang='lat' dir='ltr'><strong><em>in</em></strong></span> <span class='ocrx_word' id='word_1_273' title='bbox 1097 4365 1384 4428; x_wconf 80' lang='lat' dir='ltr'><strong><em>serpentem</em></strong></span> <span class='ocrx_word' id='word_1_274' title='bbox 1420 4359 1796 4428; x_wconf 75' lang='lat' dir='ltr'><strong><em>conversione,</em></strong></span> <span class='ocrx_word' id='word_1_275' title='bbox 1861 4373 1980 4428; x_wconf 71' lang='lat' dir='ltr'><strong><em>qua:</em></strong></span> <span class='ocrx_word' id='word_1_276' title='bbox 2023 4367 2072 4412; x_wconf 86' lang='lat' dir='ltr'><strong><em>et</em></strong></span> 
     </span>
    </p>
   </div>
   <div class='ocr_carea' id='block_1_47' title="bbox 561 4422 2070 4502">
    <p class='ocr_par' dir='ltr' id='par_1_47' title="bbox 561 4422 2070 4502">
     <span class='ocr_line' id='line_1_48' title="bbox 561 4422 2070 4502; baseline 0.008 -33"><span class='ocrx_word' id='word_1_277' title='bbox 561 4423 853 4502; x_wconf 71' lang='lat' dir='ltr'><strong><em>ariolorum</em></strong></span> <span class='ocrx_word' id='word_1_278' title='bbox 884 4422 1080 4502; x_wconf 71' lang='lat' dir='ltr'><strong><em>virgas,</em></strong></span> <span class='ocrx_word' id='word_1_279' title='bbox 1132 4435 1181 4477; x_wconf 86' lang='lat' dir='ltr'><strong><em>et</em></strong></span> <span class='ocrx_word' id='word_1_280' title='bbox 1213 4425 1354 4493; x_wconf 85' lang='lat' dir='ltr'><strong><em>ipsas</em></strong></span> <span class='ocrx_word' id='word_1_281' title='bbox 1410 4427 1464 4480; x_wconf 87' lang='lat' dir='ltr'><strong><em>in</em></strong></span> <span class='ocrx_word' id='word_1_282' title='bbox 1492 4436 1779 4496; x_wconf 83' lang='lat' dir='ltr'><strong><em>serpentem</em></strong></span> <span class='ocrx_word' id='word_1_283' title='bbox 1820 4422 2070 4482; x_wconf 74' lang='lat' dir='ltr'><strong><em>immuta-</em></strong></span> 
     </span>
    </p>
   </div>
   <div class='ocr_carea' id='block_1_48' title="bbox 565 4490 985 4546">
    <p class='ocr_par' dir='ltr' id='par_1_48' title="bbox 565 4490 985 4546">
     <span class='ocr_line' id='line_1_49' title="bbox 565 4490 985 4546; baseline 0.012 -6"><span class='ocrx_word' id='word_1_284' title='bbox 565 4499 645 4543; x_wconf 88' lang='lat' dir='ltr'><strong><em>tas</em></strong></span> <span class='ocrx_word' id='word_1_285' title='bbox 694 4490 985 4546; x_wconf 74' lang='lat' dir='ltr'><strong><em>devorarit.</em></strong></span> 
     </span>
    </p>
   </div>
   <div class='ocr_carea' id='block_1_49' title="bbox 565 4603 2073 4681">
    <p class='ocr_par' dir='ltr' id='par_1_49' title="bbox 565 4603 2073 4681">
     <span class='ocr_line' id='line_1_50' title="bbox 565 4603 2073 4681; baseline 0.007 -25"><span class='ocrx_word' id='word_1_286' title='bbox 565 4603 862 4660; x_wconf 79' lang='lat' dir='ltr'><strong><em>Draconem</em></strong></span> <span class='ocrx_word' id='word_1_287' title='bbox 903 4605 1052 4662; x_wconf 84' lang='lat' dir='ltr'><strong><em>vides</em></strong></span> <span class='ocrx_word' id='word_1_288' title='bbox 1087 4605 1232 4660; x_wconf 82' lang='lat' dir='ltr'><strong><em>humi</em></strong></span> <span class='ocrx_word' id='word_1_289' title='bbox 1258 4617 1558 4678; x_wconf 87' lang='lat' dir='ltr'><strong><em>repentem,</em></strong></span> <span class='ocrx_word' id='word_1_290' title='bbox 1589 4624 1623 4663; x_wconf 90' lang='grc' dir='ltr'><strong><em>ο</em></strong></span> <span class='ocrx_word' id='word_1_291' title='bbox 1651 4609 1870 4681; x_wconf 83' lang='lat' dir='ltr'><strong><em>hospes,</em></strong></span> <span class='ocrx_word' id='word_1_292' title='bbox 1895 4611 1986 4680; x_wconf 87' lang='lat' dir='ltr'><strong><em>qui</em></strong></span> <span class='ocrx_word' id='word_1_293' title='bbox 2017 4619 2073 4666; x_wconf 88' lang='lat' dir='ltr'><strong><em>et</em></strong></span> 
     </span>
    </p>
   </div>
   <div class='ocr_carea' id='block_1_50' title="bbox 493 4696 2066 4777">
    <p class='ocr_par' dir='ltr' id='par_1_50' title="bbox 493 4696 2066 4777">
     <span class='ocr_line' id='line_1_51' title="bbox 493 4696 2066 4777; baseline 0.006 -31"><span class='ocrx_word' id='word_1_294' title='bbox 493 4696 630 4751; x_wconf 82' lang='lat' dir='ltr'><strong><em>alios</em></strong></span> <span class='ocrx_word' id='word_1_295' title='bbox 663 4706 943 4766; x_wconf 84' lang='lat' dir='ltr'><strong><em>serpentes</em></strong></span> <span class='ocrx_word' id='word_1_296' title='bbox 973 4699 1039 4753; x_wconf 85' lang='lat' dir='ltr'><strong><em>ad</em></strong></span> <span class='ocrx_word' id='word_1_297' title='bbox 1067 4697 1297 4753; x_wconf 84' lang='lat' dir='ltr'><strong><em>nihilum</em></strong></span> <span class='ocrx_word' id='word_1_298' title='bbox 1341 4700 1579 4777; x_wconf 76' lang='lat' dir='ltr'><strong><em>redigit?</em></strong></span> <span class='ocrx_word' id='word_1_299' title='bbox 1606 4701 1696 4770; x_wconf 90' lang='lat' dir='ltr'><strong><em>qui</em></strong></span> <span class='ocrx_word' id='word_1_300' title='bbox 1721 4718 1863 4756; x_wconf 89' lang='lat' dir='ltr'><strong><em>nunc</em></strong></span> <span class='ocrx_word' id='word_1_301' title='bbox 1881 4716 2066 4757; x_wconf 87' lang='lat' dir='ltr'><strong><em>rema-</em></strong></span> 
     </span>
    </p>
   </div>
   <div class='ocr_carea' id='block_1_51' title="bbox 493 4787 2072 4858">
    <p class='ocr_par' dir='ltr' id='par_1_51' title="bbox 493 4787 2072 4858">
     <span class='ocr_line' id='line_1_52' title="bbox 493 4787 2072 4858; baseline 0.004 -19"><span class='ocrx_word' id='word_1_302' title='bbox 493 4797 588 4839; x_wconf 86' lang='lat' dir='ltr'><strong><em>net</em></strong></span> <span class='ocrx_word' id='word_1_303' title='bbox 639 4801 885 4856; x_wconf 87' lang='lat' dir='ltr'><strong><em>serpens,</em></strong></span> <span class='ocrx_word' id='word_1_304' title='bbox 915 4795 998 4843; x_wconf 88' lang='lat' dir='ltr'><strong><em>est</em></strong></span> <span class='ocrx_word' id='word_1_305' title='bbox 1028 4788 1174 4858; x_wconf 85' lang='lat' dir='ltr'><strong><em>virga</em></strong></span> <span class='ocrx_word' id='word_1_306' title='bbox 1199 4787 1363 4843; x_wconf 81' lang='lat' dir='ltr'><strong><em>Mosis</em></strong></span> <span class='ocrx_word' id='word_1_307' title='bbox 1389 4805 1404 4854; x_wconf 93' lang='lat'><strong>;</strong></span> <span class='ocrx_word' id='word_1_308' title='bbox 1427 4791 1520 4858; x_wconf 90' lang='lat' dir='ltr'><strong><em>qui</em></strong></span> <span class='ocrx_word' id='word_1_309' title='bbox 1557 4806 1684 4845; x_wconf 88' lang='lat' dir='ltr'><strong><em>vero</em></strong></span> <span class='ocrx_word' id='word_1_310' title='bbox 1713 4803 1843 4848; x_wconf 88' lang='lat' dir='ltr'><strong><em>sunt</em></strong></span> <span class='ocrx_word' id='word_1_311' title='bbox 1881 4791 2072 4857; x_wconf 89' lang='lat' dir='ltr'><strong><em>occisi,</em></strong></span> 
     </span>
    </p>
   </div>
   <div class='ocr_carea' id='block_1_52' title="bbox 494 4877 1585 4950">
    <p class='ocr_par' dir='ltr' id='par_1_52' title="bbox 494 4877 1585 4950">
     <span class='ocr_line' id='line_1_53' title="bbox 494 4877 1585 4950; baseline 0.007 -20"><span class='ocrx_word' id='word_1_312' title='bbox 494 4891 778 4948; x_wconf 80' lang='lat' dir='ltr'><strong><em>magorum</em></strong></span> <span class='ocrx_word' id='word_1_313' title='bbox 825 4887 952 4935; x_wconf 87' lang='lat' dir='ltr'><strong><em>sunt</em></strong></span> <span class='ocrx_word' id='word_1_314' title='bbox 995 4877 1370 4950; x_wconf 66' lang='lat' dir='ltr'><strong><em>Egyptiorum</em></strong></span> <span class='ocrx_word' id='word_1_315' title='bbox 1398 4879 1585 4949; x_wconf 72' lang='lat' dir='ltr'><strong><em>virgae.</em></strong></span> 
     </span>
    </p>
   </div>
   <div class='ocr_carea' id='block_1_53' title="bbox 1150 4993 1422 5053">
    <p class='ocr_par' dir='ltr' id='par_1_53' title="bbox 1150 4993 1422 5053">
     <span class='ocr_line' id='line_1_54' title="bbox 1150 4993 1422 5053; baseline 0.018 -5"><span class='ocrx_word' id='word_1_316' title='bbox 1150 4993 1219 5048; x_wconf 88' lang='grc' dir='ltr'><strong>1η</strong></span> <span class='ocrx_word' id='word_1_317' title='bbox 1264 4997 1422 5053; x_wconf 83' lang='lat' dir='ltr'><strong><em>idem.</em></strong></span> 
     </span>
    </p>
   </div>
   <div class='ocr_carea' id='block_1_54' title="bbox 564 5079 2073 5159">
    <p class='ocr_par' dir='ltr' id='par_1_54' title="bbox 564 5079 2073 5159">
     <span class='ocr_line' id='line_1_55' title="bbox 564 5079 2073 5159; baseline 0.007 -25"><span class='ocrx_word' id='word_1_318' title='bbox 564 5079 641 5136; x_wconf 81' lang='lat' dir='ltr'><strong>Ex</strong></span> <span class='ocrx_word' id='word_1_319' title='bbox 663 5083 1006 5152; x_wconf 84' lang='lat' dir='ltr'><strong><em>serpentibus</em></strong></span> <span class='ocrx_word' id='word_1_320' title='bbox 1029 5087 1300 5143; x_wconf 85' lang='lat' dir='ltr'><strong><em>naturales</em></strong></span> <span class='ocrx_word' id='word_1_321' title='bbox 1318 5087 1538 5158; x_wconf 90' lang='lat' dir='ltr'><strong><em>produci</em></strong></span> <span class='ocrx_word' id='word_1_322' title='bbox 1561 5098 1840 5159; x_wconf 83' lang='lat' dir='ltr'><strong><em>serpentes</em></strong></span> <span class='ocrx_word' id='word_1_323' title='bbox 1865 5090 2073 5146; x_wconf 80' lang='lat' dir='ltr'><strong><em>inomn-</em></strong></span> 
     </span>
    </p>
   </div>
   <div class='ocr_carea' id='block_1_55' title="bbox 496 5170 2071 5247">
    <p class='ocr_par' dir='ltr' id='par_1_55' title="bbox 496 5170 2071 5247">
     <span class='ocr_line' id='line_1_56' title="bbox 496 5170 2071 5247; baseline 0.006 -21"><span class='ocrx_word' id='word_1_324' title='bbox 496 5170 684 5234; x_wconf 85' lang='lat' dir='ltr'><strong><em>bebat,</em></strong></span> <span class='ocrx_word' id='word_1_325' title='bbox 715 5171 856 5228; x_wconf 88' lang='lat' dir='ltr'><strong><em>sicut</em></strong></span> <span class='ocrx_word' id='word_1_326' title='bbox 881 5173 1056 5243; x_wconf 84' lang='lat' dir='ltr'><strong><em>pisces</em></strong></span> <span class='ocrx_word' id='word_1_327' title='bbox 1097 5190 1162 5231; x_wconf 81' lang='lat' dir='ltr'><strong><em>ex</em></strong></span> <span class='ocrx_word' id='word_1_328' title='bbox 1195 5175 1460 5247; x_wconf 86' lang='lat' dir='ltr'><strong><em>piscibus,</em></strong></span> <span class='ocrx_word' id='word_1_329' title='bbox 1487 5193 1554 5233; x_wconf 80' lang='lat' dir='ltr'><strong><em>ex</em></strong></span> <span class='ocrx_word' id='word_1_330' title='bbox 1625 5179 1933 5235; x_wconf 88' lang='lat' dir='ltr'><strong><em>hominibus</em></strong></span> <span class='ocrx_word' id='word_1_331' title='bbox 1967 5181 2071 5236; x_wconf 87' lang='lat' dir='ltr'><strong><em>ho-</em></strong></span> 
     </span>
    </p>
   </div>
   <div class='ocr_carea' id='block_1_56' title="bbox 495 5263 2070 5340">
    <p class='ocr_par' dir='ltr' id='par_1_56' title="bbox 495 5263 2070 5340">
     <span class='ocr_line' id='line_1_57' title="bbox 495 5263 2070 5340; baseline 0.008 -25"><span class='ocrx_word' id='word_1_332' title='bbox 495 5263 668 5317; x_wconf 85' lang='lat' dir='ltr'><strong><em>mines</em></strong></span> <span class='ocrx_word' id='word_1_333' title='bbox 698 5279 716 5317; x_wconf 92' lang='lat'><strong>:</strong></span> <span class='ocrx_word' id='word_1_334' title='bbox 746 5278 814 5318; x_wconf 81' lang='lat' dir='ltr'><strong><em>ex</em></strong></span> <span class='ocrx_word' id='word_1_335' title='bbox 841 5265 992 5334; x_wconf 86' lang='lat' dir='ltr'><strong><em>virga</em></strong></span> <span class='ocrx_word' id='word_1_336' title='bbox 1023 5275 1206 5322; x_wconf 90' lang='lat' dir='ltr'><strong><em>autem</em></strong></span> <span class='ocrx_word' id='word_1_337' title='bbox 1243 5267 1561 5338; x_wconf 88' lang='lat' dir='ltr'><strong><em>productum</em></strong></span> <span class='ocrx_word' id='word_1_338' title='bbox 1593 5280 1905 5338; x_wconf 83' lang='lat' dir='ltr'><strong><em>serpentem</em></strong></span> <span class='ocrx_word' id='word_1_339' title='bbox 1945 5272 2070 5340; x_wconf 85' lang='lat' dir='ltr'><strong><em>quis</em></strong></span> 
     </span>
    </p>
   </div>
   <div class='ocr_carea' id='block_1_57' title="bbox 485 5345 2071 5434">
    <p class='ocr_par' dir='ltr' id='par_1_57' title="bbox 485 5345 2071 5434">
     <span class='ocr_line' id='line_1_58' title="bbox 485 5345 2071 5434; baseline 0.007 -27"><span class='ocrx_word' id='word_1_340' title='bbox 485 5369 736 5423; x_wconf 85' lang='lat' dir='ltr'><strong><em>unquam</em></strong></span> <span class='ocrx_word' id='word_1_341' title='bbox 767 5357 1032 5413; x_wconf 88' lang='lat' dir='ltr'><strong><em>inaudivit</em></strong></span> <span class='ocrx_word' id='word_1_342' title='bbox 1059 5358 1082 5412; x_wconf 80' lang='lat'><strong><em>1</em></strong></span> <span class='ocrx_word' id='word_1_343' title='bbox 1124 5357 1239 5414; x_wconf 85' lang='lat' dir='ltr'><strong><em>Hoc</em></strong></span> <span class='ocrx_word' id='word_1_344' title='bbox 1265 5375 1296 5414; x_wconf 88' lang='lat' dir='ltr'><strong><em>a</em></strong></span> <span class='ocrx_word' id='word_1_345' title='bbox 1318 5359 1470 5417; x_wconf 63' lang='lat' dir='ltr'><strong><em>llose</em></strong></span> <span class='ocrx_word' id='word_1_346' title='bbox 1520 5361 1819 5432; x_wconf 74' lang='lat' dir='ltr'><strong><em>praestitum</em></strong></span> <span class='ocrx_word' id='word_1_347' title='bbox 1852 5378 1870 5424; x_wconf 87' lang='lat'><strong>;</strong></span> <span class='ocrx_word' id='word_1_348' title='bbox 1926 5345 2071 5434; x_wconf 84' lang='lat' dir='ltr'><strong><em>quod</em></strong></span> 
     </span>
    </p>
   </div>
   <div class='ocr_carea' id='block_1_58' title="bbox 498 5445 1340 5521">
    <p class='ocr_par' dir='ltr' id='par_1_58' title="bbox 498 5445 1340 5521">
     <span class='ocr_line' id='line_1_59' title="bbox 498 5445 1340 5521; baseline 0.007 -21"><span class='ocrx_word' id='word_1_349' title='bbox 498 5445 549 5501; x_wconf 84' lang='lat' dir='ltr'><strong><em>ei</em></strong></span> <span class='ocrx_word' id='word_1_350' title='bbox 579 5446 723 5504; x_wconf 87' lang='lat' dir='ltr'><strong><em>Deus</em></strong></span> <span class='ocrx_word' id='word_1_351' title='bbox 758 5448 825 5504; x_wconf 88' lang='lat' dir='ltr'><strong><em>ab</em></strong></span> <span class='ocrx_word' id='word_1_352' title='bbox 859 5449 969 5505; x_wconf 92' lang='lat' dir='ltr'><strong><em>alto</em></strong></span> <span class='ocrx_word' id='word_1_353' title='bbox 1021 5451 1340 5521; x_wconf 80' lang='lat' dir='ltr'><strong><em>impertivit.</em></strong></span> 
     </span>
    </p>
   </div>
   <div class='ocr_carea' id='block_1_59' title="bbox 736 5563 1847 5638">
    <p class='ocr_par' dir='ltr' id='par_1_59' title="bbox 736 5563 1847 5638">
     <span class='ocr_line' id='line_1_60' title="bbox 736 5563 1847 5638; baseline 0.008 -22"><span class='ocrx_word' id='word_1_354' title='bbox 736 5563 810 5619; x_wconf 83' lang='lat' dir='ltr'><strong><em>De</em></strong></span> <span class='ocrx_word' id='word_1_355' title='bbox 841 5565 953 5620; x_wconf 84' lang='lat' dir='ltr'><strong><em>Nili</em></strong></span> <span class='ocrx_word' id='word_1_356' title='bbox 981 5567 1132 5636; x_wconf 88' lang='lat' dir='ltr'><strong><em>aquis</em></strong></span> <span class='ocrx_word' id='word_1_357' title='bbox 1171 5569 1227 5620; x_wconf 85' lang='lat' dir='ltr'><strong><em>in</em></strong></span> <span class='ocrx_word' id='word_1_358' title='bbox 1255 5569 1564 5638; x_wconf 84' lang='lat' dir='ltr'><strong><em>sanguinem</em></strong></span> <span class='ocrx_word' id='word_1_359' title='bbox 1610 5571 1847 5625; x_wconf 86' lang='lat' dir='ltr'><strong><em>mutatis.</em></strong></span> 
     </span>
    </p>
   </div>
   <div class='ocr_carea' id='block_1_60' title="bbox 578 5653 2078 5733">
    <p class='ocr_par' dir='ltr' id='par_1_60' title="bbox 578 5653 2078 5733">
     <span class='ocr_line' id='line_1_61' title="bbox 578 5653 2078 5733; baseline 0.007 -26"><span class='ocrx_word' id='word_1_360' title='bbox 578 5653 716 5721; x_wconf 79' lang='lat' dir='ltr'><strong><em>Quo,</em></strong></span> <span class='ocrx_word' id='word_1_361' title='bbox 733 5653 874 5725; x_wconf 83' lang='lat' dir='ltr'><strong><em>Nile,</em></strong></span> <span class='ocrx_word' id='word_1_362' title='bbox 895 5665 1106 5712; x_wconf 86' lang='lat' dir='ltr'><strong><em>tuorum</em></strong></span> <span class='ocrx_word' id='word_1_363' title='bbox 1119 5656 1372 5714; x_wconf 81' lang='lat' dir='ltr'><strong><em>ﬂuctuum</em></strong></span> <span class='ocrx_word' id='word_1_364' title='bbox 1386 5657 1587 5714; x_wconf 88' lang='lat' dir='ltr'><strong><em>candor</em></strong></span> <span class='ocrx_word' id='word_1_365' title='bbox 1609 5661 1845 5729; x_wconf 83' lang='lat' dir='ltr'><strong><em>evanuit,</em></strong></span> <span class='ocrx_word' id='word_1_366' title='bbox 1866 5662 1954 5733; x_wconf 87' lang='lat' dir='ltr'><strong><em>qui</em></strong></span> <span class='ocrx_word' id='word_1_367' title='bbox 1970 5663 2078 5733; x_wconf 84' lang='lat' dir='ltr'><strong><em>jam</em></strong></span> 
     </span>
    </p>
   </div>
   <div class='ocr_carea' id='block_1_61' title="bbox 511 5745 2076 5824">
    <p class='ocr_par' dir='ltr' id='par_1_61' title="bbox 511 5745 2076 5824">
     <span class='ocr_line' id='line_1_62' title="bbox 511 5745 2076 5824; baseline 0.008 -26"><span class='ocrx_word' id='word_1_368' title='bbox 511 5757 736 5802; x_wconf 75' lang='lat' dir='ltr'><strong><em>cruento</em></strong></span> <span class='ocrx_word' id='word_1_369' title='bbox 772 5745 954 5801; x_wconf 70' lang='lat' dir='ltr'><strong><em>“uetiti</em></strong></span> <span class='ocrx_word' id='word_1_370' title='bbox 987 5747 1107 5803; x_wconf 87' lang='lat' dir='ltr'><strong><em>sinu</em></strong></span> <span class='ocrx_word' id='word_1_371' title='bbox 1141 5747 1470 5817; x_wconf 85' lang='lat' dir='ltr'><strong><em>perlabcris‘l</em></strong></span> <span class='ocrx_word' id='word_1_372' title='bbox 1501 5749 1640 5808; x_wconf 80' lang='lat' dir='ltr'><strong><em>forte</em></strong></span> <span class='ocrx_word' id='word_1_373' title='bbox 1672 5750 1834 5811; x_wconf 81' lang='lat' dir='ltr'><strong><em>Mosis</em></strong></span> <span class='ocrx_word' id='word_1_374' title='bbox 1872 5753 2076 5824; x_wconf 78' lang='lat' dir='ltr'><strong><em>virgam</em></strong></span> 
     </span>
    </p>
   </div>
   <div class='ocr_carea' id='block_1_62' title="bbox 2744 541 3148 606">
    <p class='ocr_par' dir='ltr' id='par_1_62' title="bbox 2744 541 3148 606">
     <span class='ocr_line' id='line_1_63' title="bbox 2744 541 3148 606; baseline 0 -12"><span class='ocrx_word' id='word_1_375' title='bbox 2744 541 2850 606; x_wconf 82' lang='grc' dir='ltr'><strong><em>Είς</em></strong></span> <span class='ocrx_word' id='word_1_376' title='bbox 2879 541 2947 592; x_wconf 83' lang='grc' dir='ltr'><strong>τὸ</strong></span> <span class='ocrx_word' id='word_1_377' title='bbox 2977 541 3148 594; x_wconf 74' lang='grc' dir='ltr'><strong>αὑτό.</strong></span> 
     </span>
    </p>
   </div>
   <div class='ocr_carea' id='block_1_63' title="bbox 2179 623 3546 700">
    <p class='ocr_par' dir='ltr' id='par_1_63' title="bbox 2179 623 3546 700">
     <span class='ocr_line' id='line_1_64' title="bbox 2179 623 3546 700; baseline 0.002 -18"><span class='ocrx_word' id='word_1_378' title='bbox 2179 629 2410 698; x_wconf 82' lang='grc' dir='ltr'><strong>Σύμπαν</strong></span> <span class='ocrx_word' id='word_1_379' title='bbox 2439 628 2540 699; x_wconf 75' lang='grc' dir='ltr'><strong><em>μὲν</em></strong></span> <span class='ocrx_word' id='word_1_380' title='bbox 2576 629 2793 683; x_wconf 77' lang='grc' dir='ltr'><strong>σιτίοισι</strong></span> <span class='ocrx_word' id='word_1_381' title='bbox 2821 630 2952 699; x_wconf 82' lang='grc' dir='ltr'><strong>φύει</strong></span> <span class='ocrx_word' id='word_1_382' title='bbox 3009 631 3109 684; x_wconf 79' lang='grc' dir='ltr'><strong>καὶ</strong></span> <span class='ocrx_word' id='word_1_383' title='bbox 3132 629 3352 698; x_wconf 75' lang='grc' dir='ltr'><strong>ἀέξεται</strong></span> <span class='ocrx_word' id='word_1_384' title='bbox 3383 623 3546 700; x_wconf 78' lang='grc' dir='ltr'><strong>αἷμα,</strong></span> 
     </span>
    </p>
   </div>
   <div class='ocr_carea' id='block_1_64' title="bbox 2177 721 3764 793">
    <p class='ocr_par' dir='ltr' id='par_1_64' title="bbox 2177 721 3764 793">
     <span class='ocr_line' id='line_1_65' title="bbox 2177 721 3764 793; baseline 0.003 -19"><span class='ocrx_word' id='word_1_385' title='bbox 2177 721 2488 792; x_wconf 81' lang='grc' dir='ltr'><strong>Δεξαμενὴν</strong></span> <span class='ocrx_word' id='word_1_386' title='bbox 2510 721 2554 776; x_wconf 89' lang='grc' dir='ltr'><strong><em>δ’</em></strong></span> <span class='ocrx_word' id='word_1_387' title='bbox 2582 722 2798 793; x_wconf 76' lang='grc' dir='ltr'><strong>εὕροιτο</strong></span> <span class='ocrx_word' id='word_1_388' title='bbox 2824 722 3156 793; x_wconf 62' lang='grc' dir='ltr'><strong>πλυσχιδὲα</strong></span> <span class='ocrx_word' id='word_1_389' title='bbox 3183 724 3282 784; x_wconf 80' lang='grc' dir='ltr'><strong>τὰς</strong></span> <span class='ocrx_word' id='word_1_390' title='bbox 3319 723 3522 789; x_wconf 70' lang='grc' dir='ltr'><strong>φλέϐας</strong></span> <span class='ocrx_word' id='word_1_391' title='bbox 3547 722 3723 789; x_wconf 78' lang='grc' dir='ltr'><strong>αὑτάς</strong></span> <span class='ocrx_word' id='word_1_392' title='bbox 3747 739 3764 757; x_wconf 89' lang='grc'>⁶</span> 
     </span>
    </p>
   </div>
   <div class='ocr_carea' id='block_1_65' title="bbox 2174 808 3546 887">
    <p class='ocr_par' dir='ltr' id='par_1_65' title="bbox 2174 808 3546 887">
     <span class='ocr_line' id='line_1_66' title="bbox 2174 808 3546 887; baseline 0.004 -22"><span class='ocrx_word' id='word_1_393' title='bbox 2174 808 2326 883; x_wconf 81' lang='grc' dir='ltr'><strong>Δίμα</strong></span> <span class='ocrx_word' id='word_1_394' title='bbox 2352 813 2410 867; x_wconf 73' lang='grc' dir='ltr'><strong><em>δὲ</em></strong></span> <span class='ocrx_word' id='word_1_395' title='bbox 2437 814 2499 867; x_wconf 82' lang='grc' dir='ltr'><strong><em>τδ</em></strong></span> <span class='ocrx_word' id='word_1_396' title='bbox 2525 813 2695 884; x_wconf 78' lang='grc' dir='ltr'><strong><em>ζαθέη</em></strong></span> <span class='ocrx_word' id='word_1_397' title='bbox 2729 816 2904 887; x_wconf 76' lang='grc' dir='ltr'><strong>Μωτῇ</strong></span> <span class='ocrx_word' id='word_1_398' title='bbox 2939 815 3298 884; x_wconf 85' lang='grc' dir='ltr'><strong>σχεδιάσσατο</strong></span> <span class='ocrx_word' id='word_1_399' title='bbox 3330 816 3546 886; x_wconf 80' lang='grc' dir='ltr'><strong>ῥάϐδος,</strong></span> 
     </span>
    </p>
   </div>
   <div class='ocr_carea' id='block_1_66' title="bbox 2176 905 3686 976">
    <p class='ocr_par' dir='ltr' id='par_1_66' title="bbox 2176 905 3686 976">
     <span class='ocr_line' id='line_1_67' title="bbox 2176 905 3686 976; baseline 0.004 -19"><span class='ocrx_word' id='word_1_400' title='bbox 2176 905 2456 976; x_wconf 78' lang='grc' dir='ltr'><strong>Δεξαμενὴ</strong></span> <span class='ocrx_word' id='word_1_401' title='bbox 2478 905 2533 960; x_wconf 76' lang='grc' dir='ltr'><strong>δέ</strong></span> <span class='ocrx_word' id='word_1_402' title='bbox 2559 908 2608 960; x_wconf 88' lang='lat' dir='ltr'><strong><em>oi</em></strong></span> <span class='ocrx_word' id='word_1_403' title='bbox 2635 907 2696 962; x_wconf 84' lang='grc' dir='ltr'><strong>οὐ</strong></span> <span class='ocrx_word' id='word_1_404' title='bbox 2724 908 2942 976; x_wconf 78' lang='grc' dir='ltr'><strong>φλέϐες,</strong></span> <span class='ocrx_word' id='word_1_405' title='bbox 2970 908 3086 961; x_wconf 83' lang='grc' dir='ltr'><strong>ἀλλ’</strong></span> <span class='ocrx_word' id='word_1_406' title='bbox 3109 908 3229 970; x_wconf 83' lang='grc' dir='ltr'><strong>ὅλος</strong></span> <span class='ocrx_word' id='word_1_407' title='bbox 3258 906 3451 960; x_wconf 76' lang='grc' dir='ltr'><strong>ἔπλετο</strong></span> <span class='ocrx_word' id='word_1_408' title='bbox 3471 905 3686 971; x_wconf 79' lang='grc' dir='ltr'><strong>Νεῖλος.</strong></span> 
     </span>
    </p>
   </div>
   <div class='ocr_carea' id='block_1_67' title="bbox 2352 997 3594 1067">
    <p class='ocr_par' dir='ltr' id='par_1_67' title="bbox 2352 997 3594 1067">
     <span class='ocr_line' id='line_1_68' title="bbox 2352 997 3594 1067; baseline 0.003 -16"><span class='ocrx_word' id='word_1_409' title='bbox 2352 999 2460 1063; x_wconf 85' lang='grc' dir='ltr'><strong>Είς</strong></span> <span class='ocrx_word' id='word_1_410' title='bbox 2485 997 2602 1067; x_wconf 81' lang='grc' dir='ltr'><strong><em>τὴν</em></strong></span> <span class='ocrx_word' id='word_1_411' title='bbox 2630 999 2700 1053; x_wconf 80' lang='grc' dir='ltr'><strong><em>ἐκ</em></strong></span> <span class='ocrx_word' id='word_1_412' title='bbox 2735 998 2843 1052; x_wconf 77' lang='grc' dir='ltr'><strong>τοῦ</strong></span> <span class='ocrx_word' id='word_1_413' title='bbox 2886 999 3101 1066; x_wconf 79' lang='grc' dir='ltr'><strong>ὓδατος</strong></span> <span class='ocrx_word' id='word_1_414' title='bbox 3135 998 3432 1054; x_wconf 79' lang='grc' dir='ltr'><strong>ἀνάδοσιν</strong></span> <span class='ocrx_word' id='word_1_415' title='bbox 3473 999 3594 1055; x_wconf 79' lang='grc' dir='ltr'><strong><em>τῶν</em></strong></span> 
     </span>
    </p>
   </div>
   <div class='ocr_carea' id='block_1_68' title="bbox 2772 1069 3122 1139">
    <p class='ocr_par' dir='ltr' id='par_1_68' title="bbox 2772 1069 3122 1139">
     <span class='ocr_line' id='line_1_69' title="bbox 2772 1069 3122 1139; baseline 0.006 -17"><span class='ocrx_word' id='word_1_416' title='bbox 2772 1069 3122 1139; x_wconf 75' lang='grc' dir='ltr'><strong><em>βατράχων.</em></strong></span> 
     </span>
    </p>
   </div>
   <div class='ocr_carea' id='block_1_69' title="bbox 2179 1157 3337 1231">
    <p class='ocr_par' dir='ltr' id='par_1_69' title="bbox 2179 1157 3337 1231">
     <span class='ocr_line' id='line_1_70' title="bbox 2179 1157 3337 1231; baseline 0.011 -19"><span class='ocrx_word' id='word_1_417' title='bbox 2179 1157 2456 1231; x_wconf 80' lang='grc' dir='ltr'><strong>Ἀμετρος</strong></span> <span class='ocrx_word' id='word_1_418' title='bbox 2489 1159 2718 1230; x_wconf 79' lang='grc' dir='ltr'><strong>δντωςή</strong></span> <span class='ocrx_word' id='word_1_419' title='bbox 2750 1159 2912 1230; x_wconf 83' lang='grc' dir='ltr'><strong>χάρις</strong></span> <span class='ocrx_word' id='word_1_420' title='bbox 2949 1160 3044 1214; x_wconf 77' lang='grc' dir='ltr'><strong>τοῦ</strong></span> <span class='ocrx_word' id='word_1_421' title='bbox 3069 1160 3337 1226; x_wconf 65' lang='grc' dir='ltr'><strong>Μωσέως.</strong></span> 
     </span>
    </p>
   </div>
   <div class='ocr_carea' id='block_1_70' title="bbox 2177 1243 3401 1324">
    <p class='ocr_par' dir='ltr' id='par_1_70' title="bbox 2177 1243 3401 1324">
     <span class='ocr_line' id='line_1_71' title="bbox 2177 1243 3401 1324; baseline 0.003 -22"><span class='ocrx_word' id='word_1_422' title='bbox 2177 1243 2256 1304; x_wconf 78' lang='grc' dir='ltr'><strong><em>Οὖ</em></strong></span> <span class='ocrx_word' id='word_1_423' title='bbox 2280 1249 2694 1322; x_wconf 79' lang='grc' dir='ltr'><strong>θαυματουργετ</strong></span> <span class='ocrx_word' id='word_1_424' title='bbox 2721 1250 2816 1304; x_wconf 76' lang='grc' dir='ltr'><strong><em>καὶ</em></strong></span> <span class='ocrx_word' id='word_1_425' title='bbox 2845 1250 2982 1323; x_wconf 86' lang='grc' dir='ltr'><strong>μόνη</strong></span> <span class='ocrx_word' id='word_1_426' title='bbox 3013 1251 3208 1324; x_wconf 83' lang='grc' dir='ltr'><strong>ῥάϐδος</strong></span> <span class='ocrx_word' id='word_1_427' title='bbox 3247 1251 3401 1306; x_wconf 84' lang='grc' dir='ltr'><strong>τόσα.</strong></span> 
     </span>
    </p>
   </div>
   <div class='ocr_carea' id='block_1_71' title="bbox 2185 1341 3494 1414">
    <p class='ocr_par' dir='ltr' id='par_1_71' title="bbox 2185 1341 3494 1414">
     <span class='ocr_line' id='line_1_72' title="bbox 2185 1341 3494 1414; baseline 0.009 -19"><span class='ocrx_word' id='word_1_428' title='bbox 2185 1341 2354 1414; x_wconf 73' lang='grc' dir='ltr'><strong>Ὀρᾷς</strong></span> <span class='ocrx_word' id='word_1_429' title='bbox 2393 1344 2638 1408; x_wconf 79' lang='grc' dir='ltr'><strong>ἐκείνους</strong></span> <span class='ocrx_word' id='word_1_430' title='bbox 2695 1346 2822 1408; x_wconf 79' lang='grc' dir='ltr'><strong>τοὺς</strong></span> <span class='ocrx_word' id='word_1_431' title='bbox 2851 1343 3114 1414; x_wconf 76' lang='grc' dir='ltr'><strong>ἀπείρως</strong></span> <span class='ocrx_word' id='word_1_432' title='bbox 3143 1342 3452 1414; x_wconf 79' lang='grc' dir='ltr'><strong>βατράχους</strong></span> <span class='ocrx_word' id='word_1_433' title='bbox 3478 1361 3494 1411; x_wconf 87' lang='grc'><strong>;</strong></span> 
     </span>
    </p>
   </div>
   <div class='ocr_carea' id='block_1_72' title="bbox 2192 1434 3284 1506">
    <p class='ocr_par' dir='ltr' id='par_1_72' title="bbox 2192 1434 3284 1506">
     <span class='ocr_line' id='line_1_73' title="bbox 2192 1434 3284 1506; baseline -0.001 -16"><span class='ocrx_word' id='word_1_434' title='bbox 2192 1437 2259 1490; x_wconf 85' lang='grc' dir='ltr'><strong>Ἦ</strong></span> <span class='ocrx_word' id='word_1_435' title='bbox 2286 1435 2480 1506; x_wconf 84' lang='grc' dir='ltr'><strong>ῥάϐδος</strong></span> <span class='ocrx_word' id='word_1_436' title='bbox 2507 1435 2707 1498; x_wconf 81' lang='grc' dir='ltr'><strong>αὐτοὺς</strong></span> <span class='ocrx_word' id='word_1_437' title='bbox 2735 1434 3091 1506; x_wconf 83' lang='grc' dir='ltr'><strong>αὐτοματίζει</strong></span> <span class='ocrx_word' id='word_1_438' title='bbox 3122 1435 3284 1503; x_wconf 84' lang='grc' dir='ltr'><strong>μόνη.</strong></span> 
     </span>
    </p>
   </div>
   <div class='ocr_carea' id='block_1_73' title="bbox 2755 1533 3147 1600">
    <p class='ocr_par' dir='ltr' id='par_1_73' title="bbox 2755 1533 3147 1600">
     <span class='ocr_line' id='line_1_74' title="bbox 2755 1533 3147 1600; baseline -0.005 -12"><span class='ocrx_word' id='word_1_439' title='bbox 2755 1535 2862 1600; x_wconf 79' lang='grc' dir='ltr'><strong>Είς</strong></span> <span class='ocrx_word' id='word_1_440' title='bbox 2883 1533 2954 1588; x_wconf 78' lang='grc' dir='ltr'><strong>τὸ</strong></span> <span class='ocrx_word' id='word_1_441' title='bbox 2977 1534 3147 1587; x_wconf 83' lang='grc' dir='ltr'><strong>αὐτό.</strong></span> 
     </span>
    </p>
   </div>
   <div class='ocr_carea' id='block_1_74' title="bbox 2181 1617 3517 1697">
    <p class='ocr_par' dir='ltr' id='par_1_74' title="bbox 2181 1617 3517 1697">
     <span class='ocr_line' id='line_1_75' title="bbox 2181 1617 3517 1697; baseline -0.005 -18"><span class='ocrx_word' id='word_1_442' title='bbox 2181 1625 2456 1697; x_wconf 75' lang='grc' dir='ltr'><strong>Βάτραχοι</strong></span> <span class='ocrx_word' id='word_1_443' title='bbox 2485 1626 2549 1678; x_wconf 62' lang='grc' dir='ltr'><strong><em>ἐκ</em></strong></span> <span class='ocrx_word' id='word_1_444' title='bbox 2579 1626 2852 1695; x_wconf 77' lang='grc' dir='ltr'><strong>ποταμοῖο</strong></span> <span class='ocrx_word' id='word_1_445' title='bbox 2880 1623 3100 1686; x_wconf 76' lang='grc' dir='ltr'><strong>ἀολλέες</strong></span> <span class='ocrx_word' id='word_1_446' title='bbox 3128 1617 3297 1694; x_wconf 81' lang='grc' dir='ltr'><strong>ἦλθον</strong></span> <span class='ocrx_word' id='word_1_447' title='bbox 3328 1620 3517 1692; x_wconf 77' lang='grc' dir='ltr'><strong>ἔραζε,</strong></span> 
     </span>
    </p>
   </div>
   <div class='ocr_carea' id='block_1_75' title="bbox 2104 1711 3546 1796">
    <p class='ocr_par' dir='ltr' id='par_1_75' title="bbox 2104 1711 3546 1796">
     <span class='ocr_line' id='line_1_76' title="bbox 2104 1711 3546 1796; baseline -0.002 -26"><span class='ocrx_word' id='word_1_448' title='bbox 2104 1735 2154 1796; x_wconf 78' lang='grc' dir='ltr'><strong>Β</strong></span> <span class='ocrx_word' id='word_1_449' title='bbox 2182 1716 2488 1787; x_wconf 83' lang='grc' dir='ltr'><strong>Μωσαῖκῆς</strong></span> <span class='ocrx_word' id='word_1_450' title='bbox 2521 1716 2739 1789; x_wconf 83' lang='grc' dir='ltr'><strong>ῥάϐδοιο</strong></span> <span class='ocrx_word' id='word_1_451' title='bbox 2766 1713 3118 1784; x_wconf 86' lang='grc' dir='ltr'><strong>πεπληγυίας</strong></span> <span class='ocrx_word' id='word_1_452' title='bbox 3146 1712 3288 1767; x_wconf 82' lang='grc' dir='ltr'><strong>καλὰ</strong></span> <span class='ocrx_word' id='word_1_453' title='bbox 3328 1711 3546 1784; x_wconf 77' lang='grc' dir='ltr'><strong>ῥεῖθρα.</strong></span> 
     </span>
    </p>
   </div>
   <div class='ocr_carea' id='block_1_76' title="bbox 2183 1801 3770 1876">
    <p class='ocr_par' dir='ltr' id='par_1_76' title="bbox 2183 1801 3770 1876">
     <span class='ocr_line' id='line_1_77' title="bbox 2183 1801 3770 1876; baseline -0.004 -16"><span class='ocrx_word' id='word_1_454' title='bbox 2183 1806 2283 1860; x_wconf 71' lang='lat' dir='ltr'><strong><em>“Av</em></strong></span> <span class='ocrx_word' id='word_1_455' title='bbox 2302 1805 2347 1861; x_wconf 86' lang='grc' dir='ltr'><strong><em>δ’</em></strong></span> <span class='ocrx_word' id='word_1_456' title='bbox 2375 1805 2508 1862; x_wconf 74' lang='grc' dir='ltr'><strong>ἔϐαν</strong></span> <span class='ocrx_word' id='word_1_457' title='bbox 2545 1805 2604 1870; x_wconf 71' lang='grc' dir='ltr'><strong>ἐς</strong></span> <span class='ocrx_word' id='word_1_458' title='bbox 2627 1823 2686 1858; x_wconf 80' lang='grc' dir='ltr'><strong><em>τε</em></strong></span> <span class='ocrx_word' id='word_1_459' title='bbox 2720 1805 2920 1876; x_wconf 84' lang='grc' dir='ltr'><strong>δόμους</strong></span> <span class='ocrx_word' id='word_1_460' title='bbox 2948 1802 3171 1876; x_wconf 81' lang='grc' dir='ltr'><strong>Φαραὼ,</strong></span> <span class='ocrx_word' id='word_1_461' title='bbox 3209 1802 3496 1866; x_wconf 80' lang='grc' dir='ltr'><strong>κλιϐάνους</strong></span> <span class='ocrx_word' id='word_1_462' title='bbox 3524 1818 3609 1870; x_wconf 88' lang='grc' dir='ltr'><strong><em>τε,</em></strong></span> <span class='ocrx_word' id='word_1_463' title='bbox 3641 1801 3770 1855; x_wconf 83' lang='grc' dir='ltr'><strong>κλί-</strong></span> 
     </span>
    </p>
   </div>
   <div class='ocr_carea' id='block_1_77' title="bbox 3451 1889 3688 1964">
    <p class='ocr_par' dir='ltr' id='par_1_77' title="bbox 3451 1889 3688 1964">
     <span class='ocr_line' id='line_1_78' title="bbox 3451 1889 3688 1964; baseline 0.004 -20"><span class='ocrx_word' id='word_1_464' title='bbox 3451 1889 3574 1964; x_wconf 89' lang='grc' dir='ltr'><strong>[νας</strong></span> <span class='ocrx_word' id='word_1_465' title='bbox 3600 1907 3688 1958; x_wconf 84' lang='grc' dir='ltr'><strong><em>τε,</em></strong></span> 
     </span>
    </p>
   </div>
   <div class='ocr_carea' id='block_1_78' title="bbox 2179 1983 3537 2058">
    <p class='ocr_par' dir='ltr' id='par_1_78' title="bbox 2179 1983 3537 2058">
     <span class='ocr_line' id='line_1_79' title="bbox 2179 1983 3537 2058; baseline -0.002 -17"><span class='ocrx_word' id='word_1_466' title='bbox 2179 1984 2423 2041; x_wconf 71' lang='grc' dir='ltr'><strong>οὕνεκεν</strong></span> <span class='ocrx_word' id='word_1_467' title='bbox 2453 1985 2718 2058; x_wconf 79' lang='grc' dir='ltr'><strong>Ἐϐραῖην</strong></span> <span class='ocrx_word' id='word_1_468' title='bbox 2745 1984 2914 2047; x_wconf 82' lang='grc' dir='ltr'><strong>ὀλοῶς</strong></span> <span class='ocrx_word' id='word_1_469' title='bbox 2938 1983 3275 2055; x_wconf 71' lang='grc' dir='ltr'><strong>κατείργαθε</strong></span> <span class='ocrx_word' id='word_1_470' title='bbox 3307 1983 3537 2054; x_wconf 82' lang='grc' dir='ltr'><strong>φύτλην.</strong></span> 
     </span>
    </p>
   </div>
   <div class='ocr_carea' id='block_1_79' title="bbox 2286 2095 3656 2168">
    <p class='ocr_par' dir='ltr' id='par_1_79' title="bbox 2286 2095 3656 2168">
     <span class='ocr_line' id='line_1_80' title="bbox 2286 2095 3656 2168; baseline -0.003 -14"><span class='ocrx_word' id='word_1_471' title='bbox 2286 2099 2392 2166; x_wconf 74' lang='grc' dir='ltr'><strong><em>Εἰς</em></strong></span> <span class='ocrx_word' id='word_1_472' title='bbox 2416 2098 2534 2168; x_wconf 78' lang='grc' dir='ltr'><strong>τὴν</strong></span> <span class='ocrx_word' id='word_1_473' title='bbox 2557 2098 2627 2153; x_wconf 79' lang='grc' dir='ltr'><strong><em>ἐκ</em></strong></span> <span class='ocrx_word' id='word_1_474' title='bbox 2653 2097 2764 2168; x_wconf 81' lang='grc' dir='ltr'><strong>τῆς</strong></span> <span class='ocrx_word' id='word_1_475' title='bbox 2791 2096 2902 2168; x_wconf 78' lang='grc' dir='ltr'><strong><em>τῆς</em></strong></span> <span class='ocrx_word' id='word_1_476' title='bbox 2924 2097 3031 2152; x_wconf 83' lang='grc' dir='ltr'><strong>τοῦ</strong></span> <span class='ocrx_word' id='word_1_477' title='bbox 3053 2099 3312 2164; x_wconf 67' lang='grc' dir='ltr'><strong>σκνιπθς</strong></span> <span class='ocrx_word' id='word_1_478' title='bbox 3334 2095 3656 2153; x_wconf 73' lang='grc' dir='ltr'><strong>ἀνάδοσιν.</strong></span> 
     </span>
    </p>
   </div>
   <div class='ocr_carea' id='block_1_80' title="bbox 2180 2183 3486 2258">
    <p class='ocr_par' dir='ltr' id='par_1_80' title="bbox 2180 2183 3486 2258">
     <span class='ocr_line' id='line_1_81' title="bbox 2180 2183 3486 2258; baseline -0.006 -16"><span class='ocrx_word' id='word_1_479' title='bbox 2180 2183 2372 2256; x_wconf 80' lang='grc' dir='ltr'><strong>Δέξαι,</strong></span> <span class='ocrx_word' id='word_1_480' title='bbox 2412 2187 2631 2258; x_wconf 73' lang='grc' dir='ltr'><strong>Φαραὼ,</strong></span> <span class='ocrx_word' id='word_1_481' title='bbox 2661 2187 2752 2240; x_wconf 88' lang='grc' dir='ltr'><strong><em>τὸν</em></strong></span> <span class='ocrx_word' id='word_1_482' title='bbox 2771 2186 2994 2254; x_wconf 83' lang='grc' dir='ltr'><strong>σκνίπα,</strong></span> <span class='ocrx_word' id='word_1_483' title='bbox 3019 2187 3238 2258; x_wconf 80' lang='grc' dir='ltr'><strong>πληγὴν</strong></span> <span class='ocrx_word' id='word_1_484' title='bbox 3265 2186 3486 2257; x_wconf 72' lang='grc' dir='ltr'><strong><em>τρίτην⁹</em></strong></span> 
     </span>
    </p>
   </div>
   <div class='ocr_carea' id='block_1_81' title="bbox 2181 2277 3415 2348">
    <p class='ocr_par' dir='ltr' id='par_1_81' title="bbox 2181 2277 3415 2348">
     <span class='ocr_line' id='line_1_82' title="bbox 2181 2277 3415 2348; baseline 0 -17"><span class='ocrx_word' id='word_1_485' title='bbox 2181 2277 2321 2348; x_wconf 84' lang='grc' dir='ltr'><strong>Πρὸς</strong></span> <span class='ocrx_word' id='word_1_486' title='bbox 2355 2277 2424 2346; x_wconf 74' lang='grc' dir='ltr'><strong>ἢν</strong></span> <span class='ocrx_word' id='word_1_487' title='bbox 2459 2277 2812 2346; x_wconf 82' lang='grc' dir='ltr'><strong>ἀπηγόρευκε</strong></span> <span class='ocrx_word' id='word_1_488' title='bbox 2838 2277 2936 2330; x_wconf 82' lang='grc' dir='ltr'><strong>καὶ</strong></span> <span class='ocrx_word' id='word_1_489' title='bbox 2961 2277 3185 2344; x_wconf 82' lang='grc' dir='ltr'><strong>σύμπας</strong></span> <span class='ocrx_word' id='word_1_490' title='bbox 3215 2277 3415 2346; x_wconf 78' lang='grc' dir='ltr'><strong>μάγος,</strong></span> 
     </span>
    </p>
   </div>
   <div class='ocr_carea' id='block_1_82' title="bbox 2182 2366 3348 2438">
    <p class='ocr_par' dir='ltr' id='par_1_82' title="bbox 2182 2366 3348 2438">
     <span class='ocr_line' id='line_1_83' title="bbox 2182 2366 3348 2438; baseline -0.003 -16"><span class='ocrx_word' id='word_1_491' title='bbox 2182 2369 2293 2423; x_wconf 78' lang='grc' dir='ltr'><strong><em>Καὶ</em></strong></span> <span class='ocrx_word' id='word_1_492' title='bbox 2323 2366 2682 2438; x_wconf 72' lang='grc' dir='ltr'><strong>σωφρονίζου,</strong></span> <span class='ocrx_word' id='word_1_493' title='bbox 2717 2368 2812 2420; x_wconf 76' lang='grc' dir='ltr'><strong><em>καὶ</em></strong></span> <span class='ocrx_word' id='word_1_494' title='bbox 2843 2366 2938 2420; x_wconf 78' lang='grc' dir='ltr'><strong><em>τὸν</em></strong></span> <span class='ocrx_word' id='word_1_495' title='bbox 2982 2366 3205 2437; x_wconf 79' lang='grc' dir='ltr'><strong>Ἰσραὴλ</strong></span> <span class='ocrx_word' id='word_1_496' title='bbox 3230 2366 3348 2434; x_wconf 82' lang='grc' dir='ltr'><strong>λύε,</strong></span> 
     </span>
    </p>
   </div>
   <div class='ocr_carea' id='block_1_83' title="bbox 2180 2456 3349 2530">
    <p class='ocr_par' dir='ltr' id='par_1_83' title="bbox 2180 2456 3349 2530">
     <span class='ocr_line' id='line_1_84' title="bbox 2180 2456 3349 2530; baseline 0 -17"><span class='ocrx_word' id='word_1_497' title='bbox 2180 2461 2272 2530; x_wconf 80' lang='grc' dir='ltr'><strong>Μὴ</strong></span> <span class='ocrx_word' id='word_1_498' title='bbox 2300 2461 2502 2530; x_wconf 81' lang='grc' dir='ltr'><strong>πεῖραν</strong></span> <span class='ocrx_word' id='word_1_499' title='bbox 2522 2456 2650 2530; x_wconf 74' lang='grc' dir='ltr'><strong><em>ἓξῃς</em></strong></span> <span class='ocrx_word' id='word_1_500' title='bbox 2685 2457 2970 2528; x_wconf 87' lang='grc' dir='ltr'><strong>μαστίγων</strong></span> <span class='ocrx_word' id='word_1_501' title='bbox 3005 2457 3349 2530; x_wconf 76' lang='grc' dir='ltr'><strong>βαρυτέρων.</strong></span> 
     </span>
    </p>
   </div>
   <div class='ocr_carea' id='block_1_84' title="bbox 2532 2551 3144 2616">
    <p class='ocr_par' dir='ltr' id='par_1_84' title="bbox 2532 2551 3144 2616">
     <span class='ocr_line' id='line_1_85' title="bbox 2532 2551 3144 2616; baseline 0.002 -12"><span class='ocrx_word' id='word_1_502' title='bbox 2532 2559 2536 2564; x_wconf 89' lang='grc'><strong><em>’</em></strong></span> <span class='ocrx_word' id='word_1_503' title='bbox 2746 2553 2854 2616; x_wconf 83' lang='grc' dir='ltr'><strong><em>Εἰς</em></strong></span> <span class='ocrx_word' id='word_1_504' title='bbox 2877 2551 2944 2604; x_wconf 86' lang='grc' dir='ltr'><strong>τὸ</strong></span> <span class='ocrx_word' id='word_1_505' title='bbox 2971 2551 3144 2605; x_wconf 85' lang='grc' dir='ltr'><strong>αὐτό.</strong></span> 
     </span>
    </p>
   </div>
   <div class='ocr_carea' id='block_1_85' title="bbox 2186 2639 3618 2712">
    <p class='ocr_par' dir='ltr' id='par_1_85' title="bbox 2186 2639 3618 2712">
     <span class='ocr_line' id='line_1_86' title="bbox 2186 2639 3618 2712; baseline -0.007 -12"><span class='ocrx_word' id='word_1_506' title='bbox 2186 2643 2306 2699; x_wconf 78' lang='grc' dir='ltr'><strong><em>Ἀδ⁴</em></strong></span> <span class='ocrx_word' id='word_1_507' title='bbox 2335 2642 2447 2709; x_wconf 75' lang='grc' dir='ltr'><strong><em>ἐγὼ</em></strong></span> <span class='ocrx_word' id='word_1_508' title='bbox 2495 2642 2531 2696; x_wconf 82' lang='grc' dir='ltr'>ἀ</span> <span class='ocrx_word' id='word_1_509' title='bbox 2565 2641 2801 2712; x_wconf 80' lang='grc' dir='ltr'><strong>Μωσῆος</strong></span> <span class='ocrx_word' id='word_1_510' title='bbox 2841 2641 2951 2694; x_wconf 74' lang='grc' dir='ltr'><strong>ἰδοὺ</strong></span> <span class='ocrx_word' id='word_1_511' title='bbox 2979 2640 3142 2696; x_wconf 83' lang='grc' dir='ltr'><strong>πάλιν</strong></span> <span class='ocrx_word' id='word_1_512' title='bbox 3176 2639 3353 2711; x_wconf 76' lang='grc' dir='ltr'><strong>ἧλυθα</strong></span> <span class='ocrx_word' id='word_1_513' title='bbox 3386 2640 3580 2712; x_wconf 76' lang='grc' dir='ltr'><strong>ῥάϐδος</strong></span> <span class='ocrx_word' id='word_1_514' title='bbox 3600 2657 3618 2674; x_wconf 79' lang='grc' dir='ltr'><strong>ο</strong></span> 
     </span>
    </p>
   </div>
   <div class='ocr_carea' id='block_1_86' title="bbox 2179 2731 3690 2807">
    <p class='ocr_par' dir='ltr' id='par_1_86' title="bbox 2179 2731 3690 2807">
     <span class='ocr_line' id='line_1_87' title="bbox 2179 2731 3690 2807; baseline -0.001 -20"><span class='ocrx_word' id='word_1_515' title='bbox 2179 2736 2357 2804; x_wconf 84' lang='grc' dir='ltr'><strong>Χῶμα</strong></span> <span class='ocrx_word' id='word_1_516' title='bbox 2387 2733 2444 2787; x_wconf 73' lang='grc' dir='ltr'><strong>δὲ</strong></span> <span class='ocrx_word' id='word_1_517' title='bbox 2467 2731 2802 2801; x_wconf 82' lang='grc' dir='ltr'><strong>πεπληγυῖα,</strong></span> <span class='ocrx_word' id='word_1_518' title='bbox 2831 2732 3000 2786; x_wconf 82' lang='grc' dir='ltr'><strong>πολὺν</strong></span> <span class='ocrx_word' id='word_1_519' title='bbox 3031 2733 3233 2786; x_wconf 86' lang='grc' dir='ltr'><strong>σκνίπα</strong></span> <span class='ocrx_word' id='word_1_520' title='bbox 3255 2731 3408 2788; x_wconf 72' lang='grc' dir='ltr'><strong>ἔνθεν</strong></span> <span class='ocrx_word' id='word_1_521' title='bbox 3437 2734 3651 2807; x_wconf 76' lang='grc' dir='ltr'><strong>ἀγείρω</strong></span> <span class='ocrx_word' id='word_1_522' title='bbox 3671 2751 3690 2769; x_wconf 80' lang='grc' dir='ltr'><strong><em>ο</em></strong></span> 
     </span>
    </p>
   </div>
   <div class='ocr_carea' id='block_1_87' title="bbox 2178 2842 3712 2923">
    <p class='ocr_par' dir='ltr' id='par_1_87' title="bbox 2178 2842 3712 2923">
     <span class='ocr_line' id='line_1_88' title="bbox 2178 2842 3712 2923; baseline 0.005 -25"><span class='ocrx_word' id='word_1_523' title='bbox 2178 2845 2366 2916; x_wconf 83' lang='grc' dir='ltr'><strong>Δεῦρο,</strong></span> <span class='ocrx_word' id='word_1_524' title='bbox 2396 2845 2579 2915; x_wconf 87' lang='grc' dir='ltr'><strong>μάγοι,</strong></span> <span class='ocrx_word' id='word_1_525' title='bbox 2615 2843 2848 2916; x_wconf 80' lang='grc' dir='ltr'><strong>πρόσιθ’,</strong></span> <span class='ocrx_word' id='word_1_526' title='bbox 2874 2842 3148 2915; x_wconf 80' lang='grc' dir='ltr'><strong>ὑμετέρην</strong></span> <span class='ocrx_word' id='word_1_527' title='bbox 3181 2845 3485 2912; x_wconf 74' lang='grc' dir='ltr'><strong>ἐπιδείξατε</strong></span> <span class='ocrx_word' id='word_1_528' title='bbox 3514 2847 3712 2923; x_wconf 71' lang='grc' dir='ltr'><strong>ἀλκὴν,</strong></span> 
     </span>
    </p>
   </div>
   <div class='ocr_carea' id='block_1_88' title="bbox 2179 2936 3763 3010">
    <p class='ocr_par' dir='ltr' id='par_1_88' title="bbox 2179 2936 3763 3010">
     <span class='ocr_line' id='line_1_89' title="bbox 2179 2936 3763 3010; baseline 0.003 -20"><span class='ocrx_word' id='word_1_529' title='bbox 2179 2936 2247 2991; x_wconf 75' lang='grc' dir='ltr'>Εἴ</span> <span class='ocrx_word' id='word_1_530' title='bbox 2281 2954 2364 3002; x_wconf 89' lang='grc' dir='ltr'><strong><em>τις</em></strong></span> <span class='ocrx_word' id='word_1_531' title='bbox 2413 2937 2571 3007; x_wconf 78' lang='grc' dir='ltr'><strong>ὑμῶν</strong></span> <span class='ocrx_word' id='word_1_532' title='bbox 2615 2936 2940 3008; x_wconf 77' lang='grc' dir='ltr'><strong>προϐάλοιτό</strong></span> <span class='ocrx_word' id='word_1_533' title='bbox 2986 2937 3145 2990; x_wconf 84' lang='grc' dir='ltr'><strong>τόσον</strong></span> <span class='ocrx_word' id='word_1_534' title='bbox 3198 2937 3402 2994; x_wconf 87' lang='grc' dir='ltr'><strong>σκνίπα</strong></span> <span class='ocrx_word' id='word_1_535' title='bbox 3453 2938 3608 3010; x_wconf 83' lang='grc' dir='ltr'><strong>τῆσδ’</strong></span> <span class='ocrx_word' id='word_1_536' title='bbox 3651 2941 3763 2995; x_wconf 80' lang='grc' dir='ltr'><strong><em>ἀπὸ</em></strong></span> 
     </span>
    </p>
   </div>
   <div class='ocr_carea' id='block_1_89' title="bbox 3471 3029 3683 3105">
    <p class='ocr_par' dir='ltr' id='par_1_89' title="bbox 3471 3029 3683 3105">
     <span class='ocr_line' id='line_1_90' title="bbox 3471 3029 3683 3105; baseline -0.024 -1"><span class='ocrx_word' id='word_1_537' title='bbox 3471 3029 3683 3105; x_wconf 79' lang='grc' dir='ltr'><strong><em>[γαίηςο</em></strong></span> 
     </span>
    </p>
   </div>
   <div class='ocr_carea' id='block_1_90' title="bbox 2181 3183 3759 3260">
    <p class='ocr_par' dir='ltr' id='par_1_90' title="bbox 2181 3183 3759 3260">
     <span class='ocr_line' id='line_1_91' title="bbox 2181 3183 3759 3260; baseline 0.008 -23"><span class='ocrx_word' id='word_1_538' title='bbox 2181 3183 2390 3238; x_wconf 85' lang='lat' dir='ltr'><strong><em>veritus</em></strong></span> <span class='ocrx_word' id='word_1_539' title='bbox 2430 3199 2540 3254; x_wconf 76' lang='lat' dir='ltr'><strong><em>pra:</em></strong></span> <span class='ocrx_word' id='word_1_540' title='bbox 2572 3183 2776 3254; x_wconf 85' lang='lat' dir='ltr'><strong><em>pudore</em></strong></span> <span class='ocrx_word' id='word_1_541' title='bbox 2817 3184 3119 3252; x_wconf 79' lang='lat' dir='ltr'><strong><em>erubescis,</em></strong></span> <span class='ocrx_word' id='word_1_542' title='bbox 3182 3194 3239 3242; x_wconf 90' lang='lat' dir='ltr'><strong><em>et</em></strong></span> <span class='ocrx_word' id='word_1_543' title='bbox 3281 3187 3481 3246; x_wconf 84' lang='lat' dir='ltr'><strong><em>coloris</em></strong></span> <span class='ocrx_word' id='word_1_544' title='bbox 3525 3192 3759 3260; x_wconf 81' lang='lat' dir='ltr'><strong><em>speciem</em></strong></span> 
     </span>
    </p>
   </div>
   <div class='ocr_carea' id='block_1_91' title="bbox 2182 3277 2458 3331">
    <p class='ocr_par' dir='ltr' id='par_1_91' title="bbox 2182 3277 2458 3331">
     <span class='ocr_line' id='line_1_92' title="bbox 2182 3277 2458 3331; baseline 0 -1"><span class='ocrx_word' id='word_1_545' title='bbox 2182 3277 2458 3331; x_wconf 88' lang='lat' dir='ltr'><strong><em>immutas.</em></strong></span> 
     </span>
    </p>
   </div>
   <div class='ocr_carea' id='block_1_92' title="bbox 2881 3370 3132 3427">
    <p class='ocr_par' dir='ltr' id='par_1_92' title="bbox 2881 3370 3132 3427">
     <span class='ocr_line' id='line_1_93' title="bbox 2881 3370 3132 3427; baseline 0.012 -3"><span class='ocrx_word' id='word_1_546' title='bbox 2881 3370 2949 3424; x_wconf 77' lang='lat' dir='ltr'><strong><em>In</em></strong></span> <span class='ocrx_word' id='word_1_547' title='bbox 2974 3370 3132 3427; x_wconf 85' lang='lat' dir='ltr'><strong><em>idem.</em></strong></span> 
     </span>
    </p>
   </div>
   <div class='ocr_carea' id='block_1_93' title="bbox 2213 3455 3762 3535">
    <p class='ocr_par' dir='ltr' id='par_1_93' title="bbox 2213 3455 3762 3535">
     <span class='ocr_line' id='line_1_94' title="bbox 2213 3455 3762 3535; baseline 0.008 -25"><span class='ocrx_word' id='word_1_548' title='bbox 2213 3462 2222 3469; x_wconf 80' lang='lat'><strong>‘</strong></span> <span class='ocrx_word' id='word_1_549' title='bbox 2250 3455 2440 3514; x_wconf 88' lang='lat' dir='ltr'><strong><em>Omnis</em></strong></span> <span class='ocrx_word' id='word_1_550' title='bbox 2466 3474 2532 3514; x_wconf 78' lang='lat' dir='ltr'><strong><em>ex</em></strong></span> <span class='ocrx_word' id='word_1_551' title='bbox 2559 3461 2766 3517; x_wconf 85' lang='lat' dir='ltr'><strong><em>cibario</em></strong></span> <span class='ocrx_word' id='word_1_552' title='bbox 2815 3464 3033 3532; x_wconf 79' lang='lat' dir='ltr'><strong><em>sanguis</em></strong></span> <span class='ocrx_word' id='word_1_553' title='bbox 3063 3465 3260 3529; x_wconf 89' lang='lat' dir='ltr'><strong><em>oritur,</em></strong></span> <span class='ocrx_word' id='word_1_554' title='bbox 3301 3475 3357 3520; x_wconf 90' lang='lat' dir='ltr'><strong><em>et</em></strong></span> <span class='ocrx_word' id='word_1_555' title='bbox 3383 3466 3677 3535; x_wconf 77' lang='lat' dir='ltr'><strong><em>excrescit,</em></strong></span> <span class='ocrx_word' id='word_1_556' title='bbox 3703 3476 3762 3523; x_wconf 86' lang='lat' dir='ltr'><strong><em>et</em></strong></span> 
     </span>
    </p>
   </div>
   <div class='ocr_carea' id='block_1_94' title="bbox 2180 3550 3759 3628">
    <p class='ocr_par' dir='ltr' id='par_1_94' title="bbox 2180 3550 3759 3628">
     <span class='ocr_line' id='line_1_95' title="bbox 2180 3550 3759 3628; baseline 0.006 -24"><span class='ocrx_word' id='word_1_557' title='bbox 2180 3550 2585 3620; x_wconf 84' lang='lat' dir='ltr'><strong><em>ramosasipsas</em></strong></span> <span class='ocrx_word' id='word_1_558' title='bbox 2618 3566 2806 3618; x_wconf 82' lang='lat' dir='ltr'><strong><em>venas,</em></strong></span> <span class='ocrx_word' id='word_1_559' title='bbox 2843 3553 2896 3607; x_wconf 92' lang='lat' dir='ltr'><strong><em>in</em></strong></span> <span class='ocrx_word' id='word_1_560' title='bbox 2929 3553 3011 3608; x_wconf 88' lang='lat' dir='ltr'><strong><em>sui</em></strong></span> <span class='ocrx_word' id='word_1_561' title='bbox 3043 3555 3486 3624; x_wconf 84' lang='lat' dir='ltr'><strong><em>conceptaculum</em></strong></span> <span class='ocrx_word' id='word_1_562' title='bbox 3517 3556 3759 3628; x_wconf 88' lang='lat' dir='ltr'><strong><em>reperit:</em></strong></span> 
     </span>
    </p>
   </div>
   <div class='ocr_carea' id='block_1_95' title="bbox 2178 3635 3762 3711">
    <p class='ocr_par' dir='ltr' id='par_1_95' title="bbox 2178 3635 3762 3711">
     <span class='ocr_line' id='line_1_96' title="bbox 2178 3635 3762 3711; baseline 0.006 -21"><span class='ocrx_word' id='word_1_563' title='bbox 2178 3635 2274 3690; x_wconf 88' lang='lat' dir='ltr'><strong><em>sed</em></strong></span> <span class='ocrx_word' id='word_1_564' title='bbox 2305 3637 2447 3692; x_wconf 81' lang='lat' dir='ltr'><strong><em>hunc</em></strong></span> <span class='ocrx_word' id='word_1_565' title='bbox 2478 3636 2795 3707; x_wconf 83' lang='lat' dir='ltr'><strong><em>sanguinem</em></strong></span> <span class='ocrx_word' id='word_1_566' title='bbox 2823 3637 3002 3692; x_wconf 86' lang='lat' dir='ltr'><strong><em>divina</em></strong></span> <span class='ocrx_word' id='word_1_567' title='bbox 3051 3638 3214 3694; x_wconf 83' lang='lat' dir='ltr'><strong><em>Mosis</em></strong></span> <span class='ocrx_word' id='word_1_568' title='bbox 3244 3643 3392 3711; x_wconf 77' lang='lat' dir='ltr'><strong><em>virga</em></strong></span> <span class='ocrx_word' id='word_1_569' title='bbox 3438 3642 3643 3696; x_wconf 82' lang='lat' dir='ltr'><strong><em>creavit</em></strong></span> <span class='ocrx_word' id='word_1_570' title='bbox 3693 3657 3762 3699; x_wconf 83' lang='lat' dir='ltr'><strong><em>ex</em></strong></span> 
     </span>
    </p>
   </div>
   <div class='ocr_carea' id='block_1_96' title="bbox 2180 3731 3761 3800">
    <p class='ocr_par' dir='ltr' id='par_1_96' title="bbox 2180 3731 3761 3800">
     <span class='ocr_line' id='line_1_97' title="bbox 2180 3731 3761 3800; baseline 0.006 -17"><span class='ocrx_word' id='word_1_571' title='bbox 2180 3739 2444 3798; x_wconf 89' lang='lat' dir='ltr'><strong><em>tempore,</em></strong></span> <span class='ocrx_word' id='word_1_572' title='bbox 2497 3743 2598 3784; x_wconf 90' lang='lat' dir='ltr'><strong><em>nec</em></strong></span> <span class='ocrx_word' id='word_1_573' title='bbox 2619 3743 2742 3784; x_wconf 90' lang='lat' dir='ltr'><strong><em>eum</em></strong></span> <span class='ocrx_word' id='word_1_574' title='bbox 2777 3743 2926 3786; x_wconf 58' lang='lat' dir='ltr'><strong><em>vena</em></strong></span> <span class='ocrx_word' id='word_1_575' title='bbox 2958 3732 3254 3800; x_wconf 86' lang='lat' dir='ltr'><strong><em>recipiunt,</em></strong></span> <span class='ocrx_word' id='word_1_576' title='bbox 3313 3733 3407 3788; x_wconf 88' lang='lat' dir='ltr'><strong><em>sed</em></strong></span> <span class='ocrx_word' id='word_1_577' title='bbox 3455 3731 3558 3789; x_wconf 83' lang='lat' dir='ltr'><strong><em>Nili</em></strong></span> <span class='ocrx_word' id='word_1_578' title='bbox 3606 3736 3761 3792; x_wconf 83' lang='lat' dir='ltr'><strong><em>sinus</em></strong></span> 
     </span>
    </p>
   </div>
   <div class='ocr_carea' id='block_1_97' title="bbox 2178 3833 2489 3875">
    <p class='ocr_par' dir='ltr' id='par_1_97' title="bbox 2178 3833 2489 3875">
     <span class='ocr_line' id='line_1_98' title="bbox 2178 3833 2489 3875; baseline 0.006 -2"><span class='ocrx_word' id='word_1_579' title='bbox 2178 3833 2489 3875; x_wconf 76' lang='lat' dir='ltr'><strong><em>universus.</em></strong></span> 
     </span>
    </p>
   </div>
   <div class='ocr_carea' id='block_1_98' title="bbox 2496 3909 3515 3985">
    <p class='ocr_par' dir='ltr' id='par_1_98' title="bbox 2496 3909 3515 3985">
     <span class='ocr_line' id='line_1_99' title="bbox 2496 3909 3515 3985; baseline 0.008 -21"><span class='ocrx_word' id='word_1_580' title='bbox 2496 3909 2564 3965; x_wconf 85' lang='lat' dir='ltr'><strong><em>In</em></strong></span> <span class='ocrx_word' id='word_1_581' title='bbox 2621 3929 2876 3968; x_wconf 79' lang='lat' dir='ltr'><strong><em>ranarum</em></strong></span> <span class='ocrx_word' id='word_1_582' title='bbox 2900 3929 2967 3968; x_wconf 75' lang='lat' dir='ltr'><strong><em>es:</em></strong></span> <span class='ocrx_word' id='word_1_583' title='bbox 2993 3914 3142 3983; x_wconf 87' lang='lat' dir='ltr'><strong><em>aquis</em></strong></span> <span class='ocrx_word' id='word_1_584' title='bbox 3169 3918 3515 3985; x_wconf 77' lang='lat' dir='ltr'><strong><em>eruptionem.</em></strong></span> 
     </span>
    </p>
   </div>
   <div class='ocr_carea' id='block_1_99' title="bbox 2251 4001 3758 4078">
    <p class='ocr_par' dir='ltr' id='par_1_99' title="bbox 2251 4001 3758 4078">
     <span class='ocr_line' id='line_1_100' title="bbox 2251 4001 3758 4078; baseline 0.007 -23"><span class='ocrx_word' id='word_1_585' title='bbox 2251 4001 2518 4058; x_wconf 82' lang='lat' dir='ltr'><strong><em>immensa</em></strong></span> <span class='ocrx_word' id='word_1_586' title='bbox 2548 4012 2628 4058; x_wconf 87' lang='lat' dir='ltr'><strong><em>est</em></strong></span> <span class='ocrx_word' id='word_1_587' title='bbox 2657 4005 2880 4060; x_wconf 90' lang='lat' dir='ltr'><strong><em>omnino</em></strong></span> <span class='ocrx_word' id='word_1_588' title='bbox 2909 4004 3077 4061; x_wconf 76' lang='lat' dir='ltr'><strong><em>Musis</em></strong></span> <span class='ocrx_word' id='word_1_589' title='bbox 3116 4006 3310 4070; x_wconf 84' lang='lat' dir='ltr'><strong><em>virtus,</em></strong></span> <span class='ocrx_word' id='word_1_590' title='bbox 3347 4008 3502 4078; x_wconf 85' lang='lat' dir='ltr'><strong><em>cujus</em></strong></span> <span class='ocrx_word' id='word_1_591' title='bbox 3531 4009 3618 4063; x_wconf 84' lang='lat' dir='ltr'><strong><em>vel</em></strong></span> <span class='ocrx_word' id='word_1_592' title='bbox 3641 4009 3758 4065; x_wconf 83' lang='lat' dir='ltr'><strong><em>sola</em></strong></span> 
     </span>
    </p>
   </div>
   <div class='ocr_carea' id='block_1_100' title="bbox 2181 4091 3755 4161">
    <p class='ocr_par' dir='ltr' id='par_1_100' title="bbox 2181 4091 3755 4161">
     <span class='ocr_line' id='line_1_101' title="bbox 2181 4091 3755 4161; baseline 0.007 -17"><span class='ocrx_word' id='word_1_593' title='bbox 2181 4091 2327 4161; x_wconf 88' lang='lat' dir='ltr'><strong><em>virga</em></strong></span> <span class='ocrx_word' id='word_1_594' title='bbox 2349 4102 2502 4160; x_wconf 60' lang='lat' dir='ltr'><strong><em>tanta</em></strong></span> <span class='ocrx_word' id='word_1_595' title='bbox 2540 4093 2651 4149; x_wconf 85' lang='lat' dir='ltr'><strong><em>edit</em></strong></span> <span class='ocrx_word' id='word_1_596' title='bbox 2687 4094 2942 4149; x_wconf 85' lang='lat' dir='ltr'><strong><em>miracula</em></strong></span> <span class='ocrx_word' id='word_1_597' title='bbox 2974 4111 2991 4150; x_wconf 87' lang='lat'><strong>:</strong></span> <span class='ocrx_word' id='word_1_598' title='bbox 3031 4093 3132 4151; x_wconf 81' lang='lat' dir='ltr'><strong><em>has</em></strong></span> <span class='ocrx_word' id='word_1_599' title='bbox 3181 4099 3316 4150; x_wconf 87' lang='lat' dir='ltr'><strong><em>citra</em></strong></span> <span class='ocrx_word' id='word_1_600' title='bbox 3351 4113 3636 4153; x_wconf 86' lang='lat' dir='ltr'><strong><em>numerum</em></strong></span> <span class='ocrx_word' id='word_1_601' title='bbox 3665 4116 3755 4155; x_wconf 81' lang='lat' dir='ltr'><strong><em>ra-</em></strong></span> 
     </span>
    </p>
   </div>
   <div class='ocr_carea' id='block_1_101' title="bbox 2178 4183 3758 4260">
    <p class='ocr_par' dir='ltr' id='par_1_101' title="bbox 2178 4183 3758 4260">
     <span class='ocr_line' id='line_1_102' title="bbox 2178 4183 3758 4260; baseline 0.008 -24"><span class='ocrx_word' id='word_1_602' title='bbox 2178 4199 2280 4238; x_wconf 87' lang='lat' dir='ltr'><strong><em>nas</em></strong></span> <span class='ocrx_word' id='word_1_603' title='bbox 2311 4183 2537 4240; x_wconf 89' lang='lat' dir='ltr'><strong><em>intueris</em></strong></span> <span class='ocrx_word' id='word_1_604' title='bbox 2559 4184 2690 4241; x_wconf 74' lang='lat' dir='ltr'><strong><em>ieas</em></strong></span> <span class='ocrx_word' id='word_1_605' title='bbox 2721 4196 2910 4254; x_wconf 89' lang='lat' dir='ltr'><strong><em>suapte</em></strong></span> <span class='ocrx_word' id='word_1_606' title='bbox 2938 4187 3138 4243; x_wconf 85' lang='lat' dir='ltr'><strong><em>virtute</em></strong></span> <span class='ocrx_word' id='word_1_607' title='bbox 3166 4189 3280 4244; x_wconf 87' lang='lat' dir='ltr'><strong><em>sola</em></strong></span> <span class='ocrx_word' id='word_1_608' title='bbox 3307 4191 3561 4259; x_wconf 77' lang='lat' dir='ltr'><strong><em>produxit</em></strong></span> <span class='ocrx_word' id='word_1_609' title='bbox 3587 4192 3758 4260; x_wconf 83' lang='lat' dir='ltr'><strong><em>virga.</em></strong></span> 
     </span>
    </p>
   </div>
   <div class='ocr_carea' id='block_1_102' title="bbox 2862 4288 3112 4346">
    <p class='ocr_par' dir='ltr' id='par_1_102' title="bbox 2862 4288 3112 4346">
     <span class='ocr_line' id='line_1_103' title="bbox 2862 4288 3112 4346; baseline 0.016 -4"><span class='ocrx_word' id='word_1_610' title='bbox 2862 4288 2930 4343; x_wconf 81' lang='lat' dir='ltr'><strong><em>In</em></strong></span> <span class='ocrx_word' id='word_1_611' title='bbox 2954 4291 3112 4346; x_wconf 83' lang='lat' dir='ltr'><strong><em>idem.</em></strong></span> 
     </span>
    </p>
   </div>
   <div class='ocr_carea' id='block_1_103' title="bbox 2105 4381 3762 4472">
    <p class='ocr_par' dir='ltr' id='par_1_103' title="bbox 2105 4381 3762 4472">
     <span class='ocr_line' id='line_1_104' title="bbox 2105 4381 3762 4472; baseline 0.003 -35"><span class='ocrx_word' id='word_1_612' title='bbox 2105 4416 2148 4472; x_wconf 72' lang='grc' dir='ltr'>ο</span> <span class='ocrx_word' id='word_1_613' title='bbox 2238 4383 2312 4437; x_wconf 79' lang='lat' dir='ltr'><strong>Ex</strong></span> <span class='ocrx_word' id='word_1_614' title='bbox 2336 4382 2498 4438; x_wconf 83' lang='lat' dir='ltr'><strong><em>ﬂuvio</em></strong></span> <span class='ocrx_word' id='word_1_615' title='bbox 2519 4383 2570 4436; x_wconf 92' lang='lat' dir='ltr'><strong><em>in</em></strong></span> <span class='ocrx_word' id='word_1_616' title='bbox 2591 4392 2786 4437; x_wconf 83' lang='lat' dir='ltr'><strong><em>terram</em></strong></span> <span class='ocrx_word' id='word_1_617' title='bbox 2805 4381 3090 4439; x_wconf 85' lang='lat' dir='ltr'><strong><em>confertim</em></strong></span> <span class='ocrx_word' id='word_1_618' title='bbox 3104 4399 3164 4439; x_wconf 89' lang='lat' dir='ltr'><strong><em>se</em></strong></span> <span class='ocrx_word' id='word_1_619' title='bbox 3187 4399 3332 4440; x_wconf 66' lang='lat' dir='ltr'><strong><em>rana</em></strong></span> <span class='ocrx_word' id='word_1_620' title='bbox 3353 4385 3762 4456; x_wconf 86' lang='lat' dir='ltr'><strong><em>proripuerunt,</em></strong></span> 
     </span>
    </p>
   </div>
   <div class='ocr_carea' id='block_1_104' title="bbox 2177 4477 3762 4551">
    <p class='ocr_par' dir='ltr' id='par_1_104' title="bbox 2177 4477 3762 4551">
     <span class='ocr_line' id='line_1_105' title="bbox 2177 4477 3762 4551; baseline 0.003 -19"><span class='ocrx_word' id='word_1_621' title='bbox 2177 4477 2383 4533; x_wconf 88' lang='lat' dir='ltr'><strong><em>interea</em></strong></span> <span class='ocrx_word' id='word_1_622' title='bbox 2413 4480 2539 4534; x_wconf 85' lang='lat' dir='ltr'><strong><em>dum</em></strong></span> <span class='ocrx_word' id='word_1_623' title='bbox 2598 4478 2765 4536; x_wconf 86' lang='lat' dir='ltr'><strong><em>Mosis</em></strong></span> <span class='ocrx_word' id='word_1_624' title='bbox 2795 4479 2944 4551; x_wconf 82' lang='lat' dir='ltr'><strong><em>virga</em></strong></span> <span class='ocrx_word' id='word_1_625' title='bbox 2976 4481 3258 4550; x_wconf 74' lang='lat' dir='ltr'><strong><em>limpidum</em></strong></span> <span class='ocrx_word' id='word_1_626' title='bbox 3281 4485 3552 4550; x_wconf 87' lang='lat' dir='ltr'><strong><em>percussit</em></strong></span> <span class='ocrx_word' id='word_1_627' title='bbox 3582 4481 3762 4537; x_wconf 86' lang='lat' dir='ltr'><strong><em>ﬂuen-</em></strong></span> 
     </span>
    </p>
   </div>
   <div class='ocr_carea' id='block_1_105' title="bbox 2177 4572 3762 4643">
    <p class='ocr_par' dir='ltr' id='par_1_105' title="bbox 2177 4572 3762 4643">
     <span class='ocr_line' id='line_1_106' title="bbox 2177 4572 3762 4643; baseline 0.004 -21"><span class='ocrx_word' id='word_1_628' title='bbox 2177 4577 2314 4636; x_wconf 92' lang='lat' dir='ltr'><strong><em>tum,</em></strong></span> <span class='ocrx_word' id='word_1_629' title='bbox 2347 4572 2510 4643; x_wconf 88' lang='lat' dir='ltr'><strong><em>inque</em></strong></span> <span class='ocrx_word' id='word_1_630' title='bbox 2532 4572 3012 4636; x_wconf 71' lang='lat' dir='ltr'><strong><em>Pharaonisaedes,</em></strong></span> <span class='ocrx_word' id='word_1_631' title='bbox 3043 4574 3356 4643; x_wconf 87' lang='lat' dir='ltr'><strong><em>coquinam,</em></strong></span> <span class='ocrx_word' id='word_1_632' title='bbox 3387 4590 3601 4630; x_wconf 85' lang='lat' dir='ltr'><strong><em>mensas</em></strong></span> <span class='ocrx_word' id='word_1_633' title='bbox 3631 4590 3762 4629; x_wconf 85' lang='lat' dir='ltr'><strong><em>con-</em></strong></span> 
     </span>
    </p>
   </div>
   <div class='ocr_carea' id='block_1_106' title="bbox 2176 4660 3764 4732">
    <p class='ocr_par' dir='ltr' id='par_1_106' title="bbox 2176 4660 3764 4732">
     <span class='ocr_line' id='line_1_107' title="bbox 2176 4660 3764 4732; baseline 0.003 -20"><span class='ocrx_word' id='word_1_634' title='bbox 2176 4660 2528 4725; x_wconf 86' lang='lat' dir='ltr'><strong><em>secnderunt,</em></strong></span> <span class='ocrx_word' id='word_1_635' title='bbox 2605 4661 2752 4728; x_wconf 83' lang='lat' dir='ltr'><strong><em>quod</em></strong></span> <span class='ocrx_word' id='word_1_636' title='bbox 2826 4660 3109 4716; x_wconf 64' lang='lat' dir='ltr'><strong><em>Hebrazam</em></strong></span> <span class='ocrx_word' id='word_1_637' title='bbox 3168 4672 3384 4732; x_wconf 84' lang='lat' dir='ltr'><strong><em>gentem</em></strong></span> <span class='ocrx_word' id='word_1_638' title='bbox 3448 4662 3764 4718; x_wconf 77' lang='lat' dir='ltr'><strong><em>sacriﬁcare</em></strong></span> 
     </span>
    </p>
   </div>
   <div class='ocr_carea' id='block_1_107' title="bbox 2177 4744 2636 4804">
    <p class='ocr_par' dir='ltr' id='par_1_107' title="bbox 2177 4744 2636 4804">
     <span class='ocr_line' id='line_1_108' title="bbox 2177 4744 2636 4804; baseline 0.009 -4"><span class='ocrx_word' id='word_1_639' title='bbox 2177 4744 2318 4802; x_wconf 90' lang='lat' dir='ltr'><strong><em>male</em></strong></span> <span class='ocrx_word' id='word_1_640' title='bbox 2355 4748 2636 4804; x_wconf 89' lang='lat' dir='ltr'><strong><em>vetuisset.</em></strong></span> 
     </span>
    </p>
   </div>
   <div class='ocr_carea' id='block_1_108' title="bbox 2466 4838 3478 4913">
    <p class='ocr_par' dir='ltr' id='par_1_108' title="bbox 2466 4838 3478 4913">
     <span class='ocr_line' id='line_1_109' title="bbox 2466 4838 3478 4913; baseline 0.006 -18"><span class='ocrx_word' id='word_1_641' title='bbox 2466 4838 2529 4895; x_wconf 81' lang='lat' dir='ltr'><strong><em>lu</em></strong></span> <span class='ocrx_word' id='word_1_642' title='bbox 2563 4841 2790 4895; x_wconf 82' lang='lat' dir='ltr'><strong><em>culicum</em></strong></span> <span class='ocrx_word' id='word_1_643' title='bbox 2815 4858 2843 4896; x_wconf 89' lang='lat' dir='ltr'><strong><em>e</em></strong></span> <span class='ocrx_word' id='word_1_644' title='bbox 2871 4850 3014 4897; x_wconf 82' lang='lat' dir='ltr'><strong><em>terra</em></strong></span> <span class='ocrx_word' id='word_1_645' title='bbox 3052 4843 3478 4913; x_wconf 73' lang='lat' dir='ltr'><strong><em>pullulationem.</em></strong></span> 
     </span>
    </p>
   </div>
   <div class='ocr_carea' id='block_1_109' title="bbox 2247 4928 3763 5005">
    <p class='ocr_par' dir='ltr' id='par_1_109' title="bbox 2247 4928 3763 5005">
     <span class='ocr_line' id='line_1_110' title="bbox 2247 4928 3763 5005; baseline 0.005 -22"><span class='ocrx_word' id='word_1_646' title='bbox 2247 4928 2511 4986; x_wconf 83' lang='lat' dir='ltr'><strong><em>lniiictam</em></strong></span> <span class='ocrx_word' id='word_1_647' title='bbox 2549 4933 2734 4999; x_wconf 86' lang='lat' dir='ltr'><strong><em>accipe</em></strong></span> <span class='ocrx_word' id='word_1_648' title='bbox 2780 4935 2994 4989; x_wconf 84' lang='lat' dir='ltr'><strong><em>tertiam</em></strong></span> <span class='ocrx_word' id='word_1_649' title='bbox 3039 4934 3234 4990; x_wconf 82' lang='lat' dir='ltr'><strong><em>eulicis</em></strong></span> <span class='ocrx_word' id='word_1_650' title='bbox 3264 4935 3502 5005; x_wconf 78' lang='lat' dir='ltr'><strong><em>plagam,</em></strong></span> <span class='ocrx_word' id='word_1_651' title='bbox 3555 4950 3589 4989; x_wconf 92' lang='grc' dir='ltr'><strong><em>ο</em></strong></span> <span class='ocrx_word' id='word_1_652' title='bbox 3615 4934 3763 4991; x_wconf 80' lang='lat' dir='ltr'><strong><em>Pha-</em></strong></span> 
     </span>
    </p>
   </div>
   <div class='ocr_carea' id='block_1_110' title="bbox 2177 5021 3758 5094">
    <p class='ocr_par' dir='ltr' id='par_1_110' title="bbox 2177 5021 3758 5094">
     <span class='ocr_line' id='line_1_111' title="bbox 2177 5021 3758 5094; baseline 0.004 -20"><span class='ocrx_word' id='word_1_653' title='bbox 2177 5034 2298 5085; x_wconf 88' lang='lat' dir='ltr'><strong><em>rao,</em></strong></span> <span class='ocrx_word' id='word_1_654' title='bbox 2335 5021 2597 5076; x_wconf 82' lang='lat' dir='ltr'><strong><em>adversus</em></strong></span> <span class='ocrx_word' id='word_1_655' title='bbox 2643 5037 2805 5092; x_wconf 87' lang='lat' dir='ltr'><strong><em>quam</em></strong></span> <span class='ocrx_word' id='word_1_656' title='bbox 2830 5023 2974 5094; x_wconf 87' lang='lat' dir='ltr'><strong><em>magi</em></strong></span> <span class='ocrx_word' id='word_1_657' title='bbox 3016 5038 3206 5079; x_wconf 88' lang='lat' dir='ltr'><strong><em>omnes</em></strong></span> <span class='ocrx_word' id='word_1_658' title='bbox 3225 5024 3408 5080; x_wconf 88' lang='lat' dir='ltr'><strong><em>animo</em></strong></span> <span class='ocrx_word' id='word_1_659' title='bbox 3437 5026 3758 5093; x_wconf 84' lang='lat' dir='ltr'><strong><em>concidunt,</em></strong></span> 
     </span>
    </p>
   </div>
   <div class='ocr_carea' id='block_1_111' title="bbox 2181 5111 3762 5190">
    <p class='ocr_par' dir='ltr' id='par_1_111' title="bbox 2181 5111 3762 5190">
     <span class='ocr_line' id='line_1_112' title="bbox 2181 5111 3762 5190; baseline 0.006 -24"><span class='ocrx_word' id='word_1_660' title='bbox 2181 5122 2236 5166; x_wconf 89' lang='lat' dir='ltr'><strong><em>et</em></strong></span> <span class='ocrx_word' id='word_1_661' title='bbox 2302 5111 2428 5167; x_wconf 86' lang='lat' dir='ltr'><strong><em>inde</em></strong></span> <span class='ocrx_word' id='word_1_662' title='bbox 2452 5113 2650 5182; x_wconf 86' lang='lat' dir='ltr'><strong><em>resipe,</em></strong></span> <span class='ocrx_word' id='word_1_663' title='bbox 2682 5115 2941 5172; x_wconf 82' lang='lat' dir='ltr'><strong><em>lsraelitis</em></strong></span> <span class='ocrx_word' id='word_1_664' title='bbox 2987 5115 3140 5172; x_wconf 88' lang='lat' dir='ltr'><strong><em>abire</em></strong></span> <span class='ocrx_word' id='word_1_665' title='bbox 3191 5117 3493 5185; x_wconf 83' lang='lat' dir='ltr'><strong><em>permissis.</em></strong></span> <span class='ocrx_word' id='word_1_666' title='bbox 3526 5116 3604 5174; x_wconf 80' lang='lat' dir='ltr'><strong><em>Ne</em></strong></span> <span class='ocrx_word' id='word_1_667' title='bbox 3635 5133 3762 5190; x_wconf 83' lang='lat' dir='ltr'><strong><em>gra-</em></strong></span> 
     </span>
    </p>
   </div>
   <div class='ocr_carea' id='block_1_112' title="bbox 2179 5203 3186 5277">
    <p class='ocr_par' dir='ltr' id='par_1_112' title="bbox 2179 5203 3186 5277">
     <span class='ocr_line' id='line_1_113' title="bbox 2179 5203 3186 5277; baseline 0.008 -20"><span class='ocrx_word' id='word_1_668' title='bbox 2179 5204 2329 5259; x_wconf 90' lang='lat' dir='ltr'><strong><em>viora</em></strong></span> <span class='ocrx_word' id='word_1_669' title='bbox 2363 5203 2581 5275; x_wconf 87' lang='lat' dir='ltr'><strong><em>quidem</em></strong></span> <span class='ocrx_word' id='word_1_670' title='bbox 2619 5207 2848 5270; x_wconf 86' lang='lat' dir='ltr'><strong><em>verbera</em></strong></span> <span class='ocrx_word' id='word_1_671' title='bbox 2875 5207 3186 5277; x_wconf 81' lang='lat' dir='ltr'><strong><em>experiare.</em></strong></span> 
     </span>
    </p>
   </div>
   <div class='ocr_carea' id='block_1_113' title="bbox 2833 5297 3090 5358">
    <p class='ocr_par' dir='ltr' id='par_1_113' title="bbox 2833 5297 3090 5358">
     <span class='ocr_line' id='line_1_114' title="bbox 2833 5297 3090 5358; baseline 0.016 -4"><span class='ocrx_word' id='word_1_672' title='bbox 2833 5297 2902 5354; x_wconf 81' lang='lat' dir='ltr'><strong><em>In</em></strong></span> <span class='ocrx_word' id='word_1_673' title='bbox 2928 5299 3090 5358; x_wconf 83' lang='lat' dir='ltr'><strong><em>idem.</em></strong></span> 
     </span>
    </p>
   </div>
   <div class='ocr_carea' id='block_1_114' title="bbox 2250 5387 3756 5466">
    <p class='ocr_par' dir='ltr' id='par_1_114' title="bbox 2250 5387 3756 5466">
     <span class='ocr_line' id='line_1_115' title="bbox 2250 5387 3756 5466; baseline 0.007 -24"><span class='ocrx_word' id='word_1_674' title='bbox 2250 5387 2343 5445; x_wconf 89' lang='lat' dir='ltr'><strong><em>illa</em></strong></span> <span class='ocrx_word' id='word_1_675' title='bbox 2375 5407 2476 5462; x_wconf 88' lang='lat' dir='ltr'><strong><em>ego</em></strong></span> <span class='ocrx_word' id='word_1_676' title='bbox 2503 5391 2667 5448; x_wconf 83' lang='lat' dir='ltr'><strong><em>Mosis</em></strong></span> <span class='ocrx_word' id='word_1_677' title='bbox 2699 5390 2847 5460; x_wconf 86' lang='lat' dir='ltr'><strong><em>virga</em></strong></span> <span class='ocrx_word' id='word_1_678' title='bbox 2883 5406 3011 5448; x_wconf 85' lang='lat' dir='ltr'><strong><em>ecce</em></strong></span> <span class='ocrx_word' id='word_1_679' title='bbox 3043 5394 3220 5450; x_wconf 89' lang='lat' dir='ltr'><strong><em>denuo</em></strong></span> <span class='ocrx_word' id='word_1_680' title='bbox 3250 5395 3533 5465; x_wconf 88' lang='lat' dir='ltr'><strong><em>comparui</em></strong></span> <span class='ocrx_word' id='word_1_681' title='bbox 3567 5411 3584 5462; x_wconf 90' lang='lat'><strong>;</strong></span> <span class='ocrx_word' id='word_1_682' title='bbox 3613 5405 3756 5466; x_wconf 71' lang='lat' dir='ltr'><strong><em>post~</em></strong></span> 
     </span>
    </p>
   </div>
   <div class='ocr_carea' id='block_1_115' title="bbox 2179 5481 3760 5552">
    <p class='ocr_par' dir='ltr' id='par_1_115' title="bbox 2179 5481 3760 5552">
     <span class='ocr_line' id='line_1_116' title="bbox 2179 5481 3760 5552; baseline 0.006 -19"><span class='ocrx_word' id='word_1_683' title='bbox 2179 5493 2341 5549; x_wconf 86' lang='lat' dir='ltr'><strong><em>quam</em></strong></span> <span class='ocrx_word' id='word_1_684' title='bbox 2373 5481 2538 5536; x_wconf 87' lang='lat' dir='ltr'><strong><em>semel</em></strong></span> <span class='ocrx_word' id='word_1_685' title='bbox 2577 5489 2780 5538; x_wconf 88' lang='lat' dir='ltr'><strong><em>terram</em></strong></span> <span class='ocrx_word' id='word_1_686' title='bbox 2841 5484 3106 5552; x_wconf 86' lang='lat' dir='ltr'><strong><em>percussi,</em></strong></span> <span class='ocrx_word' id='word_1_687' title='bbox 3159 5485 3356 5541; x_wconf 86' lang='lat' dir='ltr'><strong><em>multos</em></strong></span> <span class='ocrx_word' id='word_1_688' title='bbox 3388 5483 3515 5543; x_wconf 88' lang='lat' dir='ltr'><strong><em>inde</em></strong></span> <span class='ocrx_word' id='word_1_689' title='bbox 3559 5486 3760 5543; x_wconf 85' lang='lat' dir='ltr'><strong><em>culices</em></strong></span> 
     </span>
    </p>
   </div>
   <div class='ocr_carea' id='block_1_116' title="bbox 2181 5572 3756 5640">
    <p class='ocr_par' dir='ltr' id='par_1_116' title="bbox 2181 5572 3756 5640">
     <span class='ocr_line' id='line_1_117' title="bbox 2181 5572 3756 5640; baseline 0.004 -15"><span class='ocrx_word' id='word_1_690' title='bbox 2181 5572 2381 5628; x_wconf 82' lang='lat' dir='ltr'><strong><em>excito.</em></strong></span> <span class='ocrx_word' id='word_1_691' title='bbox 2405 5573 2570 5638; x_wconf 81' lang='lat' dir='ltr'><strong><em>Heus,</em></strong></span> <span class='ocrx_word' id='word_1_692' title='bbox 2607 5573 2789 5640; x_wconf 90' lang='lat' dir='ltr'><strong><em>arioli,</em></strong></span> <span class='ocrx_word' id='word_1_693' title='bbox 2821 5575 3030 5639; x_wconf 90' lang='lat' dir='ltr'><strong><em>adeste,</em></strong></span> <span class='ocrx_word' id='word_1_694' title='bbox 3066 5585 3276 5632; x_wconf 88' lang='lat' dir='ltr'><strong><em>vestras</em></strong></span> <span class='ocrx_word' id='word_1_695' title='bbox 3298 5585 3566 5632; x_wconf 87' lang='lat' dir='ltr'><strong><em>ostentate</em></strong></span> <span class='ocrx_word' id='word_1_696' title='bbox 3589 5577 3756 5632; x_wconf 87' lang='lat' dir='ltr'><strong><em>vires.</em></strong></span> 
     </span>
    </p>
   </div>
   <div class='ocr_carea' id='block_1_117' title="bbox 2182 5661 3756 5740">
    <p class='ocr_par' dir='ltr' id='par_1_117' title="bbox 2182 5661 3756 5740">
     <span class='ocr_line' id='line_1_118' title="bbox 2182 5661 3756 5740; baseline 0.005 -22"><span class='ocrx_word' id='word_1_697' title='bbox 2182 5661 2372 5718; x_wconf 91' lang='lat' dir='ltr'><strong><em>Utrum</em></strong></span> <span class='ocrx_word' id='word_1_698' title='bbox 2403 5664 2668 5736; x_wconf 87' lang='lat' dir='ltr'><strong><em>quispiam</em></strong></span> <span class='ocrx_word' id='word_1_699' title='bbox 2691 5674 2932 5723; x_wconf 88' lang='lat' dir='ltr'><strong><em>vestrum</em></strong></span> <span class='ocrx_word' id='word_1_700' title='bbox 2963 5673 3041 5723; x_wconf 90' lang='lat' dir='ltr'><strong><em>tot</em></strong></span> <span class='ocrx_word' id='word_1_701' title='bbox 3067 5666 3137 5726; x_wconf 84' lang='lat' dir='ltr'><strong><em>ab</em></strong></span> <span class='ocrx_word' id='word_1_702' title='bbox 3168 5667 3269 5724; x_wconf 79' lang='lat' dir='ltr'><strong><em>liae</em></strong></span> <span class='ocrx_word' id='word_1_703' title='bbox 3300 5668 3521 5740; x_wconf 88' lang='lat' dir='ltr'><strong><em>regione</em></strong></span> <span class='ocrx_word' id='word_1_704' title='bbox 3546 5669 3756 5726; x_wconf 84' lang='lat' dir='ltr'><strong><em>culices</em></strong></span> 
     </span>
    </p>
   </div>
   <div class='ocr_carea' id='block_1_118' title="bbox 2181 5756 2324 5814">
    <p class='ocr_par' dir='ltr' id='par_1_118' title="bbox 2181 5756 2324 5814">
     <span class='ocr_line' id='line_1_119' title="bbox 2181 5756 2324 5814; baseline -0.014 -2"><span class='ocrx_word' id='word_1_705' title='bbox 2181 5756 2324 5814; x_wconf 67' lang='lat' dir='ltr'><strong><em>edaL</em></strong></span> 
     </span>
    </p>
   </div>
  </div>
