4050 6422
370 362 502 432 1121

588 474 693 540 Eli:
726 470 846 543 τὴν
871 471 984 544 τῆς
1016 478 1349 546 κυνομυίας
1386 476 1709 533 ἀνάδοσιν.

379 569 810 641 Ἀσωφρόνιστος
835 572 955 633 ταῖς
992 573 1137 640 τρισὶ
1170 572 1407 643 πληγαῖς
1437 573 1633 643 μένων,

372 662 830 733 Σκληροτράχηλε
854 663 957 733 γῆς
992 661 1126 729 ἄναξ
1154 664 1491 732 Αἰγυπτίων,

374 755 538 822 Δέξαι
570 754 841 824 τετάρτην
861 770 875 784 ο
910 754 1027 807 ἀλλ’
1055 756 1284 826 ἐρωτᾷς,
1315 754 1416 826 τὴν
1440 756 1598 816 τίνας

371 849 485 916 Τὴν
512 847 835 918 κυνόμυιαν.
867 845 973 899 Τοῦ
1003 846 1059 899 δὲ
1087 846 1276 901 λοιποῦ
1306 848 1599 917 σωφρόνει.

951 939 1056 1002 Εἰς
1090 936 1157 990 τὸ
1188 939 1359 992 αὐτό.

367 1033 506 1087 Γαῖα
532 1032 988 1104 Γεσὲμ,γήθησαι
1012 1051 1026 1066 ·
1051 1035 1145 1089 ἀπ’
1174 1033 1472 1101 Αἰγύπτοιο
1498 1034 1607 1104 γάρ
1634 1034 1721 1102 οῐη

381 1123 760 1194 Ἐκπρόςρυγες
788 1126 1099 1193 κακότητας
1138 1125 1462 1193 ἀπειρεσίης
1494 1124 1814 1194 κυνομυίας.

368 1213 611 1268 Τοῦνεκα
640 1215 748 1282 γάρ
779 1214 826 1266 σ’
855 1215 1063 1270 ἐσάωσε
1097 1214 1227 1277 Θεὸς
1260 1216 1451 1284 μέγας,
1490 1215 1653 1285 ἄχθος
1682 1213 1947 1284 ἀπούρας,

368 1307 582 1359 Οὕνεκά
610 1306 658 1359 3’
700 1305 928 1375 Ἐὄραῖη
965 1306 1166 1376 κλῆρον
1192 1305 1323 1375 λάχε
1352 1306 1546 1359 πότνια
1576 1304 1771 1374 φύτλη.

432 1399 534 1464 Είς
548 1399 654 1451 τὸν
669 1396 929 1451 θάνατον
942 1396 1171 1464 παντὸς
1192 1397 1572 1465 πρωτοτόκου
1593 1396 1875 1463 κτήνους.

368 1491 481 1542 Kal.
501 1487 726 1560 τραῦμα
754 1489 1023 1556 πέμπτον,
1059 1487 1155 1559 τὴν
1181 1488 1346 1558 θανὴν
1369 1487 1477 1541 τῶν
1507 1487 1737 1555 ἀλόγων,

364 1583 628 1648 Αἴγυπτε,
654 1582 1021 1651 καρτέρησον,
1049 1578 1420 1650 άφρονεστάτη
1439 1590 1458 1609 ⁸

371 1670 665 1739 Αυσαμένη
701 1668 779 1732 δὲ,
817 1670 1001 1738 πέμπε
1029 1672 1154 1733 τοὺς
1187 1668 1529 1740 ἐλευθέρους,

365 1758 501 1822 Θεὸς
531 1759 764 1824 κελεύει,
795 1760 889 1813 καί⁵
913 1759 996 1822 τίς
1032 1760 1264 1830 άντάραι
1302 1759 1441 1831 χέρα
1466 1777 1482 1827 ;

970 1854 1075 1919 Εις
1097 1851 1163 1906 τὸ
1194 1854 1362 1907 αὐτό.
1480 1924 1489 1927 _

366 1943 583 2006 Ἵπποις
612 1961 670 1996 τε
702 1943 994 2013 προϐάτοις
1035 1961 1115 2007 τε,
1143 1943 1324 2014 eam:
1343 1961 1425 2009 τε,
1450 1942 1545 1998 καί
1570 1960 1629 1997 τε
1657 1943 1946 2014 καμήλοις,

364 2034 603 2101 Κτήνεπί
629 2033 678 2087 τ’
703 2034 1004 2102 Αἰγύπτοιο
1034 2036 1160 2104 πρὸ,
1193 2036 1450 2088 πάντεσιν
1469 2031 1613 2098 οἶτος
1639 2034 1871 2105 ὲνῶρτου

362 2123 585 2192 κτήνεα
614 2122 785 2194 μοῦνα
814 2123 1055 2191 φύγεσκε
1091 2122 1293 2191 λυγρὸν
1328 2123 1492 2193 μόρον
1521 2123 1669 2176 οίκου
1703 2121 1899 2177 Ἰακώὸ
1929 2137 1943 2153 ο
2040 2136 2041 2139 ‘

362 2213 489 2266 Οὐδ’
517 2204 624 2285 ἄρα
688 2211 867 2266 ταῦτα
900 2213 1103 2284 μάλαξε
1136 2215 1196 2267 τὸ
1228 2215 1428 2284 Φαραὼ
1456 2215 1652 2284 ἄγριον
1676 2211 1837 2286 ἦτορ.

634 2306 740 2371 Είς
779 2302 895 2369 τὴν
917 2305 1239 2374 φλιικτίδα,
1268 2307 1365 2361 καὶ
1408 2308 1480 2362 τὰ
1500 2307 1674 2375 ἕλκη.

362 2396 571 2464 Ἔκτην
609 2397 861 2467 βάσανον,
894 2400 989 2460 τὰς
1030 2399 1311 2469 παρούσας
1342 2400 1659 2471 φλυκτίδας,

362 2492 476 2544 Καὶ
506 2486 604 2561 τὴν
643 2492 975 2555 ἀναζέουσαν
1009 2492 1242 2546 ’ἑλκωσιν
1281 2494 1458 2565 δέχου,

357 2586 523 2653 Ψυχὴ
559 2585 895 2654 Φαραωνῖτις
928 2586 1382 2656 ἐσκληρυμμένη.

360 2678 472 2730 Καὶ
503 2676 666 2747 μέχρι
695 2676 887 2730 τούτου
921 2677 1080 2746 στῆθι
1113 2679 1213 2748 τῆς
1242 2680 1525 2751 πονηρίας.

955 2769 1061 2832 Εἰς
1084 2769 1147 2820 τὸ
1177 2771 1350 2824 αὑτό.

358 2856 585 2921 "Elissa,
616 2858 708 2910 καὶ
738 2858 981 2922 ζείουσιι
1024 2858 1336 2927 φλυκτίδες,
1376 2860 1510 2932 ἓκτη
1547 2861 1761 2932 ἀνάγκη

368 2951 619 3020 Ἐμπεσέ
652 2967 756 3015 σοι,
784 2950 1027 3019 Αἴγυπτε
1053 2966 1067 2980 ·
1099 2951 1165 3004 σὺ
1197 2950 1242 3005 δ’
1283 2951 1593 3024 ἑϐδομάτην
1633 2953 1937 3024 κακότητα,

572 3106 636 3161 In
669 3108 979 3162 caninarum
1020 3124 1318 3163 muscarum
1340 3109 1757 3177 productionem.

426 3200 504 3255 Tn
531 3203 620 3271 qui
650 3203 819 3257 tribus
851 3203 1088 3269 acceptis
1116 3202 1287 3273 plagis
1324 3204 1461 3258 haud
1489 3204 1788 3273 sapientior
1805 3220 1933 3259 evao

355 3294 461 3360 dis,
484 3309 515 3348 ο
541 3294 726 3363 rigida:
774 3294 1002 3349 cervicis
1042 3293 1372 3364 Egyptiacre
1402 3302 1559 3349 terra:
1599 3310 1716 3359 rex,
1754 3297 1937 3364 accipe

355 3394 601 3455 quartam
630 3405 644 3441 :
676 3387 770 3442 sed
816 3401 1104 3454 quamnam
1156 3385 1297 3442 forte
1337 3387 1704 3443 sciscitaberis
1728 3386 1933 3458 ?Cyni-

355 3477 512 3545 phes,
553 3476 796 3545 inquam.
836 3475 966 3533 Esto
995 3491 1156 3546 porro
1184 3477 1250 3532 de
1286 3486 1482 3532 caetero
1503 3477 1819 3533 consultior.

1031 3587 1097 3644 In
1124 3590 1281 3641 idem.

388 3675 593 3742 .Terra
625 3676 853 3739 Gessen,
893 3692 1002 3745 pra:
1040 3677 1235 3746 gaudio
1276 3676 1426 3740 exili,
1460 3690 1580 3745 quae
1623 3676 1740 3731 sola
1793 3678 1936 3731 intra

355 3764 671 3836 Egyptum,
700 3766 929 3821 inﬁnita)
956 3780 1234 3837 cynomyae
1266 3768 1451 3835 plagas
1504 3766 1719 3820 evitasti
1760 3782 1775 3821 :
1811 3782 1937 3821 nam

359 3857 522 3924 Deus,
542 3859 804 3929 ablegatis
828 3872 858 3911 a
889 3867 939 3913 te
967 3857 1248 3917 molestiis,
1278 3866 1561 3926 propterea
1596 3867 1648 3912 te
1670 3859 1933 3923 servavit,

361 3951 504 4020 quod
529 3952 723 4007 sortito
756 3950 973 4022 quidem
1001 3958 1202 4004 sanctae
1230 3948 1578 4004 Hebrmorum
1616 3950 1763 4019 genti
1787 3950 1933 4005 obti-

358 4043 523 4111 geris.

538 4132 604 4189 In
627 4133 795 4189 omnis
821 4133 1051 4202 iumenti
1100 4132 1439 4203 primogeniti
1491 4132 1720 4188 cladem.

427 4224 497 4280 Et
527 4225 774 4295 quintum
807 4224 1022 4289 vulnus,
1048 4222 1329 4283 brutorum
1389 4224 1638 4279 videlicet
1700 4234 1933 4294 stragem

360 4327 566 4388 patere,
598 4317 971 4390 gens'Egypti
999 4316 1346 4373 stolidissima
1374 4332 1390 4383 ;
1423 4330 1529 4386 quo
1556 4314 1772 4383 quidem
1801 4314 1936 4370 libe-

360 4416 499 4475 rata,
535 4408 746 4464 dimitte
783 4407 1006 4475 liberos;
1040 4407 1182 4462 Deus
1205 4406 1350 4461 enim
1411 4402 1655 4475 praecipit
1690 4403 1776 4458 cui
1811 4402 1932 4473 quis

357 4500 610 4557 reluctari
637 4501 856 4556 audeat.

362 4588 373 4592 ’
1029 4589 1096 4644 In
1135 4589 1295 4643 idem.

426 4683 486 4738 In
526 4696 712 4754 equos,
750 4680 929 4737 ovium
979 4693 1191 4751 greges,
1234 4677 1417 4742 boves,
1453 4675 1714 4741 camelos,
1771 4685 1935 4731 caste-

358 4790 525 4846 raque
546 4776 815 4843 iumenta,
842 4786 1026 4830 coram
1062 4770 1293 4842 Egypto
1335 4783 1481 4824 mors
1504 4768 1830 4823 debacchata
1852 4776 1938 4823 est

356 4862 529 4920 solius
559 4859 746 4916 Jacobi
779 4860 972 4915 domus
1001 4867 1245 4913 armenta
1277 4855 1639 4912 miserabilem
1659 4856 1934 4912 evitarunt

356 4961 626 5009 mortem:
663 4964 784 5020 quae
816 4964 885 5006 ne
922 4949 1137 5020 quidem
1185 4947 1423 5004 ferocem
1458 4946 1759 5002 Pharaonis
1807 4947 1931 5001 ani-

355 5056 503 5095 mum
533 5038 898 5095 emollierunt.
1460 5102 1465 5107 δ

802 5126 872 5183 In
898 5127 1140 5197 pustulas
1194 5138 1240 5183 et
1279 5129 1478 5183 ulcera.

432 5221 653 5279 Sextam
702 5234 943 5290 poenam,
989 5232 1204 5289 nempe,
1229 5234 1349 5289 quae
1391 5233 1537 5272 nunc
1592 5216 1928 5288 inﬂiguntur,

356 5312 625 5382 pustulas,
660 5321 714 5367 et
742 5311 1064 5367 ebullientes
1090 5309 1279 5379 plagas
1327 5309 1535 5379 accipe,
1587 5322 1622 5363 o
1681 5308 1931 5362 indurata

354 5406 659 5461 Pharaonis
676 5404 853 5459 anima
875 5419 891 5471 ;
919 5410 973 5458 et
990 5416 1133 5458 nunc
1152 5405 1365 5457 tandem
1384 5400 1524 5457 male
1550 5398 1743 5471 agendi
1771 5398 1931 5455 linem

355 5495 540 5552 facito.

1063 5582 1131 5638 In
1157 5584 1315 5639 idem.

426 5675 707 5741 Ulccrum,
763 5683 821 5733 et
853 5676 1112 5732 scatentis
1158 5675 1356 5731 scabiei
1390 5684 1541 5732 sexta
1562 5675 1845 5732 calamitas
1879 5686 1932 5733 te

361 5768 584 5835 invasit,
626 5767 900 5839 Egypte;
953 5781 1019 5824 ne
1044 5781 1175 5824 vero
1204 5766 1485 5837 septimam
1505 5767 1931 5837 amictationem,

1224 365 1748 429 TETRASTICHA
1789 368 1871 430 IN
1908 368 2156 437 VETUS
2193 376 2788 446 TESTAMENTUM.
3061 368 3068 376 '
3330 446 3333 448 .

1968 487 2013 542 Δ
2056 484 2179 541 Ἡδὲ
2207 490 2302 543 καὶ
2327 492 2591 563 ὀγδοάτην
2613 496 2693 548 ἔτι
2723 495 2905 557 ἔλπεο,
2929 494 3011 565 ἡδ’
3043 494 3273 563 ἐνεάτην
3294 510 3310 527 ’

3506 382 3641 450 1122

2056 578 2169 649 Τὴν
2197 580 2252 632 δὲ
2285 582 2418 646 Θεὸς
2444 584 2680 657 δεκάτην
2717 587 3023 640 ἀπαλάλκοι
3060 587 3301 658 μάστιγα
3329 589 3466 665 σεῖο.

2054 693 2162 758 Εἰς
2183 691 2249 747 τὸ
2278 692 2382 749 ἀπ’
2422 696 2682 763 οὐρανοῦ
2729 699 3161 754 κατατεθεῖσαν
3211 698 3506 766 χὰλαᾰιν,
3537 699 3639 753 καὶ

2468 767 2535 819 τὸ
2567 766 2709 832 πῦρ,
2741 770 2838 821 καὶ
2890 772 2997 833 τὰς
3016 769 3240 837 φωνάς.

2055 850 2284 916 Χάλαζα
2313 854 2411 906 καὶ
2442 854 2575 925 πῦρ,
2614 857 2707 908 καὶ¹
2738 856 2833 928 βοὴ
2860 860 3144 927 τεραστὶα,

2056 937 2356 1010 Γνώρισμα
2385 941 2597 1015 πληγῆς
2623 945 2858 1017 ἑϐδόμης
2895 949 3208 1015 Αἰγυπτίων
3228 964 3243 980 ·

2066 1029 2214 1083 Ἀλλ’
2243 1030 2366 1084 οὐδὲ
2403 1034 2576 1088 ταῦτα
2607 1035 2706 1105 τὴν
2726 1037 2927 1107 Φαραὼ
2965 1039 3195 1109 καρδίαν

2053 1118 2239 1175 Σθένιι
2281 1122 2544 1193 μαλάξαι,
2580 1126 2785 1198 καίπερ
2815 1127 2944 1182 ὄντα
2968 1129 3171 1183 τοιάδε.

2638 1220 2745 1284 Εἰς
2776 1218 2845 1271 τὸ
2876 1220 3068 1285 αὐτάι
3342 1264 3347 1267 .

2053 1298 2173 1370 Πῦρ
2193 1300 2309 1370 ἅμα
2342 1303 2435 1356 καί
2452 1320 2511 1355 τε
2545 1304 2758 1373 χάλαζα
2783 1305 2854 1358 δι’
2875 1307 3093 1376 αἰθέρος
3120 1308 3201 1371 είς
3228 1309 3392 1377 χθόνα
3417 1308 3592 1380 βήτην
3611 1326 3629 1342 ⁸

2052 1388 2192 1443 Οὔτε
2210 1393 2267 1443 δὲ
2293 1393 2392 1461 τὴν
2421 1393 2631 1448 διέλυσε
2662 1396 2834 1464 πυρὸς
2870 1396 3028 1469 μένος
3059 1399 3193 1455 αἰπὺ
3224 1400 3490 1469 χάλαζαν,

2053 1473 2193 1530 Uine
2223 1479 2283 1532 τὸ
2319 1480 2430 1551 πῦρ
2460 1483 2542 1552 ἧδ’
2577 1482 2825 1547 ἔσϐεσεν,
2845 1467 3122 1555 ὑγροτάτη
3161 1467 3266 1559 περ
3289 1488 3453 1544 ὲοῦσα
3472 1507 3488 1521 °

2052 1568 2280 1622 Πάντων
2310 1574 2419 1642 γὰρ
2444 1574 2710 1644 κρατέησι
2739 1576 2890 1639 Θεὸς,
2924 1578 3022 1630 καὶ
3060 1579 3237 1633 πάντα
3274 1582 3525 1651 μετάγει.

2588 1666 2692 1730 Εἰς
2720 1664 2834 1732 τὴν
2862 1667 3101 1733 ἀκρίδα.

2055 1751 2337 1816 Πέπονθας
2372 1752 2440 1816 ἃς
2476 1754 2752 1819 πέπονθας
2790 1757 2930 1811 ἑπτὰ
2958 1759 3245 1827 βασάνους,

1980 1812 2023 1871 Β
2054 1812 2504 1916 Σκληροτράχηλε
2532 1846 2637 1915 γῆς
2668 1812 2804 1911 ἄναξ
2836 1812 3172 1918 Αίγύπτίων,

2049 1936 2206 2000 Δέξαι
2237 1936 2373 2006 πρὸς
2404 1938 2593 2003 αὑταῖς
2625 1939 2841 2010 ὀγδόην,
2868 1943 2968 2010 τὴν
3000 1942 3196 2008 ἀκρίδα
3221 1957 3236 1973 ·

2049 2026 2163 2097 Τὴν
2197 2028 2428 2097 ἑννάτην
2454 2029 2534 2092 δὲ,
2569 2034 2661 2083 καὶ
2686 2031 2922 2101 δεκάτην
2951 2033 3224 2098 προσδόκα

2659 2124 2764 2188 Εἰς
2787 2123 2855 2175 τὸ
2886 2125 3056 2178 αὐτό.

2062 2208 2288 2291 Ἇκρὶδα
2319 2210 2615 2281 θεσπεσίην
2637 2213 2809 2266 δεινὸν
2832 2215 2992 2281 νέφος
3029 2214 3319 2287 οὐρανόθεν
3351 2220 3458 2291 πρὸ
3510 2260 3521 2281 _.

2049 2290 2188 2351 τ’Υσε
2220 2300 2376 2363 Θεὸς,
2403 2302 2605 2372 Φαραὼ
2630 2302 2686 2357 δὲ
2723 2304 2854 2374 περὶ
2894 2306 3096 2376 φρένας
3131 2306 3330 2377 ἄχνυτο
3361 2290 3517 2378 ἄναξ,

2046 2389 2326 2451 Μωῦσέως
2353 2389 2564 2457 γούνων
2599 2389 2644 2443 δ’
2671 2390 2983 2458 ὲπιλάζετο,
3018 2394 3196 2464 άκρίδ⁹
3229 2394 3479 2459 ὀλέσσας.

2045 2478 2222 2552 αὐτὰρ
2250 2480 2278 2533 ὅ
2310 2480 2359 2533 oi
2392 2480 2702 2535 κατάκουσε
2732 2482 2838 2535 ’καὶ
2862 2482 3045 2554 ἀκρίδι
3080 2481 3236 2553 φύξιν
3260 2484 3520 2555 ἐνῶρσεν.

2396 2592 2443 2647 Ε
2452 2595 2504 2660 lc
2533 2595 2598 2648 τὸ
2618 2595 2991 2663 ψηλαφητὸιν
3019 2596 3264 2662 σκότος.

2041 2683 2149 2739 Φεῦ
2190 2704 2295 2746 σοι,
2321 2685 2543 2756 Φαραὼ,
2580 2684 2676 2739 τοῦ
2724 2686 2951 2750 σκότους
2984 2689 3085 2755 τῆς
3114 2688 3376 2758 καρδίαςι

2043 2776 2337 2831 owe-ste
2367 2776 2526 2829 τοῦτο
2557 2775 2620 2829 τὸ
2652 2776 2983 2847 τριέσπερον
3011 2778 3204 2842 σκότος

2040 2867 2116 2921 Τὸ
2150 2867 2471 2937 ψηλαφητδν
2503 2865 2882 2936 ὲξεδυσὼπησέ
2916 2885 2974 2920 σε
3003 2884 3017 2899 ο

2055 2959 2195 3011 Ἀλλ’
2225 2958 2394 3012 εἰσέτι
2428 2957 2778 3028 σκλήρυνοις,
2810 2958 2845 3029 ἡ
2879 2960 3029 3030 πρὶν,
3065 2959 3185 3012 ὲστί
3213 2976 3317 3014 σοι.

1961 3142 2006 3203 C
2040 3122 2176 3177 imo,
2206 3122 2259 3167 et
2282 3123 2551 3177 octavam,
2583 3124 2635 3167 et
2670 3128 2867 3167 nonam
2897 3114 3117 3179 subeas,
3148 3114 3443 3181 prudenter
3467 3130 3621 3172 cave:

2041 3212 2202 3271 atque
2249 3203 2452 3255 utinam
2496 3202 2636 3258 Deus
2669 3204 2936 3257 decimum
2971 3217 3000 3256 a
3036 3211 3087 3256 te
3116 3201 3384 3271 ﬂagellum
3435 3202 3623 3273 depel-

2040 3291 2132 3347 lat.

2039 3382 2106 3438 In
2136 3384 2441 3453 grandinem
2470 3400 2588 3438 cum
2612 3385 2729 3454 igne
2784 3392 2832 3439 et
2863 3384 3067 3437 vocibus
3099 3398 3127 3436 ε
3152 3386 3287 3438 caelo
3313 3385 3621 3439 demissam.
3679 3382 3682 3385 λ

2108 3474 2345 3540 Grando,
2396 3474 2532 3544 ignis
2557 3482 2611 3529 et
2644 3490 2747 3530 vox
2777 3490 2807 3530 ο
2837 3475 2975 3530 coelo
2994 3483 3303 3544 portentosa
3332 3476 3615 3544 septimam

2040 3565 2215 3636 arguit
2246 3564 2621 3636 Egyptiorum
2664 3566 2924 3636 plagam;
2979 3566 3146 3621 nihilo
3200 3576 3379 3622 tamen
3428 3562 3609 3621 secius

2042 3657 2157 3711 haec
2191 3656 2491 3710 Pharaonis
2522 3657 2782 3725 animum,
2816 3657 3033 3714 tametsi
3087 3665 3193 3713 tam
3250 3657 3435 3729 gravia
3482 3658 3611 3718 sint,

2038 3745 2255 3803 ﬂectere
2277 3747 2614 3804 evaluerunt.

2721 3840 2787 3895 In
2820 3843 2977 3897 idem.

2111 3935 2254 4004 Ignis
2308 3935 2468 3989 simul
2518 3945 2570 3990 et
2598 3936 2804 4005 grando
2825 3952 2890 3991 ex
2941 3937 3144 3992 esthere
3178 3936 3231 3990 in
3274 3944 3473 3990 terram
3510 3935 3608 3991 de-

2038 4026 2204 4092 siliit;
2242 4041 2413 4096 neque
2456 4033 2634 4081 tamen
2668 4028 2984 4098 grandinem
3018 4030 3097 4083 vis
3129 4028 3269 4098 ignis
3320 4029 3612 4099 vehemen-

2040 4118 2245 4173 tissima
2292 4117 2566 4182 discussit,
2614 4134 2721 4173 nec
2761 4120 2938 4185 ignem
2998 4118 3200 4189 grando
3262 4118 3615 4189 quantumvis

2037 4208 2408 4264 bumidissima
2443 4210 2726 4275 exstinxit,
2768 4210 3019 4265 universa
3057 4209 3257 4280 quippe
3294 4210 3428 4277 regit
3474 4209 3613 4263 Deus

2039 4309 2093 4356 et
2133 4316 2162 4355 a
2190 4316 2286 4357 sua
2319 4310 2513 4356 natura
2544 4302 2804 4356 dimovet.

2586 4391 2655 4445 In
2684 4392 2944 4447 locustas.

1963 4465 2013 4525 D
2110 4484 2255 4552 Quas
2309 4499 2500 4554 passus
2535 4500 2593 4540 es
2640 4484 2926 4549 hactenus,
2996 4484 3165 4554 plagae
3212 4495 3612 4555 praetergressm

2036 4583 2186 4641 sunt,
2213 4590 2247 4631 ο
2273 4576 2405 4630 dura
2439 4576 2651 4631 cervice
2676 4575 2928 4646 prmditus
2946 4573 3275 4646 Egyptiacze
3310 4585 3465 4631 terra;
3490 4591 3609 4640 rex,

2037 4675 2283 4721 octavam
2316 4677 2575 4736 praeterea
2623 4666 2884 4721 locustam
2926 4677 3132 4737 patere,
3163 4682 3362 4723 nonam
3416 4675 3470 4722 et
3506 4669 3605 4721 de-

2036 4757 2235 4813 cimam
2270 4758 2579 4828 propediem
2605 4767 2946 4827 accepturus.

2741 4859 2809 4914 In
2848 4861 3002 4915 idem.

2108 4951 2338 5007 Gravem
2379 4952 2711 5008 locustarum
2739 4956 2947 5022 coplam
2984 4952 3163 5007 divina
3192 4966 3353 5006 manu
3393 4965 3424 5006 e
3468 4954 3609 5007 cmlo

2035 5040 2289 5096 deorsum
2333 5041 2535 5111 depluit
2562 5041 2721 5106 Deus,
2782 5042 2851 5096 ob
2900 5056 3034 5112 quas
3074 5041 3281 5096 Pharao
3314 5056 3403 5096 rex
3440 5042 3605 5095 animi

2035 5132 2232 5189 dubius
2258 5135 2574 5202 angebatur,
2610 5132 2879 5200 Musisque
2911 5147 3083 5200 genua
3140 5131 3469 5198 complexus,
3526 5131 3605 5185 lo-

2038 5235 2221 5282 custas
2254 5224 2484 5286 tolleret,
2516 5227 2674 5278 enixe
2721 5225 2962 5294 rogabat,
3020 5225 3104 5279 cui
3162 5237 3365 5278 morem
3415 5236 3610 5293 gerens

2036 5316 2210 5372 Moses
2243 5315 2481 5371 locustas
2508 5314 2728 5385 fugavit.

2503 5403 2571 5458 In
2603 5405 2889 5473 palpabile:
2929 5404 3185 5458 tenebras.

2108 5493 2201 5550 Va:
2238 5492 2358 5556 tibi,
2387 5492 2619 5558 Pharao,
2643 5507 2803 5560 quam
2839 5493 3172 5548 tenebricosa
3203 5493 3382 5548 cordis
3408 5494 3485 5550 tui
3514 5508 3608 5552 ve-

2036 5587 2234 5643 sania!
2271 5584 2349 5640 Ne
2372 5584 2473 5639 illae
2516 5584 2645 5654 ipsae
2695 5584 3014 5655 prolixiores
3074 5586 3307 5640 tenebrae
3350 5586 3609 5655 palpabi-

2034 5677 2223 5747 lesque
2246 5687 2297 5731 te
2328 5676 2380 5730 in
2417 5675 2744 5731 contrariam
2810 5686 3191 5745 permoverunt
3235 5677 3554 5733 sententiam
3584 5694 3603 5745 ;

2034 5769 2129 5827 sed
2165 5767 2406 5823 tenacius
2436 5780 2596 5837 quam
2638 5774 2797 5824 antea
2825 5765 2922 5823 tibi
2947 5764 3199 5824 obduruit
3230 5766 3462 5823 animus.
