4050 6392
353 326 489 393 11ῖὶ9

355 446 515 515 Ἡγῆ
546 446 644 514 μὲν
668 445 779 511 οῖα,
812 445 1007 520 βότρυς
1042 442 1196 513 οὗτος
1229 450 1467 505 δεικνύει
1490 465 1506 480 ⁸

346 540 409 591 Ol
438 539 483 591 δ’
511 539 704 609 ἄνδρες
727 541 857 611 ἡμῖν
881 540 955 605 ὡς
986 542 1240 611 γίγαντες
1268 544 1582 615 κανθάροις.

934 655 1038 720 Et;
1069 654 1137 707 τὸ
1171 657 1342 710 αὐτό.

345 745 512 815 Γαίης
538 743 890 807 Χανανίτιδος
915 746 1203 799 ἐπίσκοποι
1235 748 1430 818 ἀνέρες
1454 745 1617 820 ἦλθον

361 837 623 900 Ἰουδαῖοι,
658 838 801 906 ἀτάρ
832 854 925 906 μιν
951 838 1559 907 ὲφεσταότεςθηεῦντο,

351 927 512 991 Οἴους
536 929 593 980 ὲν
626 927 847 997 μεγέθει
872 944 934 980 τε
961 931 1069 999 φυῇ
1101 927 1154 981 τ⁹
1180 931 1545 1000 ἀνατέτροφεν
1585 932 1803 1003 ἄνδρας.

364 1019 461 1071 Ἐκ
484 1018 529 1071 δ’
561 1018 669 1088 ἄρα
713 1016 908 1087 βότρυν
948 1018 1154 1087 ἕλοντο,
1199 1019 1373 1088 φίλοις
1404 1020 1449 1073 δ’
1484 1022 1757 1091 ὲμίγησαν
1786 1026 1934 1079 ἑταί-

1700 1115 1860 1187 [ροις.

347 1201 688 1275 ΕῑςνΔαθὰν,
716 1203 843 1275 ἑκαὶ
882 1203 1068 1275 ᾼΚορὲ,
1101 1204 1201 1258 καὶ
1231 1179 1525 1275 Ἀϐειρὼν,
1556 1205 1665 1272 οὓς
1818 1209 1936 1275 τὴν

415 1274 502 1347 εἰς
553 1271 807 1341 Μωσῆνι
851 1273 1261 1344 βλασφημίαν
1335 1271 1536 1332 albati»?
1598 1271 1650 1346 ἠγ
1687 1277 1762 1347 γῆ
1829 1271 1933 1334 κὰ-

417 1357 643 1397 κεπειν.

350 1434 453 1486 Τὸν
478 1434 573 1486 τοῦ
602 1435 802 1499 Δαθὰν,
834 1437 1112 1509 ἄνθρωπε,
1154 1440 1383 1495 θάνατον
1411 1442 1648 1511 βλέπων,

352 1522 629 1589 Ἔκφευγε
658 1523 756 1591 τὴν
783 1524 1015 1597 μίμησιν
1044 1528 1212 1583 αὐτοῦ
1256 1533 1569 1603 σωφρόνως,

349 1609 443 1680 Μὴ
474 1611 548 1679 γῆ
582 1612 817 1682 χανοῦσα
845 1617 1139 1687 παμφάγος
1179 1619 1388 1685 δέξαιτό
1416 1639 1496 1689 σε,

350 1702 462 1754 Καὶ
485 1704 598 1766 τοῖς
623 1703 824 1774 ὁρῶσιν
851 1705 974 1777 ὄψις
1008 1708 1253 1781 οίκτίστη
1288 1712 1443 1783 γένῃ.

916 1821 1023 1886 Εἰς
1056 1823 1124 1876 τὸ
1154 1824 1324 1878 αὐτό.

345 1903 482 1958 Γαῖα
511 1905 608 1975 μὲν
644 1908 1002 1981 εὐρύστερνος
1034 1913 1142 1967 ὑπὸ
1174 1916 1348 1986 στόμα
1377 1910 1514 1985 ᾧξεν
1545 1920 1804 1991 ἀλιτροῖς,
1895 1922 1913 1939 ¹

345 1998 586 2066 Οὐρανὸς
614 1999 661 2052 δ’
690 2001 907 2072 άῖδηλον
946 2003 1055 2058 ἀπὸ
1088 2005 1262 2076 φλόγα
1285 2003 1414 2063 ὗσεν
1438 2010 1623 2082 ἔραξε,
1740 2038 1747 2045 ·

326 2086 456 2142 Καὶ
488 2090 632 2161 Κορέ
654 2092 723 2157 τ’,
748 2092 1012 2166 ’Δϐειρών
1039 2114 1122 2163 τε,
1148 2098 1325 2154 Δαθάν
1353 2118 1409 2155 τε
1440 2102 1602 2173 πέφν’
1624 2121 1637 2135 ο
1667 2107 1812 2177 ἀμφὶ
1869 2107 1925 2160 δὲ

1715 2201 1854 2252 τοῖσι

342 2276 539 2330 κτεῖνε
568 2277 873 2348 διηκοσίους
905 2286 1225 2355 πεντήκοντ’
1254 2287 1453 2361 ἀνέρας
1485 2197 1709 2363 ἄρδην.[

450 2382 556 2450 Είς
586 2384 936 2454 τὴνρἁδον
949 2390 1179 2459 Ἀαρὼν
1205 2392 1322 2462 τὴν
1335 2394 1815 2464 βλαστήσασαν.

353 2471 763 2547 Ἀνθηφοροῦσα
793 2478 985 2549 ῥάϐδος
1022 2479 1363 2554 Ἀαρωνῖτις,

343 2566 419 2618 Τὸ
444 2566 627 2638 θαῦμα
652 2567 745 2622 τοῦ
775 2571 868 2624 σοῦ
902 2575 1236 2644 προγράφει,
1270 2577 1429 2649 κόρη,
1458 2578 1639 2634 τόκου.

354 2656 443 2722 Ἐξ
487 2656 700 2728 Ἀαρὼν
729 2661 837 2733 γὰρ
865 2666 966 2734 τῆς
992 2665 1163 2736 φυλῆς
1190 2671 1536 2740 κατηγμένη,

350 2744 440 2812 Ὠς
470 2746 631 2812 ἄνθος
667 2750 1010 2826 ἑϐλάστησας
1042 2757 1205 2813 αὑτὸν
1234 2759 1327 2813 τὸν
1352 2763 1547 2831 Λόγον.

930 2870 1036 2936 El;
1060 2870 1128 2925 τὸ
1156 2874 1329 2928 αὐτό.

337 2959 557 3014 Δώδεκα
588 2960 773 3032 ῥάϐδοι
805 2961 931 3017 ἔσαν
964 2965 1345 3037 προκείμεναι,
1376 2970 1464 3042 οἵη
1498 2973 1726 3030 ἀπασῶν

350 3052 675 3124 ’Δνθοφόρος
706 3058 936 3125 γεγαυῖα
962 3057 1053 3113 τὸν
1084 3058 1232 3123 ἄξιον
1261 3060 1534 3135 άρχιερῆα

337 3219 519 3282 strat;
576 3213 671 3271 sed
701 3214 891 3273 incolae
948 3216 1211 3290 gigantes,
1252 3236 1353 3279 nos
1380 3223 1641 3281 scarabati
1678 3226 1904 3285 videba-

340 3320 482 3359 llllll'.

996 3401 1062 3457 In
1093 3405 1252 3462 idem.

412 3485 592 3543 Terra:
637 3485 912 3545 Chanaam
981 3493 1347 3565 speculatores
1394 3499 1495 3554 viri
1526 3498 1753 3569 profecti
1786 3510 1914 3557 sunt

332 3578 528 3645 Judaei,
562 3596 747 3650 quam,
779 3596 961 3637 coram
991 3599 1306 3654 praesentes,
1369 3588 1827 3659 introspexerunt,
1859 3602 1914 3649 et

340 3689 503 3744 quam
544 3685 742 3730 natura
774 3691 1029 3745 proceros
1057 3681 1324 3736 enutriret
1354 3683 1603 3739 homines
1632 3701 1648 3750 ;
1696 3685 1823 3739 hinc
1845 3701 1912 3741 ex

332 3776 552 3838 portato
592 3780 835 3834 racemo,
863 3769 930 3824 ad
964 3770 1209 3841 gregales
1233 3772 1439 3828 amicos
1463 3788 1525 3829 se
1568 3785 1908 3844 receperunt.

332 3876 401 3931 In
434 3876 675 3943 Chorem,
704 3876 922 3949 Delium
969 3888 1015 3933 st
1049 3879 1247 3935 Abiron
1295 3882 1444 3935 hiatu
1484 3892 1639 3936 terra:
1672 3883 1908 3949 haustos,

573 3948 712 4017 quod
738 3947 937 4001 Mosam
988 3953 1229 4006 convitiis
1260 3952 1658 4020 proscidissent.

402 4036 560 4107 Oqui
613 4038 802 4093 Dathae
833 4039 1108 4095 interitum
1165 4042 1397 4112 penitius
1453 4044 1731 4114 cxpendis,
1781 4061 1911 4101 cave

327 4129 514 4184 sedulo
540 4144 606 4184 ne
635 4130 750 4199 ejus
782 4132 1018 4202 vestigiis
1050 4133 1265 4189 insistas
1291 4151 1306 4201 ;
1337 4150 1404 4189 ne
1431 4144 1570 4190 terra
1595 4137 1910 4193 dehiscente

328 4234 449 4289 qua:
475 4221 655 4276 omnia
686 4222 1250 4295 deglutitabsorptus,
1308 4226 1618 4285 miserabile
1673 4230 1772 4284 ﬁas
1824 4231 1912 4285 in-

331 4311 605 4367 tuentibus
639 4313 1028 4381 spectaculum.

1039 4405 1105 4460 In
1135 4406 1294 4460 idem.

1210 332 1737 395 TETRASTICHA
1780 333 1862 396 IN
1896 332 2145 396 VETUS
2172 335 2767 400 TESTAMENTUM.

1955 456 2007 517 Α
2034 452 2208 518 Δείζει
2229 470 2243 485 ·
2269 454 2302 524 ἡ
2328 453 2372 508 δ’
2406 455 2513 526 ἄρα
2545 456 2739 526 ῥάϐδος
2776 454 2990 525 Ἀαρὼν
3014 454 3383 527 ἀνθοφόρησεν

3477 337 3612 402 H30

2034 543 2159 614 Οἴη,
2189 545 2414 599 αύαλέαι
2440 538 2497 600 δὲ
2524 550 2583 601 αἱ
2613 548 2807 602 ἓνδεκι
2834 548 3048 617 λ-ῖρθεν
3083 548 3317 602 ἅπασαι.

2037 634 2143 701 Εἰς
2194 635 2302 689 τὸν
2341 636 2607 710 adq-ator
2632 638 2870 706 Ἀαρὼν,
2901 640 2999 693 καὶ
3030 638 3156 710 τὴν
3190 637 3470 710 Ἐλεάζαρ
3500 639 3607 694 τοῦ

2325 707 2460 761 υἱοῦ
2506 709 2692 762 αὑτοῦ
2713 710 2843 762 ἀντ’
2866 709 3053 764 αὑτοῦ
3079 710 3311 777 κρίσιν.

2034 795 2311 865 Τέθνηκεν
2352 799 2484 864 ἰδοὺ,
2515 801 2747 871 Μωῦσῆ,
2771 799 2830 853 τὸ
2858 800 2951 854 σὺν
2982 802 3156 872 στόμα
3177 819 3193 834 ο

2036 889 2147 941 Καὶ
2179 890 2296 951 πῶς
2320 889 2574 959 λαλήσεις
2604 890 2702 943 οὐκ
2734 891 2872 960 ἔχων
2902 892 3096 946 λαλοῦν
3126 894 3333 963 στόμα;

2039 981 2230 1051 Ὅμως
2265 981 2355 1034 τὸν
2387 982 2505 1034 υἱὸν
2544 982 2755 1052 Ἀαρὼν
2800 984 3064 1056 Ἐλεάζαρ

2038 1074 2250 1142 Ἔχεις,
2278 1072 2677 1142 ὀφλισκάνοντα
2706 1076 2911 1146 πατρὸς
2941 1077 3009 1128 τὰ
3035 1077 3193 1149 χρέα.

2623 1167 2729 1234 Εἰς
2755 1171 2821 1224 τὸ
2853 1171 3025 1225 αὐτό.

2034 1259 2241 1329 Ούρεος
2272 1261 2416 1331 ἀμφὶ
2455 1260 2729 1332 κόρυμϐα,
2767 1261 2827 1315 τὸ
2864 1262 3223 1333 κικλήσκουσι
3253 1263 3412 1334 βροτὸ
3445 1265 3486 1337 ’ξ-
3513 1264 3617 1338 ὣρ,

2046 1352 2329 1416 Μωῦσέως
2361 1352 2617 1422 μεγάλοιο
2642 1354 2899 1423 ἀδελφεὸς
2930 1353 3115 1408 ἐκθαν’
3138 1354 3373 1424 Ἀαρών.

2040 1445 2225 1515 Αὐτὰρ
2247 1445 2275 1496 ὁ
2307 1444 2446 1497 τοῦδ’
2479 1443 2623 1512 ἱερὸν
2664 1444 2989 1517 Ἐλεάζαρος
3022 1446 3206 1500 ἐνδυτο
3243 1448 3472 1513 πέπλον,

2053 1536 2142 1588 Ἐν
2185 1534 2230 1588 δ’
2276 1535 2455 1606 ἱερεὺς
2487 1535 2589 1607 μὲν
2633 1536 2841 1605 ἔγεντο,
2875 1536 3079 1610 πατρὸς
3127 1537 3257 1599 πάϊς
3297 1538 3484 1601 ἐσθλὸς
3523 1537 3619 1592 ἀπ’

3303 1626 3542 1701 [ἐσθλοῦ.

2323 1723 2599 1794 χαλκοῦν
2636 1723 2802 1790 ὄψιν,
2848 1720 2955 1794 τὸν
2993 1720 3138 1786 τοὺς
3187 1719 3614 1790 ὀφεωδήκτους

2490 1794 2862 1861 Ἰσραηλίτας
2893 1791 3166 1860 ἰώμενον.

2032 1884 2250 1949 Ζῶντας
2288 1885 2589 1957 δράκοντας
2616 1885 2840 1939 θανατοῖ
2874 1882 3109 1955 χαλκοῦς
3139 1881 3356 1952 δράκων
3384 1896 3398 1912 ·

2028 1972 2156 2047 Ἆρ’
2191 1973 2285 2031 οὖν
2314 1980 2342 2032 ὁ
2368 1977 2567 2048 χαλκὸς
2621 1977 2749 2041 τοὺς
2775 1976 2925 2044 ὄφεις
2956 1974 3214 2029 ὲθανάτου
3240 1993 3255 2041 ;

2027 2066 2139 2120 Καὶ
2172 2066 2276 2120 ποῦ
2311 2047 2469 2139 τίς-ιθ
2482 2068 2623 2136 ἔγνω
2657 2066 2858 2137 χαλκὸν
2882 2067 2939 2117 ὲν
2964 2065 3325 2134 θανασίμοις;

2026 2157 2236 2214 Οὔκουν
2263 2162 2289 2214 ό
2314 2159 2535 2229 χαλκὸς,
2572 2158 2692 2213 ἀλλ’
2723 2161 2751 2213 ὁ
2778 2158 2873 2212 τοῦ
2913 2156 3145 2228 σταυροῦ
3181 2155 3367 2221 τύπος.

2589 2251 2694 2315 Εἰς
2727 2248 2795 2303 τὸ
2826 2251 2998 2304 αὐτό.

2025 2340 2253 2410 Λέχριος
2282 2342 2632 2396 ἔντετάνυστο
2660 2342 2780 2409 ὄφις
2808 2338 2947 2410 ξύλῳ
2974 2339 3109 2411 ὀρθὰ
3139 2338 3339 2410 βεϐῶτι

2028 2432 2291 2500 Χάλκεος,
2322 2435 2611 2497 ἀντίτυπος
2647 2432 2805 2497 ζωῶν
2832 2433 3003 2502 ὀφίων
3037 2433 3360 2501 κακοεργῶν

2029 2522 2133 2576 Τδν
2160 2524 2611 2601 προσιοσσόμενοι
2639 2523 2970 2593 ὀφεώδηκτοι
3020 2523 3285 2594 Ἑϐραῖοι,
3378 2553 3383 2559 ·

2031 2613 2316 2683 Φύγγανον
2341 2617 2405 2669 ὲκ
2438 2614 2740 2685 κακότητος
2762 2630 2777 2645 ⁶
2808 2615 2944 2680 ζωὸν
2972 2615 3016 2668 δ’
3046 2613 3169 2684 ὅφιν
3192 2614 3363 2668 ὢλλυε
3392 2610 3609 2686 νεκρός.

2034 2708 2140 2771 Εἰς
2174 2702 2294 2773 τὴν
2350 2706 2585 2761 πτῶσιν
2620 2707 2732 2777 “Or
2776 2706 2880 2760 καὶ
2932 2706 3092 2761 Σεὼν
3131 2706 3249 2761 τῶν
3279 2708 3612 2773 βασιλέων.

2110 2796 2310 2849 Ἐθνῶν
2341 2796 2580 2866 βασιλεῖς
2612 2798 2714 2865 Ὤγ
2744 2815 2802 2851 τε
2826 2797 2921 2853 καὶ
2961 2797 3136 2871 Σηὼν,
3167 2798 3308 2864 ξένε,

2029 2889 2232 2958 Ἀμφω
2265 2884 2509 2955 ξυνῆψαν
2539 2887 2675 2956 πρὸς
2705 2886 2798 2939 τὸν
2838 2886 3057 2958 Ἰσραὴλ
3089 2888 3294 2958 μάχην.

2027 2976 2092 3029 Τί
2118 2976 2251 3045 γοῦν
2278 2975 2340 3028 τὸ
2368 2976 2546 3046 τέρμα
2574 2976 2675 3045 τῆς
2704 2975 2884 3045 μάχης
2915 2976 3109 3045 μαθεῖν
3144 2977 3357 3043 θέλεις;

2030 3070 2231 3138 Ἀμφω
2262 3067 2442 3139 σπάθῃ
2471 3066 2741 3137 τέτμηκεν
2782 3067 3143 3139 Ἰσραηλίτης.

2036 1721 2141 1788 Εἰς
2180 1723 2286 1778 τὸν

2020 3226 2085 3283 In
2113 3224 2342 3282 Aaronis
2393 3224 2638 3296 obitum,
2671 3221 2888 3293 ejusque
2920 3221 3027 3291 ﬁlii
3059 3222 3310 3296 Eleazari
3336 3224 3395 3281 in
3437 3225 3604 3296 patris

2329 3296 2501 3350 locum
2529 3295 2735 3363 stt/fecti
2761 3294 3248 3363 inaugurationem.

2087 3392 2225 3447 Ecce
2257 3391 2454 3456 Moses,
2496 3405 2557 3445 os
2583 3399 2731 3443 tuum
2763 3387 3091 3443 exstinctum
3140 3395 3261 3453 est;
3327 3386 3421 3457 qui
3486 3402 3610 3443 vero

2032 3484 2187 3554 loqui
2231 3482 2548 3546 sustinebis,
2583 3480 2696 3536 oris
2733 3479 2992 3548 indigus?
3025 3489 3200 3534 tamen
3232 3479 3463 3536 Aaronis
3514 3480 3611 3534 ha-

2033 3574 2128 3628 bes
2158 3572 2324 3628 iilium
2362 3569 2706 3637 Eleazarum,
2733 3568 2823 3637 qui
2877 3566 3093 3638 paterni
3143 3565 3303 3623 ofﬁcii
3360 3566 3607 3632 damnas,

2028 3665 2144 3737 ejus
2179 3665 2326 3720 vices
2360 3662 2693 3734 adimplebtt.

2730 3750 2799 3807 1η
2828 3752 2988 3808 idem.

2084 3847 2143 3900 In
2174 3847 2372 3900 montis
2399 3844 2572 3913 apice,
2627 3845 2713 3899 cui
2761 3844 2830 3899 ab
2866 3842 3181 3899 hominibus
3240 3856 3438 3899 nomen
3488 3840 3605 3900 Hor

2014 3937 2245 3991 inditum
2273 3945 2376 4000 est,
2432 3935 2605 4004 Magni
2634 3934 2797 3990 Musis
2849 3932 3019 3990 frater
3047 3936 3225 3988 Aaron
3257 3951 3287 3990 e
3318 3936 3456 3989 vivis
3489 3950 3591 3990 ex-

2012 4029 2215 4094 cessit;
2254 4034 2506 4081 cmmrum
2560 4027 2679 4099 ejus
2735 4026 2877 4082 ﬁlius
2933 4025 3227 4081 Eleazarus
3272 4027 3602 4084 sacerdotali

2010 4119 2233 4174 indutus
2262 4121 2486 4185 amictu,
2518 4118 2709 4189 optimi
2756 4121 2996 4188 parentis
3044 4121 3280 4188 optimus
3317 4120 3459 4176 filius
3504 4136 3598 4176 sa-

2010 4198 2201 4268 cerdos
2251 4213 2451 4268 evasit.

2010 4322 2079 4379 In
2130 4334 2651 4395 serpentem-teneam
2700 4336 3023 4448 aduerpente
3091 4328 3279 4381 morsis
3326 4326 3594 4384 Israelitis

2642 4414 2719 4448 me
2758 4409 3004 4448 tcantem.

2642 4409 3004 4453 "remeantem.

398 4494 509 4549 sub
570 4495 946 4565 peccatoribus
997 4511 1059 4551 οε
1115 4498 1329 4567 aperui;
1395 4507 1561 4566 terra,
1599 4502 1653 4556 in
1702 4502 1909 4572 amplas
1942 4490 1985 4546 D
2084 4483 2248 4542 Vivos
2279 4485 2854 4559 interfecitserpentes
2880 4504 3060 4545 aeneus
3102 4504 3363 4559 serpens;
3408 4500 3589 4545 utrum

326 4584 517 4639 diﬂusa
557 4586 831 4654 planities,
887 4588 1222 4658 coelumque,
1248 4588 1520 4645 ﬂammam
1547 4594 1911 4664 perstringeno

327 4685 431 4728 tem
466 4676 670 4740 oculos,
705 4678 758 4731 in
790 4684 988 4733 terram
1028 4679 1272 4744 stillavit,
1313 4690 1369 4736 et
1408 4682 1663 4749 Chorem,
1698 4672 1906 4740 Dathan

324 4773 378 4815 et
398 4764 600 4818 Abiron
657 4764 969 4835 interfecit;
1015 4768 1340 4837 quibuscum
1395 4787 1501 4825 una
1547 4773 1809 4830 ducentos
1851 4785 1905 4831 et

321 4857 711 4927 quinquaginta
751 4858 817 4912 de
848 4859 1026 4913 medio
1053 4860 1289 4917 sustulit.

578 4968 644 5024 In
684 4969 920 5026 Aaronis
953 4973 1154 5043 virgam
1214 4977 1615 5046 germinantem.

395 5080 623 5138 Aaronis
662 5083 810 5153 virga
842 5083 1000 5142 ﬂores
1032 5083 1323 5144 ell'undens
1346 5087 1423 5142 tui
1448 5099 1634 5158 partus
1653 5092 1894 5145 miracu-

318 5170 427 5225 lum
456 5173 720 5242 praedicit,
749 5189 782 5229 ο
812 5174 974 5246 Virgo
1005 5192 1020 5244 ;
1063 5190 1128 5231 ex
1157 5178 1385 5234 Aaronis
1413 5180 1565 5245 enim
1600 5181 1741 5236 tribu
1778 5196 1905 5252 pro-

315 5272 501 5332 gnata,
544 5281 647 5321 ceu
699 5265 821 5334 ﬂos,
851 5281 1040 5337 parem
1082 5268 1136 5323 in
1168 5271 1382 5326 modum
1407 5273 1749 5342 germinasti.

954 5384 1023 5440 In
1066 5388 1226 5442 idem.

385 5473 678 5529 Duodecim
710 5478 1001 5546 propositae
1026 5491 1183 5533 erant
1206 5480 1393 5551 virgae,
1421 5482 1534 5538 sola
1565 5497 1629 5540 ex
1649 5487 1899 5543 omnibus

318 5580 437 5633 qua:
485 5567 787 5623 eillorescet
846 5569 1253 5626 meritissitnum
1304 5573 1610 5641 pontiﬁcem
1649 5577 1899 5647 designa-

314 5657 393 5710 bit
424 5673 439 5723 ;
474 5658 707 5715 Aaronis
739 5661 886 5730 virga
916 5660 1078 5717 ﬂores
1105 5662 1292 5717 effudit
1321 5665 1458 5729 sola,
1478 5681 1601 5722 cum
1640 5670 1892 5726 undecim

318 5747 539 5820 reliqua:
560 5762 797 5824 _arentes
828 5752 1031 5807 relicta:
1058 5753 1164 5808 sint
1195 5768 1258 5808 ac
1283 5758 1513 5811 steriles.

638 5845 909 5910 PATROL.
952 5849 1070 5909 Gn.
1121 5847 1441 5910 CXXXIII.

2017 4579 2176 4649 igitur
2200 4594 2275 4635 aes
2326 4581 2498 4648 ipsum
2534 4591 2811 4647 serpentes
2858 4580 3163 4636 enecabat?
3217 4583 3432 4637 ubinam
3468 4600 3600 4655 gen-

2015 4669 2144 4724 tium
2189 4671 2311 4740 quis
2359 4671 2578 4726 lethalia
2619 4671 2762 4725 inter
2794 4685 3000 4727 venena
3050 4688 3124 4727 aes
3174 4674 3324 4730 novit
3355 4670 3597 4729 ?Nenli-

2009 4776 2170 4831 quam
2204 4777 2299 4829 aes,
2329 4767 2423 4818 sed
2450 4764 2565 4832 ipsa
2598 4764 2801 4819 Christi
2849 4765 3019 4835 ﬁgura
3045 4779 3139 4822 eos
3167 4766 3546 4826 interﬁciebat.

2703 4853 2770 4908 In
2797 4856 2955 4909 idem.

2081 4943 2451 5001 Transversus
2476 4943 2528 4999 in
2555 4940 2700 5015 Πειῶ
2720 4956 2903 5002 erecto
2928 4962 3153 5016 serpens
3180 4948 3590 5009 extendebatnr,

2008 5050 2211 5103 aeneus,
2269 5037 2444 5092 noxiis
2499 5039 2842 5107 serpentibus
2891 5041 3066 5109 iisque
3101 5040 3238 5094 vivis
3294 5054 3325 5093 e
3375 5036 3592 5092 diverso

2006 5128 2324 5198 oppositus;
2366 5128 2417 5183 in
2452 5129 2594 5184 hunc
2622 5130 2713 5200 qui
2744 5146 2775 5185 a
2806 5142 3058 5200 serpente
3104 5130 3214 5185 laesi
3271 5130 3454 5184 oculos
3491 5133 3587 5183 ad—

1998 5218 2283 5289 iecissent,
2318 5220 2546 5276 exitium
2593 5223 2909 5288 evitabant;
2954 5237 3076 5276 nam
3118 5224 3239 5276 vita:
3291 5236 3483 5291 expers
3512 5222 3588 5275 vi-

2004 5316 2218 5364 ventem
2254 5324 2476 5379 serpens
2505 5312 2788 5364 exstinxit.

2320 5398 2388 5452 Iu
2421 5398 2597 5455 Sehon
2621 5411 2670 5453 et
2700 5400 2776 5470 09
2809 5402 2943 5469 regis
2983 5402 3225 5454 exitium.

2060 5489 2310 5546 Gentium
2328 5491 2597 5561 principes
2631 5490 2711 5560 Og
2743 5503 2796 5546 et
2821 5492 3024 5557 Sehon,
3079 5508 3111 5546 ο
3135 5492 3351 5560 hospes,
3423 5494 3583 5548 ambo

1999 5594 2119 5635 cum
2153 5581 2350 5637 lsraele
2374 5597 2604 5653 pugnam
2648 5584 3053 5647 commiserunt,
3103 5584 3232 5653 quid
3266 5584 3428 5652 igitur
3457 5584 3582 5639 belli

1998 5689 2312 5729 successum
2344 5677 2426 5732 vis
2470 5676 2751 5731 auditione
2809 5675 3101 5745 accipere?
3145 5680 3434 5748 utrumque
3487 5692 3582 5747 po-

2000 5766 2156 5834 pulus
2188 5766 2427 5841 lsraelpin
2468 5783 2563 5824 ore
2586 5768 2753 5838 gladii
2790 5767 3008 5824 cecidit.

3090 5862 3165 5925 36
