4050 6444
387 351 523 417 H33

986 459 1091 525 Εἰς
1123 457 1187 511 τὸ
1223 459 1393 511 αὐτό.

385 546 576 621 ’ᾋσμα
599 547 708 602 τόδ’
741 545 894 619 ᾆσμα
931 545 1116 617 φόϐοιο
1150 545 1284 601 Θεοῦ
1313 547 1442 617 βέλη
1489 546 1664 616 ἄμμιν
1695 539 1972 604 ἀπειλοῦν,

389 642 629 711 Αἵματος
662 639 1005 708 ὲκμεθύοντα
1050 639 1356 708 κρεοφάγου
1387 654 1446 690 τε
1482 634 1759 706 μαχαίρης
1787 650 1799 662 '

389 736 586 789 Χείλεα
612 736 920 804 παμφαγέα
942 749 957 766 ο
993 731 1152 802 πτοίη
1184 731 1240 801 μ’
1275 731 1388 800 ἔχει
1421 729 1716 790 είσαῖοντα,

390 828 484 896 Μή
514 843 645 879 ποτε
689 825 800 878 σῶν
843 825 1044 894 βελέων
1082 825 1441 895 πειρήσομαι,
1473 815 1518 872 ὦ
1553 821 1676 892 μέγ’
1707 819 1977 872 ἀνάσσων.

393 943 498 1008 Εἰς
524 940 752 1010 Μωσῆν
784 941 854 994 ἐν
895 939 974 1003 τῷ
1003 937 1420 1010 ἀποθνήσκειν
1461 936 1837 1006 εὐλογοῦντα
1881 933 1984 998 τὰς

885 1011 960 1074 ιβ’
992 1009 1199 1079 φυλὰς
1216 1008 1492 1077 Ἰσραήλ.

392 1127 498 1180 Τὸν
520 1125 813 1193 εὐλογητὺν
855 1125 1074 1195 Ἰσραὴλ
1101 1124 1178 1194 τῷ
1213 1123 1402 1194 Κυρίῳ

395 1220 505 1272 Καὶ
547 1218 789 1287 Μωῦσῆς
829 1217 924 1269 νῦν
947 1217 1182 1284 εὐλογεῖ,
1212 1214 1405 1268 λοῖσθα
1435 1215 1637 1280 πνέων,

394 1309 509 1366 Οὐκ
539 1313 596 1364 ὲν
622 1312 720 1381 μιᾷ
746 1310 874 1372 τοὺς
898 1309 1107 1371 πάντας
1143 1309 1277 1378 εὐχῇ
1310 1307 1568 1372 συνδέων,

395 1400 528 1464 Ταῖς
557 1400 606 1454 δ’
637 1398 912 1466 εὐλογίαις
943 1399 1038 1462 τὰς
1070 1398 1244 1468 φυλὰς
1272 1397 1439 1461 τιθεὶς
1477 1399 1697 1469 μέτρον.

1004 1513 1102 1576 Εἰς
1146 1510 1211 1563 τὸ
1241 1511 1410 1565 αὑτό.

396 1605 564 1676 0⁸3ρεῖ
594 1602 734 1658 εἶδεν
762 1603 974 1658 ἄνακτα
1005 1603 1138 1656 Θεὸν
1173 1603 1346 1673 μέγαν
1373 1601 1516 1672 ὼμιρὶ
1547 1601 1772 1671 μεγάλῳ

397 1699 622 1764 Μωσῆς,
657 1694 764 1748 ὲνδ’
797 1694 887 1748 ὄπ’
913 1694 1112 1748 ἄκουσε
1144 1693 1253 1764 λεῷ
1285 1693 1328 1748 δ’
1361 1695 1637 1762 ὲσάφησεν
1659 1693 1919 1755 ἀκούσας.

397 1788 567 1858 Οὕρεῐ
590 1786 684 1840 καί
709 1803 769 1838 τε
793 1785 1024 1841 θάνατον
1047 1785 1274 1869 ἐξίδετο,
1319 1785 1518 1856 πρῶτα
1545 1783 1603 1838 δὲ
1634 1783 1829 1853 φυλαῖς

400 1879 618 1934 Δώδεκα
655 1877 940 1950 Ἑϐραίαις
978 1877 1156 1947 εὐχὰς
1185 1879 1306 1931 δύτο
1330 1877 1544 1931 δώδεκα
1577 1876 1770 1940 πάσας.

1068 1989 1346 2044 ΙΗΣΟΥΣ.

402 2089 509 2153 Εἰς
547 2086 722 2140 Ῥαὰϐ
768 2084 884 2152 τὴν
940 2084 1197 2152 πόρνην,
1257 2083 1321 2150 ἢ,
1371 2082 1515 2147 τοὺς
1567 2082 1998 2153 κατασκόπους

484 2149 708 2225 ἰΙεριχῲ
725 2149 1004 2219 σώσασα,
1017 2149 1313 2221 ὕστερον,
1353 2154 1764 2219 ἁλισκομένης
1786 2149 1996 2219 αὐτῆς,

463 2229 623 2296 μόνη
657 2225 778 2279 τῶν
808 2225 1018 2279 ἄλλων
1047 2225 1271 2291 ἐσώθη.

404 2317 636 2371 Σώσασα
680 2317 851 2370 Ῥαὰϐ
889 2315 1234 2388 Ἰσραηλίτας
1269 2316 1384 2381 δύο,

420 2411 778 2482 ’Δντεπρίατο
809 2411 1059 2479 παγγενῆ
1090 2410 1388 2480 σωτηρίαν.

407 2502 686 2572 Milesiae.
719 2503 914 2572 πόρναι
949 2501 1050 2570 τῆς
1099 2501 1400 2572 Ῥαὰϐ-τὴν
1433 2503 1686 2574 καρδίαν,

419 2597 509 2656 Ὠς
539 2595 606 2649 ἂν
638 2596 844 2665 τύχητε
872 2594 1116 2666 ψυχικῆς
1151 2594 1447 2666 σωτηρίας.

999 2708 1104 2774 Εἰς
1134 2709 1200 2761 τὸ
1225 2709 1394 2762 αὐτό.

413 2801 636 2872 ’Δνδρε,
667 2797 927 2870 φύγεσθε,
961 2799 1224 2869 φύγεσθε,
1260 2799 1511 2869 καλωδίῳ
1539 2798 1933 2869 ἀμφιδεοέντες

410 2892 658 2962 Θυρίδος,
685 2895 750 2946 ὲκ
775 2892 832 2945 δὲ
856 2891 1058 2963 μολείτ’
1079 2905 1093 2922 ο
1117 2891 1218 2961 ἐμὲ
1246 2887 1292 2944 δ’
1321 2892 1384 2944 ὲκ
1412 2893 1709 2962 κακότητος
1735 2891 1946 2956 ἕλεσθε,

409 2980 592 3081 Ἦμος
625 2983 758 3054 ὲμδν
797 2983 1118 3055 πτολίεθρον
1154 2982 1428 3037 ἁλώσεται
1460 2982 1571 3047 ὀξέϊ
1605 2983 1756 3053 δουρὶ

1088 3140 1153 3194 In
1187 3141 1345 3196 idem.

1253 348 1782 414 TETRASTICHA
1822 347 1905 408 IN
1947 347 2196 408 VETUS
2236 341 2832 406 TESTAMENTUM.

1996 459 2036 510 Α
2083 451 2390 520 Ὕμετέρῳ.
2417 449 2557 503 Τάδε
2605 449 2782 502 πάντα
2818 445 3169 512 τελέσσομεν,
3201 441 3274 504 ὠς
3306 442 3574 496 ἐπέοικεν.

2083 540 2187 604 Εἰς
2218 539 2332 608 τὴν
2362 540 2643 594 διάϐασιν
2670 538 2778 605 τῆς
2801 535 3072 599 κιϐωτοῦ,
3096 533 3193 588 καὶ
3223 533 3340 600 τὴν
3360 533 3670 604 Ἰορδάνου

3535 327 3668 398 1134

2717 609 3040 676 διαίρεσιν.

2092 706 2188 756 Ἂν
2218 705 2250 772 ἡ
2281 701 2506 764 κιϐωτὸς
2535 704 2568 772 ἡ
2603 701 2767 754 πάλαι
2799 699 3115 770 τυπουμένη

2086 797 2219 864 Διχῆ
2250 796 2452 865 διαιρεῖ
2486 796 2583 856 τὰς
2616 793 2746 864 ῥοὰς
2791 793 3058 863 Ἰορδάνου
3083 808 3096 822 °

2088 886 2210 949 uo;
2242 888 2276 955 ἡ
2305 881 2539 947 κιϐωτὸς
2567 886 2599 955 ἡ
2631 885 2795 954 νοητὴ
2824 883 3014 952 Μαρία

2087 979 2160 1030 Οὐ
2201 977 2297 1040 τὰς
2323 976 2600 1040 Θαλάσσας
2635 974 2742 1027 τῶν
2785 975 2932 1044 ἐμῶν
2963 975 3148 1027 κακῶν
3175 974 3311 1046 τέμῃ
3340 993 3354 1042 ;

2676 1069 2781 1132 Εἰς
2807 1067 2872 1120 τὸ
2903 1067 3055 1120 αὑτό

2005 1157 2014 1169 ’
2091 1161 2132 1211 Τ
2142 1163 2260 1212 ίπτε
2301 1160 2527 1232 ῥέεθρον
2565 1159 2750 1224 καλὸν,
2781 1158 3020 1228 Ἰορδάνη
3061 1159 3394 1230 ἀργυροδίνη

2091 1256 2304 1326 Στῆκας
2333 1273 2348 1320 ;
2383 1258 2504 1318 τοῖς
2541 1254 2586 1307 δ’
2620 1254 2908 1325 ἀνέρεσσιν
2952 1253 3072 1316 ὁδὸς
3099 1253 3294 1321 γένου;
3341 1257 3398 1308 ὲν
3432 1254 3489 1308 δὲ
3524 1251 3678 1322 διχά-

3394 1347 3606 1409 ’Ῐσθηςν

3394 1349 3398 1364 ¹
3450 1347 3510 1400 σθ

2104 1441 2262 1492 Ἦῢτε
2299 1459 2381 1503 τις
2420 1441 2662 1511 διχάσειε
2687 1439 2863 1511 τομῷ,
2901 1440 3048 1509 ξίφει
3078 1439 3218 1510 ἄρνα
3246 1345 3462 1508 νεογνὲν
3489 1364 3584 1506 ;ης

2093 1531 2185 1594 Τίς
2218 1549 2276 1585 σε
2308 1533 2510 1603 τᾶραξε
2541 1550 2555 1596 ;
2588 1532 2722 1584 Θεοῦ
2757 1532 2922 1596 αἰνῶς
2961 1531 3262 1602 περιδείδια
3293 1531 3510 1602 κίστην.

2169 1623 2271 1690 Εἰς
2291 1623 2406 1692 τὴν
2435 1623 2859 1693 τῶνἙϐραίων
2880 1624 2998 1678 ὑπὸ
3027 1624 3234 1693 Ἰησοῦ
3261 1624 3614 1694 περιτομήν.

2097 1717 2382 1787 Παρῆλθες
2412 1716 2672 1770 ἀσέϐειαν
2704 1717 2779 1779 ὡς
2832 1718 3106 1787 Ἰορδάνην
3134 1735 3146 1747 ·

2023 1803 2066 1860 Β
2098 1810 2208 1880 Τὴν
2241 1809 2338 1879 σὴν
2367 1809 2426 1860 τὸ
2452 1809 2636 1861 λοιπὸν
2670 1807 2832 1879 κόψον
2858 1809 3249 1878 ἀκροϐυστίαν,

2100 1900 2299 1963 Καθὼς
2342 1900 2550 1970 Ἰησοῦς
2580 1902 2636 1951 ὲν
2668 1900 2914 1970 μαχαίρᾳ
2945 1901 3199 1975 πετρίνη»

2113 1993 2203 2045 Ἐν
2235 1991 2475 2061 ἀπαθείᾳ
2501 1992 2702 2062 δηλαδὴ
2741 1993 2943 2063 σαρκὸς
2974 1992 3145 2065 πάηῃ.

2695 2089 2799 2151 Εἰς
2830 2087 2896 2138 τὸ
2922 2089 3092 2140 αὑτό.

2101 2177 2256 2246 Ξίφει
2282 2177 2513 2246 σιδαρέῳ
2545 2175 2774 2246 πρώτως
2809 2176 2906 2245 μὲν
2929 2174 3150 2245 Ἀϐρὰμ
3179 2177 3502 2246 περιτέμνει

2104 2265 2240 2334 Υἷας
2277 2271 2420 2334 ἑοὺς,
2451 2273 2478 2323 ὁ
2505 2269 2550 2322 δ’
2581 2269 2770 2322 ἔπειτα
2811 2268 3040 2341 πετρίνῃ
3069 2268 3213 2338 ἀμφὶ
3240 2271 3486 2342 μαχαίρῃ

2115 2363 2324 2432 Ἰησοῦς
2361 2365 2428 2432 ῥα
2469 2362 2809 2432 ὑπέρταμεν,
2846 2363 2875 2411 ὁ
2915 2360 3085 2423 τύπος
3126 2359 3322 2414 ἔπλετο
3354 2363 3620 2433 Χριστοῦ,

2107 2457 2205 2519 Ὃς
2249 2454 2297 2524 ρν
2338 2455 2609 2524 ἀπαθείης
2641 2451 2786 2521 ξίφει
2815 2449 2924 2506 οἶδε
2954 2452 3182 2522 βροτοὺς.
3210 2454 3580 2524 περιτέμνειν.

2109 2549 2210 2614 Εἰς
2236 2545 2480 2613 Ἰησοῦν
2509 2547 2606 2600 διὰ
2635 2547 2742 2598 τὸν
2770 2546 2865 2599 ἐπὶ
2897 2545 2970 2612 τῇ
2999 2547 3263 2612 ὀπτασίᾳ
3293 2547 3399 2602 τοῦ
3431 2548 3694 2616 ἀγγέλου

2248 2619 2461 2686 φόϐον,
2495 2618 2795 2670 πίπτοντα
2826 2616 2925 2669 ἐπὶ
2957 2618 3282 2685 πρόσωπον
3303 2620 3388 2683 εἰς
3411 2618 3550 2687 γῆν.

2121 2710 2540 2778 Ὑποστράτηγε
2565 2708 2660 2761 τοῦ
2688 2707 2917 2761 Θεόπτου
2940 2708 3208 2772 Μωσέως,

2121 2803 2174 2852 Ἀ
2189 2800 2643 2872 ρχαγγελοπτεῖς,
2682 2799 2774 2851 καὶ
2807 2799 3027 2867 τρέμων
3069 2798 3288 2862 πίπτεις
3319 2801 3506 2868 κάτως

2108 2892 2172 2944 Ti
2203 2891 2334 2960 γοῦν
2364 2889 2658 2954 πέπονθας,
2692 2890 2720 2942 ὁ
2757 2891 2978 2959 τρέμων
3015 2890 3415 2958 ἀρχαγγέλους,

2111 2983 2169 3036 Ei
2196 2982 2291 3034 τοῦ
2327 2979 2464 3033 Θειῦ
2498 2980 2746 3042 κατεῖδες
2775 2979 2942 3032 αὐτοῦ
2971 2978 3070 3050 τὴν
3101 2980 3232 3033 θέαν
3256 2997 3272 3047 ;

2034 3161 2077 3222 C
2111 3147 2234 3186 cum
2273 3145 2390 3185 mea
2425 3130 2615 3186 civitas
2661 3132 2948 3198 praeacutis
2986 3132 3189 3186 lanceis
3238 3134 3640 3203 expugnabitur
3671 3153 3700 3191 a

484 3229 605 3286 il‘oc
629 3243 875 3298 carmen,
908 3231 1380 3287 consternationis
1437 3245 1680 3295 carmen,
1718 3230 1809 3285 Dei
1827 3229 2005 3302 jacula
2113 3223 2267 3279 vobis
2301 3239 2311 3272 :
2371 3222 2572 3284 isthnc,
2635 3222 2791 3275 sicuti
2823 3231 3252 3278 consentaneum
3285 3235 3395 3292 est,
3430 3241 3700 3296 exseque-

413 3323 572 3378 nobis
628 3321 1024 3377 interminatur
1078 3323 1345 3377 inebriata
1401 3321 1686 3393 sanguine,
1744 3333 1798 3376 et
1847 3321 2006 3392 gladii

413 3423 612 3468 carnes
651 3413 964 3468 devoranlis
994 3412 1294 3478 ingluviosa
1327 3412 1467 3465 labia
1500 3429 1512 3464 :
1571 3421 1747 3466 terror
1805 3427 1891 3464 me
1925 3409 2008 3464 vel

419 3507 732 3562 audientem
776 3503 1044 3574 percellit.
1082 3504 1322 3558 Tuarum
1353 3520 1630 3582 nunquam
1684 3503 2008 3575 sagittarum

418 3597 717 3669 periculum
751 3595 971 3663 faciam,
1009 3597 1384 3666 potentissime
1413 3595 1551 3652 Rex.

418 3710 495 3764 De
523 3707 691 3776 Haec,
717 3711 807 3780 qui
840 3720 973 3782 tum,
1002 3729 1119 3765 cum
1141 3714 1197 3766 in
1237 3715 1480 3766 extremis
1511 3720 1704 3782 ageret,
1734 3714 2010 3767 duodecim

666 3783 834 3834 tribus
861 3780 1038 3836 Israel
1067 3784 1420 3837 benedictione
1463 3780 1765 3851 impertivit.

497 3872 880 3941 Multiplicibus
925 3889 953 3927 a
992 3873 1096 3929 Deo
1147 3873 1478 3928 cumulatum
1519 3875 1708 3944 gratiis
1759 3874 2011 3930 lsraelem

422 3971 478 4019 et
504 3965 620 4035 ipse
641 3963 816 4019 Moses
848 3965 1084 4018 animam
1133 3965 1396 4020 exhalans
1427 3965 1892 4021 benedictionibus
1917 3981 2013 4020 cu-

425 4057 612 4121 mulat,
650 4071 755 4112 non
787 4058 840 4111 in
877 4059 1034 4112 unica
1071 4073 1262 4113 omnes
1295 4058 1606 4128 precatione
1653 4051 2012 4128 comprehen-

425 4151 579 4215 dens,
637 4148 878 4220 sed'pr'o
915 4163 1142 4205 numero
1190 4150 1425 4206 tribuum
1473 4148 1682 4204 faustas
1737 4147 2008 4221 sigillatim

427 4254 616 4308 preces
661 4238 1001 4310 dispertitur.

1095 4334 1158 4388 In
1189 4334 1347 4389 idem.

502 4425 557 4479 ln
594 4438 790 4496 magno
821 4437 1002 4482 monte
1040 4426 1190 4480 Sinai
1229 4427 1394 4482 Deum
1453 4425 1656 4496 Regem
1713 4426 2010 4480 maximum

2114 3330 2253 3368 llllll'.

2221 3405 2287 3460 In
2316 3422 2457 3460 arca:
2487 3408 2770 3460 transitum
2826 3407 3181 3478 Jardanisque
3210 3409 3540 3467 divisionem.

2185 3500 2241 3555 Si
2276 3500 2482 3570 pridem
2519 3500 2748 3555 formata
2809 3501 2983 3570 potuit
3033 3516 3156 3556 arca
3196 3501 3420 3559 faodci'ls
3452 3503 3707 3561 Jordanis

2115 3591 2310 3647 ﬂuenta
2347 3591 2604 3662 bipartito
2635 3592 2916 3657 dirimere,
2957 3592 3144 3663 quidni
3178 3609 3302 3648 arca
3335 3595 3564 3665 mystica
3595 3595 3707 3650 Μαι

2118 3685 2195 3736 ria
2274 3681 2435 3753 Virgo
2481 3699 2724 3740 meorum
2786 3684 3053 3740 scelerum
3111 3700 3375 3741 oceanum
3444 3687 3702 3744 divellere

2116 3776 2327 3848 queat?

2793 3869 2858 3922 In
2913 3871 3073 3927 idem.

2132 3954 2139 3960 ’
2189 3961 2319 4026 Cur,
2354 3975 2386 4014 ο
2419 3962 2715 4016 verticibus
2747 3960 2938 4016 labens
2966 3964 3258 4032 argenteis,
3296 3963 3554 4036 Iordane,
3585 3969 3710 4024 lim‘

2119 4055 2302 4123 pidum
2336 4056 2594 4109 ﬂuentum
2632 4054 2802 4117 sistis,
2833 4061 2887 4108 et
2918 4060 3138 4124 pervius
3168 4057 3477 4117 hominibus
3505 4061 3710 4129 faclus,

2122 4147 2175 4200 in
2241 4146 2486 4215 geminas
2553 4158 2732 4214 partes
2785 4147 3077 4202 distractus
3108 4148 3218 4203 es?
3275 4148 3510 4208 Perinde
3567 4169 3633 4209 ac
3665 4157 3710 4212 si

2123 4234 2384 4304 quispiam
2419 4236 2687 4304 agnellum
2748 4250 2878 4290 ense
2927 4249 3091 4292 acuto
3125 4238 3408 4296 diremerit
3437 4261 3450 4297 :
3506 4247 3629 4314 quis
3661 4255 3714 4301 te

2124 4324 2507 4392 perturbavit?
2531 4325 2611 4377 Ad
2639 4325 2836 4380 divinae
2867 4341 3008 4382 arcae
3039 4340 3390 4399 prospectum
3420 4335 3705 4391 cohorrui.

2430 4430 2494 4485 In
2528 4429 2774 4486 llebrteos
2808 4448 2839 4486 a
2867 4432 3029 4488 Iosue
3046 4435 3401 4492 circumcisos.

431 4517 658 4572 intuitus
679 4517 878 4582 Moses,
918 4525 1079 4588 quam
1105 4528 1366 4588 prteterea
1403 4533 1588 4574 vocem
1615 4517 1839 4582 audivit,
1877 4518 2014 4571 mul-
2044 4505 2093 4564 Ῑ)
2192 4521 2356 4576 Extra
2387 4522 2712 4593 impietatem
2740 4525 2904 4580 semel
2941 4527 3171 4596 positus,
3207 4540 3268 4582 ut
3306 4538 3458 4584 extra
3520 4528 3717 4588 .lorda-

435 4609 651 4663 titudini
699 4611 1041 4679 propatulam
1099 4610 1273 4664 fecit:
1337 4611 1388 4664 in
1453 4619 1636 4665 monte
1673 4610 1805 4665 item
1851 4609 2015 4664 Abari

435 4707 663 4754 mortem
707 4699 844 4753 vidit
877 4718 890 4752 :
942 4700 1182 4769 primum
1212 4714 1341 4755 vero
1371 4701 1618 4755 tribubus
1670 4699 2016 4754 Hebraeorum

436 4790 741 4858 duodecim,
778 4792 1002 4847 totidem
1034 4802 1156 4848 vota
1184 4793 1493 4862 impertitus
1517 4804 1620 4848 est.

1116 4901 1350 4959 JOSUE'.

442 4992 509 5048 In
548 4994 695 5050 Raab
726 4997 1069 5060 meretricem,
1101 5001 1239 5064 qua),
1273 4999 1490 5050 servatis
1538 4995 1903 5058 llicricltuntis
1927 5015 2021 5053 ea:-

507 5065 886 5132 pioratortb‘us,
920 5077 968 5121 et
1007 5066 1379 5133 ipsu'subinds‘
1399 5077 1579 5137 capta,
1603 5067 1716 5121 sala
1766 5071 1902 5123 inter
1923 5085 2022 5137 op~

506 5139 732 5205 pidanos
775 5147 988 5191 servata
1007 5151 1103 5190 est.
1661 5175 1666 5179 -

515 5227 666 5281 Raab
696 5237 868 5281 tutata
893 5229 1027 5282 duos
1057 5226 1358 5294 lsraelitas,
1391 5228 1765 5284 omnimodam
1789 5243 1856 5284 eo
1882 5229 2031 5285 facta

440 5318 668 5372 salutem
698 5317 962 5380 redemit:
1000 5331 1114 5382 vos,
1144 5333 1177 5373 ο
1201 5328 1432 5375 mentem
1475 5319 1631 5375 Raab
1669 5321 2028 5386 aemulamini,

443 5409 776 5475 meretrices,
803 5421 914 5477 quo
941 5410 1242 5464 animarum
1290 5411 1519 5466 salutem
1571 5413 1793 5480 possitis
1851 5415 2029 5483 adipi-

445 5503 544 5556 sci.

1085 5594 1150 5649 1η
1179 5594 1336 5648 idem.

515 5679 734 5751 Fugite,
760 5683 889 5750 Viri,
925 5685 1140 5740 evadile
1178 5682 1440 5743 funiculis
1483 5684 1687 5755 alligati
1721 5703 1738 5752 ;
1781 5686 2018 5742 fenestra

450 5790 544 5830 vos
576 5775 858 5846 proripite,
897 5791 982 5831 me
1017 5790 1082 5834 ex
1145 5770 1451 5833 imminenti
1509 5778 1728 5836 miseria
1766 5780 2027 5850 erepturi,

2122 4631 2244 4671 nom
2278 4618 2344 4670 de
2382 4627 2580 4672 caetero
2621 4617 2926 4673 tunmelide
2949 4621 3308 4688 praeputium,
3346 4620 3713 4693 (quemadmo-

2121 4711 2246 4761 dum
2276 4707 2443 4764 Josne
2473 4701 2686 4780 lapideo
2716 4710 2841 4766 fecit
2869 4712 3156 4780 cultro)-ut-
3176 4717 3491 4772 exsorsﬁas
3519 4732 3548 4771 a
3587 4734 3713 4788 per-

2125 4802 2425 4856 turbatione
2454 4803 2694 4855 omnium
2734 4804 2914 4858 carnis
2944 4803 3258 4860 allectuum.

2838 4890 2902 4964 In
2931 4891 3090 4947 idem.

2196 4983 2537 5038 Abrahamus
2562 4983 2791 5051 primttm
2819 4982 2994 5038 ferreo
3019 4984 3194 5041 cultro
3220 4986 3555 5041 circumcidit
3576 4985 3717 5056 ﬁlios

2129 5086 2275 5138 suos,
2302 5072 2397 5127 sed
2425 5073 2604 5127 cultro
2639 5084 2826 5142 postea
2885 5073 3096 5142 lapideo
3128 5074 3295 5132 Josue
3350 5077 3711 5142 circumcidit,

2128 5163 2219 5234 qui
2243 5172 2402 5235 typus
2445 5163 2650 5219 Christi
2712 5163 2834 5230 fuit,
2873 5164 3028 5232 cujus
3063 5166 3335 5233 peculiare
3394 5177 3476 5222 est
3512 5167 3717 5239 imper-

2133 5255 2515 5311 turbabililatis
2546 5255 2724 5326 gladio
2750 5255 3160 5311 circumcidere.

2135 5348 2208 5402 De
2236 5347 2400 5403 Josue
2423 5348 2534 5418 qui,
2569 5357 2840 5420 conspecto
2870 5349 3097 5420 angelo,
3127 5364 3236 5416 prce
3276 5349 3484 5413 timore,
3519 5366 3720 5420 pronus

2630 5419 2683 5470 in
2712 5425 2905 5471 terram
2933 5418 3140 5470 cecidit.
3234 5424 3260 5450 ‘

2206 5507 2308 5574 Tu,
2341 5508 2430 5576 qui
2450 5508 2632 5563 divino
2664 5506 2904 5561 fruentis
2939 5519 3160 5577 aspectu
3195 5507 3358 5567 Mosis
3397 5510 3606 5582 legatus
3636 5525 3716 5576 es,

2136 5600 2286 5655 vides
2317 5600 2724 5668 archangelum,
2754 5613 2818 5653 ac
2848 5612 2958 5668 pra:
2992 5597 3283 5656 formidine
3309 5599 3567 5658 deorsum
3627 5616 3719 5656 ca-

2136 5689 2257 5756 dis;
2317 5689 2576 5758 quidnam
2612 5689 2686 5743 rei
2725 5700 2832 5756 est,
2873 5704 2972 5744 cur
3001 5689 3387 5761 archangelum
3417 5701 3643 5758 tremas,
3671 5696 3718 5748 si

2142 5781 2306 5836 Deum
2331 5791 2386 5836 et
2420 5780 2535 5851 ipse
2589 5781 2794 5851 pridem
2829 5781 3137 5852 speculatus
3172 5781 3277 5838 es?
3332 5790 3349 5800 ‘
