4050 6398
367 309 521 376 .1135

949 420 1052 488 Εἰς
1077 418 1143 474 τὸ
1173 419 1342 474 αὐτό.

379 534 649 606 ’Ἄγγελος
678 532 922 602 αίγλήεις
950 533 1008 597 ἐξ
1033 531 1251 604 αἰθέρος
1278 531 1359 594 εἰς
1384 529 1548 600 χθόνα
1575 529 1777 600 βαίνων

385 629 718 699 Ὀπλοφόρος
749 628 1103 697 προπέφαντο
1140 623 1316 696 Ἰησοῦ
1350 625 1461 677 υίέῖ
1485 623 1665 693 Ναυῆ.

381 721 477 783 Ὃς
501 720 556 772 δέ
583 735 698 788 μιν,
733 717 807 780 ὼς
839 717 1027 785 ἐνόησε
1062 715 1195 768 Θεοῦ
1231 715 1405 784 μέγαν
1435 714 1667 783 ἄγγελον
1699 711 1839 766 εἶναι

380 812 570 881 Τῆμος
598 809 760 879 ἔραζε
789 806 1011 878 κύνησε,
1046 808 1248 878 τρόμος
1285 805 1342 859 δέ
1372 805 1422 857 οί
1454 804 1603 857 ἵκετο
1631 807 1781 872 γυῖα.

767 946 872 1012 Εἰς
897 946 1013 1015 τὴν
1043 946 1277 1002 ἅλωσιν
1315 944 1558 1014 ἰεριχώ.

376 1063 442 1116 Εἰ
465 1062 734 1130 δακρῦσαι
761 1058 972 1128 βούλοιο
1004 1057 1250 1121 δικαίως,
1279 1057 1418 1120 ξένε,

377 1153 490 1225 Τὴν
531 1151 742 1224 Ἱεριχὼ
772 1149 1005 1204 κλαῦσον
1035 1149 1438 1220 ὴφανισμένην,

369 1248 540 1301 Πόλιν
571 1244 842 1314 τοσαύτην
875 1241 1439 1313 μυριοπληθεστάτην,

383 1336 478 1402 Ἐξ
509 1330 576 1408 ἦς
617 1333 790 1387 Ῥαὰὸ
823 1333 1063 1386 σέσωστο
1086 1332 1195 1384 τῶν
1219 1330 1394 1383 ἄλλων
1427 1332 1584 1403 μόνη.

946 1447 1052 1512 Εἰς
1079 1444 1144 1498 τὸ
1177 1446 1345 1499 αὑτό.

390 1561 625 1618 Ἐπτάκι
667 1559 1048 1615 σαλπισάντων
1073 1558 1214 1612 ἑπτὰ
1241 1558 1376 1612 Θεοῦ
1405 1560 1630 1630 ίερήων,

378 1655 578 1722 Τείχεα
617 1650 828 1722 Ἱεριχὼ
860 1651 1109 1722 χαμάδιςρ
1125 1651 1290 1704 πέσεν
1325 1649 1501 1721 ἀθρόα
1535 1651 1736 1703 πάντα.

375 1748 546 1800 Τίπτε
571 1745 628 1799 δὲ
648 1744 775 1808 λαὸς
812 1744 958 1806 ἄπας
987 1744 1080 1797 καὶ
1107 1744 1310 1814 κτήνεα
1343 1743 1549 1796 ὤλλυτο
1589 1744 1806 1809 «circa;

371 1842 477 1912 Οἴη
521 1840 617 1894 ἀπ’
651 1840 716 1892 ἐκ
755 1837 1058 1908 κακότητος
1095 1837 1232 1890 Ῥἄὸ
1261 1837 1432 1906 φύγεν
1463 1836 1522 1904 ἐξ
1553 1837 1670 1907 ἅμα
1717 1837 1956 1892 πάντων.

362 1976 476 2040 Eli;
493 1973 609 2042 τὴν
633 1971 1006 2042 κατάλευσιν
1027 1971 1209 2038 Ἀχαρ
1240 1968 1346 2042 τοῦ
1377 1968 1722 2042 κλέψαντος
1749 1971 1817 2023 ἐκ
1842 1969 1960 2023 τῶν

569 2045 858 2111 λαφύρων
893 2040 1122 2108 Ἰεριχὼ
1163 2038 1460 2109 γλῶσσαν
1489 2041 1755 2108 χρυσῆν.

378 2172 449 2226 Τί
475 2170 908 2243 τὴν-κλαπεῖσαν
943 2168 1200 2238 γλῶσσαν
1231 2171 1289 2224 ὲν
1321 2171 1390 2238 γῇ
1426 2167 1709 2238 χωννύεις,

383 2267 565 2335 Ἀχαρ
592 2263 798 2332 πονηρέ
826 2279 840 2328 ;
877 2261 979 2315 κᾶν
1009 2262 1117 2332 γάρ
1141 2264 1256 2314 ἐστι
1280 2263 1514 2331 χρυσέη,

379 2358 578 2428 ’Ὅμως
616 2356 870 2424 λαλήσει,
902 2353 1000 2407 καὶ
1022 2352 1250 2419 σιγῶσα,
1284 2353 1374 2405 τὸν
1399 2353 1570 2416 δόλον,

383 2450 495 2502 Καὶ
529 2448 794 2518 πετρίνην
826 2461 883 2497 σε
919 2444 1016 2515 τὴν
1050 2442 1243 2514 στολὴν
1277 2444 1582 2498 ἐπενδύσει.

945 2582 1052 2647 Eli:
1092 2580 1158 2634 τὸ
1187 2581 1356 2636 αὑτό.

381 2697 589 2752 Εῖνεκα
629 2695 725 2764 σῆς
754 2695 935 2749 δολόεν
988 2694 1370 2761 κακομήγανε,
1421 2695 1648 2767 Κύριος,
1673 2697 1871 2769 Ἀχαρ,

372 2785 1042 2857 ’Χώσατο-κλεπτοσύνης,
1072 2787 1266 2839 πολλὸν
1295 2786 1353 2839 δέ
1384 2805 1482 2842 κεν
1514 2787 1684 2842 ὤλεσε
1711 2789 1860 2846 λαόν.

404 2879 567 2934 Ἀλλά
601 2896 666 2947 γε
707 2878 893 2932 καὶσὺ
917 2876 1100 2932 λάϊνον
1129 2875 1367 2929 ὲπέσσαο
1397 2877 1548 2932 τόνδε
1589 2872 1813 2949 χιτῶνα,

366 2967 648 3026 ,Λακιστόν
679 2984 740 3021 τε
798 2967 1068 3040 πέτρῃσιν
1123 2967 1355 3040 ὲφεύρεο
1395 2969 1659 3042 κάμμορε
1723 2972 1956 3043 πότμον.

1000 3125 1080 3180 .ln
1109 3126 1270 3181 idem.

441 3221 746 3292 Splendens
785 3217 1009 3288 angelus
1035 3219 1254 3274 cmlitus
1283 3221 1336 3273 in
1364 3228 1563 3275 terram
1596 3220 1868 3290 delapsus,
1897 3230 1953 3278 et

367 3329 522 3369 arma
557 3321 773 3381 gestans
798 3310 978 3366 Josuaa
1019 3310 1178 3366 Navae
1207 3311 1316 3365 lilio
1341 3313 1610 3382 apparuit.
1639 3312 1809 3378 Quem
1829 3329 1952 3368 cum

365 3409 473 3463 iste
530 3405 828 3475 principem
870 3401 968 3458 Dei
1029 3402 1278 3471 angelum
1313 3417 1435 3458 esse
1495 3403 1786 3468 intellexit,
1822 3413 1955 3462 tunc

365 3497 518 3553 humi
551 3507 782 3549 cernuus
813 3491 1060 3548 adoravit
1094 3507 1109 3557 ;
1143 3505 1264 3544 nam
1292 3489 1411 3560 ejus
1443 3493 1690 3549 membra
1749 3504 1954 3550 tremor

360 3588 668 3642 invaserat.

652 3675 720 3729 In
753 3673 1114 3729 Hierichuntis
1135 3676 1595 3745 expugnationem.

444 3771 501 3824 Si
531 3769 800 3838 legitimas
832 3764 1106 3822 ell'undere
1129 3766 1391 3836 lacrytnas
1425 3767 1519 3823 tibi
1566 3768 1716 3824 cordi
1751 3778 1855 3834 est,
1919 3785 1954 3826 ο

373 3853 600 3929 hospes,
634 3857 1039 3913 Hierichuntem
1063 3872 1158 3913 sus
1185 3857 1356 3926 deque
1378 3873 1582 3913 versam
1611 3859 1754 3914 luctu
1775 3874 1961 3930 prose-

371 3967 560 4023 quere,
597 3951 778 4014 talem,
808 3956 994 4020 totque
1022 3949 1300 4004 hominum
1358 3949 1596 4005 millibus
1661 3950 1956 4007 refertissi-

373 4044 518 4098 m‘am
548 4043 840 4110 civitatem,
877 4042 1018 4098 unde
1038 4057 1152 4097 una
1188 4042 1243 4096 in
1262 4042 1474 4100 caeteris
1503 4043 1784 4099 occidione
1805 4041 1956 4100 Raab

340 4144 618 4205 .cxetttpta
649 4143 752 4191 est.

1034 4224 1114 4280 ,1η
1145 4226 1308 4280 idem.

417 4317 794 4387 CSeptem'Dei
844 4318 1220 4373 sacerdotibus
1255 4317 1458 4386 septies
1522 4316 1751 4372 buccina
1809 4317 1956 4372 clan-

348 4411 645 4478 u-gentibus,
679 4408 1046 4462 Hierichuntis
1074 4409 1212 4462 muri
1248 4405 1414 4462 simul
1445 4421 1633 4462 omnes
1672 4407 1722 4463 in
1757 4417 1953 4462 terram

361 4509 660 4554 .corruunt.
712 4498 816 4554 Sed
875 4515 1153 4568 quorsum,
1217 4512 1336 4553 eum
1379 4499 1641 4570 iumentis
1683 4500 1956 4566 omnibus,
1993 4483 2036 4538 ι)

373 4593 660 4648 universus
689 4590 918 4662 populus
949 4591 1191 4645 interiit?
1219 4589 1342 4645 Sola
1383 4590 1635 4646 videlicet
1689 4605 1754 4645 ex
1782 4592 1960 4647 omni-

375 4686 475 4738 bus
519 4684 586 4739 ab
622 4684 896 4753 impietate
922 4681 1073 4737 Raab
1107 4681 1491 4738 declinaverat.

360 4774 442 4828 ,1η
460 4775 642 4828 ΑεΙιαη
661 4773 920 4842 lapidibus
939 4773 1204 4838 obrutum,
1228 4774 1366 4841 quod
1393 4772 1468 4828 eat
1490 4773 1848 4828 Hierichuntis
1874 4791 1961 4829 ea:-

557 4845 687 4896 uviis
727 4859 942 4897 auream
981 4843 1234 4897 laminam
1269 4844 1412 4912 furto
1441 4845 1804 4898 subduxisset.

441 4934 585 5002 Quid
615 4935 933 4990 subductam
969 4936 1020 4989 in
1059 4944 1201 4988 terra
1238 4933 1489 5005 lingulam
1520 4933 1954 5002 defodis,Achan

378 5026 843 5081 sceleratissime?
869 5024 1112 5082 Tametsi
1144 5027 1286 5082 enim
1320 5041 1482 5082 aurea
1503 5027 1598 5093 sit,
1657 5037 1833 5083 tamen
1873 5030 1957 5084 vel

375 5115 584 5171 silendo
615 5125 761 5169 tuum
794 5117 1146 5187 proloquetur
1181 5116 1386 5183 dolum,
1423 5125 1585 5188 teque
1616 5117 1826 5187 lapidea
1879 5119 1959 5174 in-

375 5208 564 5262 dutum
595 5217 742 5263 veste
769 5209 982 5264 obruet.
1515 5207 1518 5211 ’

924 5318 930 5323 '
1024 5298 1093 5354 In
1123 5299 1280 5354 idem.

445 5388 492 5446 O
523 5390 744 5460 perﬁde,
801 5391 1060 5462 pravique
1091 5391 1300 5445 consilii
1341 5389 1536 5446 artifex
1563 5392 1775 5460 Acban,
1828 5408 1955 5464 pro-

378 5493 497 5552 pter
560 5494 708 5537 tuum
766 5485 992 5549 furtum,
1039 5485 1181 5537 Deus
1221 5486 1624 5540 excandescens
1681 5486 1951 5558 ingentem

375 5573 559 5642 populi
595 5574 998 5628 multitudinem
1031 5575 1343 5643 prostravit.
1381 5575 1488 5632 Sed
1544 5587 1598 5634 et
1630 5587 1685 5633 tu
1738 5580 1950 5650 lapidea

379 5665 557 5719 tunica
595 5667 810 5719 indutus
842 5664 1010 5718 latum
1039 5666 1308 5733 lapidibus
1350 5666 1639 5741 ittllietunt,
1673 5675 1812 5731 unde
1838 5676 1950 5732 dis-

359 5757 642 5826 aeerparis,
675 5756 902 5812 sortitus
943 5771 1023 5812 es.

1587 304 1986 366 THEODORI
2029 303 2430 365 PRODROMI

1990 423 2032 478 Α
2066 417 2169 480 Εἷς
2214 414 2327 481 τὴν
2358 411 2749 482 πυρπόλησιν
2809 411 2917 481 τῆς
2955 413 3064 465 Γαι
3098 412 3356 477 πόλεως.
3404 411 3507 482 καὶ
3544 413 3649 468 τὸν

3514 298 3650 365 1136

2232 480 2781 553 ἀνασκολοπισμὸν
2814 480 2918 537 τοῦ
2945 482 3258 549 ,βασιλέως
3284 480 3498 551 αὐτῆς.

2077 578 2144 630 Ἥ
2178 577 2279 630 Γαὶ
2303 577 2456 638 πόλις
2486 575 2687 645 δάκρυε
2720 574 3141 646 πυρπολουμένη
3165 588 3180 604 °

2079 665 2245 729 Ἀλλ’,
2282 665 2357 728 ὡς
2390 668 2586 730 ἔοικεν,
2619 664 2740 718 οὐδὲ
2774 664 3030 734 δακρύειν
3060 666 3236 736 ἔχειςο

2067 757 2143 812 Τὸ
2180 757 2289 828 πῦρ
2318 757 2426 830 γὰρ
2451 757 2682 828 ἐξήρανε
2713 759 2780 812 τά
2823 759 3068 829 βλέφαρά
3103 777 3219 825 σου,

2067 851 2180 903 Καὶ
2213 851 2397 905 πᾶσαν
2426 849 2724 921 ὲξίκμασεν
2758 851 2935 919 ὑγρὰν
2955 851 3180 920 ἀτμίδα.

2643 946 2744 1008 Είς
2777 943 2845 996 τὸ
2885 942 3056 998 αὑτό.

2065 1031 2163 1094 Τίς
2193 1030 2316 1085 ποθ’
2353 1034 2426 1087 ὅδ’
2452 1033 2516 1087 ἐκ
2539 1033 2714 1098 ξύλοιο
2745 1035 3011 1106 μετῄορός
3039 1036 3157 1089 ἐστι
3183 1035 3411 1106 διδύμου

2067 1123 2285 1186 Ἀθλιος
2312 1141 2326 1190 ;
2365 1127 2429 1178 ἐκ
2457 1125 2513 1178 δέ
2542 1127 2590 1179 oi
2622 1126 2751 1179 ὄσσε
2783 1127 2872 1198 βίη
2896 1127 3094 1198 βάλεν;
3128 1122 3300 1191 Οὗτος
3332 1131 3540 1192 ἐκεῖνος

2061 1217 2164 1268 I‘al.
2193 1217 2451 1288 βασιλεὺς
2504 1219 2802 1289 μετάδοξος
2832 1238 2846 1252 ·
2891 1221 3034 1294 ἀτὰρ
3090 1223 3237 1294 μέγα
3282 1219 3470 1294 αἶσχος
3505 1223 3647 1276 ἀπό-

3410 1313 3429 1386 [
3440 1316 3576 1382 alet,

2065 1399 2226 1466 Ἀρτι
2257 1399 2354 1470 μὲν
2381 1400 2588 1473 ἠνεμίῳ
2614 1401 2719 1457 ὑπὸ
2746 1403 2936 1475 πότμῳ
2978 1403 3149 1475 Θυμδν
3177 1403 3428 1466 ὀλέσσας.

2065 1491 2170 1555 Εἰς
2227 1490 2345 1558 τὴν
2399 1491 2474 1545 δι’
2523 1495 2562 1565 -ι-
2607 1495 3011 1565 ἐπιτιμήσεως
3053 1496 3258 1564 Ἰησοῦ
3308 1496 3380 1550 ἐν
3435 1496 3652 1553 Γαϐαὼ

2631 1565 2856 1620 στάσιν
2884 1567 3085 1633 ἡλίου.

2068 1651 2247 1714 Ἥλιε,
2275 1652 2370 1706 νῦν
2404 1655 2504 1725 μὲν
2549 1656 2759 1727 Ἰησοῦς
2791 1658 2972 1728 ἵστησί
3000 1667 3110 1722 ae,‘

1987 1781 2034 1841 Β
2078 1744 2166 1796 Ἐν
2195 1745 2393 1798 Γαϐαὼ
2414 1749 2542 1812 τοὺς
2577 1749 2743 1803 πέντε
2767 1751 3285 1834 νικῶνοσατράπας.

2069 1834 2306 1902 Χριστὸς
2329 1837 2374 1888 δ’
2405 1838 2616 1908 Ἰησοῦς
2643 1840 3060 1912 ἐξαμαυρώσειέ
3101 1859 3183 1906 σε,

2064 1926 2168 1980 Τὸν
2202 1927 2297 1980 τοῦ
2328 1931 2555 1995 σκότους
2584 1933 2819 2004 ἄρχοντα
2853 1937 2931 2005 τῷ
2960 1933 3178 2006 σταυρῷ
3203 1934 3442 2006 τρέπων.

2632 2025 2736 2091 Εἰς
2767 2025 2833 2079 τὸ
2867 2027 3034 2080 αὑτό.

2077 2116 2290 2171 Ἠελίου
2322 2116 2608 2188 ἀκάματος
2631 2116 2923 2188 ἀείδρομος
2955 2118 3177 2172 ἵσταται
3202 2118 3352 2189 ὁρμὴ

2062 2209 2166 2261 ιΕν
2190 2208 2391 2262 Γαὸαὼ
2413 2225 2426 2240 ·
2452 2209 2512 2260 τὸ
2546 2207 2654 2278 γάρ
2670 2210 2718 2260 οἱ
2740 2207 3070 2262 ὲπεκέκλετο
3099 2207 3209 2271 δῖος
3238 2207 3472 2278 Ἰησοῦς.

2064 2295 2138 2354 Ἦ
2173 2303 2242 2371 ῥα
2275 2299 2682 2370 μετεσσομένου
2711 2300 2785 2353 ὅδ’
2817 2299 2990 2370 Ἰησοῦ
3023 2299 3218 2353 ἔπλετο
3246 2301 3417 2362 τύπος

2071 2393 2166 2456 ⁸ος
2200 2390 2362 2453 σέλας
2403 2390 2613 2461 ἠελίοιο
2654 2391 2795 2462 μετὰ
2821 2389 2984 2459 ζόφον
3016 2392 3188 2463 ἤματι
3225 2393 3436 2462 τρέψει.

2063 2486 2170 2550 Είς
2232 2483 2339 2535 τὸν
2383 2483 2504 2536 τῶν
2561 2480 2944 2537 Ἰεϐουσαίων
2996 2483 3271 2550 ὄλεθρον,
3322 2484 3430 2550 οὓς
3491 2485 3651 2540 κάτω

2128 2553 2248 2676 {ger
2281 2553 2526 2620 Ἰησοῦς
2565 2555 2910 2622 μαχαίραις,
2940 2553 3062 2607 ἀνω
3091 2554 3156 2606 δὲ
3184 2556 3330 2621 Θεὸς
3359 2555 3647 2624 χαλάζαις

2171 2639 2386 2677 anteire.

2067 2715 2176 2769 Ποῦ
2207 2714 2585 2787 δραπετεύεις,
2612 2715 2876 2784 ἀλλόφυλε
2904 2735 2918 2785 ;
2966 2715 3052 2786 Πῆ
3077 2718 3293 2790 τρέχεις

2069 2811 2217 2864 ’Δνω
2255 2811 2389 2874 Θεός
2430 2827 2490 2863 σε
2519 2812 2643 2874 ταῖς
2683 2810 2950 2880 χαλάζαις
2981 2812 3246 2877 κτιννύει,

2063 2901 2234 2973 lini-rw
2261 2901 2562 2973 μαχαίραις
2614 2902 2830 2972 Ἰσραὴλ
2857 2902 3041 2955 δλλυσί
3063 2919 3122 2956 σε
3143 2918 3157 2932 ο

2065 2971 2273 3063 ἧάτηνῗ
2297 2971 2656 3063 προφεύγεις,
2689 2971 2752 3046 οὐ
2793 2994 3074 3066 παρέλθῃς
3113 2995 3206 3050 τὸν
3247 2999 3427 3066 φόνον.

1986 3120 2030 3182 c
2063 3151 2132 3207 In
2185 3151 2365 3207 urbem
2409 3151 2520 3208 Hai
2566 3163 2825 3209 vastatam
2868 3155 3100 3234 ignibus,
3142 3158 3304 3231 deque
3339 3164 3470 3234 regis
3527 3165 3647 3234 ejus

2687 3227 3044 3295 suspensione.

2127 3335 2226 3391 Bai
2285 3338 2478 3394 civitas
2529 3339 2785 3396 incendio
2839 3342 3141 3409 devastata,
3182 3344 3504 3417 lacrymare,
3541 3351 3638 3406 sed

2059 3443 2234 3498 neque
2265 3430 2381 3497 tibi,
2406 3440 2565 3500 prout
2599 3442 3026 3489 consentaneum
3060 3445 3166 3500 est,
3205 3438 3451 3507 plorandi
3475 3440 3648 3496 facul—

2059 3527 2142 3574 tas
2171 3521 2351 3587 datur,
2416 3537 2539 3577 cum
2577 3521 2863 3592 palpebras
2899 3534 3018 3581 tuas
3051 3525 3191 3595 ignis
3244 3529 3553 3597 arefecerit,
3586 3540 3643 3588 tt

2060 3627 2273 3669 omnem
2334 3614 2698 3685 lacrymarum
2729 3616 3011 3674 humorem
3045 3619 3330 3677 deductum
3363 3623 3636 3680 exhause-

2061 3705 2154 3759 rit.
3605 3706 3608 3710 ’

2778 3801 2844 3858 In
2878 3805 3037 3860 idem.

2130 3888 2327 3960 Ecquis
2360 3907 2425 3947 ex
2460 3893 2748 3951 decussatu
2769 3897 2948 3953 erucis
2973 3898 3117 3969 ligno
3141 3902 3364 3969 pensilis
3393 3912 3640 3978 apparet,

2061 3981 2451 4050 infortunatius,
2486 3985 2642 4056 cujus
2681 3986 2821 4043 oculi
2856 4003 2954 4056 per
2987 3990 3095 4044 vim
3152 4000 3282 4046 sunt
3329 3979 3468 4047 eruti
3505 3994 3646 4050 tille

2061 4073 2177 4142 ipse
2226 4089 2318 4128 res
2387 4073 2486 4130 Hai
2535 4080 2818 4148 superbus,
2875 4096 3127 4151 magnam
3169 4084 3382 4138 ludibrii
3419 4086 3641 4140 multam

2062 4163 2183 4232 luit,
2237 4165 2364 4221 dum
2399 4168 2677 4237 spiritibus
2707 4171 2941 4228 occlusis
2977 4183 3202 4230 mortem
3233 4191 3449 4232 aeream
3495 4179 3644 4248 pati-

2063 4266 2172 4312 llll‘.

2216 4348 2283 4402 In
2303 4349 2465 4405 solem
2492 4353 2871 4410 contestatione
2895 4353 3058 4409 Iosue
3101 4358 3497 4415 consistentem.

2138 4440 2182 4496 Ο
2217 4443 2317 4508 sol,
2357 4459 2496 4499 nunc
2527 4456 2576 4500 te
2614 4443 2782 4502 Josue
2838 4459 3148 4518 currentem
3181 4451 3347 4516 sistit,
3400 4453 3643 4523 quinque

2066 4534 2282 4605 regibus
2310 4536 2361 4590 in
2393 4535 2617 4592 Gabaon
2651 4539 2871 4594 civitate
2912 4539 3209 4610 proﬂigatis
3237 4559 3253 4609 ;
3280 4542 3373 4599 sed
3394 4542 3645 4601 Christus

2064 4621 2222 4680 Jesus
2267 4625 2495 4694 caligine
2541 4636 2592 4681 te
2661 4629 2913 4695 obducet,
2957 4629 3300 4686 tenebrarum
3335 4632 3634 4702 principem

2064 4716 2242 4770 crucis
2276 4715 2470 4771 vexillo
2501 4715 2804 4786 fugaturus.

2739 4828 2807 4884 In
2850 4830 3011 4884 idem.

2137 4919 2470 4991 lrrequietus
2499 4920 2629 4976 solis
2678 4930 2855 4977 motus
2909 4936 3053 4976 nunc
3079 4922 3456 4992 interquiescit
3499 4927 3642 4996 apud

2061 5009 2319 5067 Gabaon:
2356 5025 2652 5081 generosus
2709 5011 2906 5081 quippe
2939 5009 3106 5068 Josue
3147 5015 3195 5067 ei
3250 5017 3584 5086 praescripsit
3619 5034 3637 5083 ;

2058 5104 2272 5159 venturi
2309 5103 2494 5171 procul
2521 5102 2686 5158 dubio
2715 5103 2914 5158 Christi
2947 5104 3144 5175 ﬁgura,
3178 5106 3270 5176 qui
3298 5108 3368 5163 de
3396 5110 3483 5164 die
3511 5108 3645 5166 solis

2055 5197 2216 5267 iubar
2241 5194 2297 5252 in
2327 5197 2577 5252 tenebras
2614 5195 2941 5253 immutabit.
2995 5238 2998 5243 .
3071 5211 3108 5236 σί

2060 5309 2127 5366 In
2165 5309 2528 5384 Jebusworum
2583 5309 3010 5384 internecionem,
3037 5327 3168 5384 quos
3216 5312 3418 5383 inferne
3445 5313 3640 5384 gladiis

2211 5380 2397 5446 Iosue,
2423 5395 2640 5449 superne
2675 5381 2816 5434 Deus
2841 5380 3188 5450 grandinibus
3220 5380 3472 5438 caecavit.

2127 5492 2371 5560 Quonam
2397 5502 2447 5548 te
2467 5493 2726 5563 proripis,
2757 5494 3076 5565 alienigena,
3100 5510 3207 5565 quo
3233 5495 3444 5552 curris?
3462 5495 3503 5549 A
3523 5494 3642 5552 'Deo

2055 5599 2287 5654 superne
2325 5585 2676 5655 grandinibus
2703 5586 3037 5655 impetitum,
3070 5587 3301 5657 populus
3351 5587 3518 5643 lsrael
3550 5587 3640 5643 in-

2055 5675 2206 5731 ferne
2241 5686 2294 5732 te
2325 5677 2493 5732 armis
2522 5676 2771 5734 devastat
2801 5694 2816 5746 ;
2865 5693 3153 5751 perperam
3202 5679 3372 5750 fugis,
3424 5679 3635 5738 cladem

2055 5785 2161 5828 non
2188 5785 2467 5827 evasurus.
