4050 6394
459 307 599 368 llifl

1039 425 1106 476 Ei
1112 444 1143 490 ς
1170 423 1236 478 τὸ
1275 426 1438 480 αὐτό.

461 513 721 581 Σιαγόνος
756 515 877 567 ποτ’
915 513 1056 569 ὅνοιο
1087 517 1329 588 ὲφήψαο,
1356 519 1554 591 ἄλκιμε
1583 521 1844 592 Σαμψὼν,

469 607 558 658 Ἑν
599 604 642 659 δ’
679 606 885 677 ἀνέρας
943 607 1206 680 ἐνάριξας
1261 612 1583 684 ἀπείρονας,
1623 613 1851 686 ὕστερον
1909 615 2040 671 αὖτε

458 698 630 763 Δίψης
665 698 944 769 ἀργαλέης
973 702 1329 756 κατεπαύσαο
1354 705 1520 774 ἄχθος
1547 707 1782 762 ἄλαστον
1805 722 1821 736 °

457 790 591 842 Ἤδε
623 788 732 859 γὰρ
775 789 994 860 ἱμερόεν
1022 808 1102 845 τοι
1143 795 1425 849 ἀπέκλυσε
1458 799 1607 868 νᾶμα
1634 801 1860 869 σιαγών.

456 904 558 986 Εἰς
579 905 844 986 Σςιμψὼν
872 906 1124 986 τὰς-τῆς
1150 909 1345 986 Γάζης
1375 913 1576 986 πύλας
1597 915 1694 969 ἐπὶ
1726 915 1844 968 τῶν
1868 917 2042 986 ὤμων

525 973 849 1056 ᾀράμενον,
909 979 1010 1032 καί
1071 973 1161 1046 είς
1211 973 1452 1051 Χεϐρὼν
1514 973 1927 1056 ἀνενεγκόντά
1971 991 2040 1044 τὸ

528 1044 686 1112 ὅρος.
1067 1102 1072 1104 .

453 1131 523 1188 Ὦ
545 1136 778 1204 φρικτὸς
801 1130 971 1208 ὦμος,
999 1139 1057 1202 ὃς
1085 1140 1259 1203 πύλας
1286 1143 1464 1212 Γάζης
1497 1144 1644 1208 ὅλας,

455 1228 675 1298 Μοχλοῦ
708 1229 827 1298 μετ’
859 1231 1049 1296 αὑτοῦ,
1077 1235 1170 1286 καὶ
1210 1234 1356 1288 δυοῖν
1389 1239 1753 1306 παραστάδων

452 1315 642 1384 Φέρων
668 1317 919 1382 ἀνέλκεις
953 1320 1033 1384 είς
1070 1320 1300 1392 Χεϐρὼν
1326 1324 1486 1394 ὅρους
1512 1327 1675 1396 λόφον
1699 1345 1717 1361 ⁶

454 1406 526 1458 Σὺ
550 1407 691 1477 τάχα
724 1410 819 1462 καὶ
845 1409 951 1481 γῆν
981 1415 1161 1467 πᾶσαν
1178 1415 1573 1482 ἐξεσάστασας.

1041 1507 1146 1571 Είς
1177 1507 1244 1559 τὸ
1274 1511 1444 1563 αὐτό.

453 1587 636 1651 Γάζαν
673 1590 778 1644 ὕπὸ
817 1595 1139 1666 πτολίεθρον
1172 1601 1372 1674 ἐταίρῃ
1403 1603 1630 1672 μίσγετο
1665 1609 1928 1680 Σαμψὼν,

452 1679 546 1749 Τῷ
581 1681 638 1734 δὲ
671 1684 848 1750 πύλας
893 1689 1152 1753 πτύξαντ’
1185 1694 1460 1763 ἀραρυίας
1489 1679 1812 1770 ἐνναετῆρες
1845 1718 1858 1732 ⁸

455 1773 594 1837 Τοὺς
628 1774 673 1827 δ’
694 1775 766 1840 ὡς
795 1778 890 1832 οὖν
918 1782 1108 1850 ἐνόησε
1139 1785 1312 1853 μέσην
1339 1787 1481 1840 κατὰ
1508 1789 1677 1843 νύκτα
1715 1792 1961 1862 βαθεῖαν,

454 1859 639 1936 Ἠρκε
674 1868 1056 1937 κατωμαδίους
1077 1875 1381 1941 πυλεῶνας,
1412 1874 1540 1933 ἆλτο
1573 1882 1620 1934 δ’
1641 1859 1874 1940 ἐκεῖθεν.

451 1956 558 2020 Εἰς
581 1953 700 2044 τὴν
731 1958 970 2044 πρωτην
1006 1963 1342 2044 maereretma-
1369 1970 1624 2044 Δαλιδᾷς
1655 1972 1735 2038 ἢν
1764 1975 2037 2044 ἐπειρᾶτο

520 2025 628 2079 τοῦ
654 2025 942 2096 Σαμψὼν,
978 2034 1108 2086 καθ’
1141 2025 1314 2101 ἦν’οὺ
1348 2025 1723 2109 περιεγένεέο
1753 2025 1940 2101 antarii

462 2120 554 2184 Ὠς
593 2123 851 2190 κρεῖσσον
885 2126 966 2188 είς
994 2126 1104 2198 πῦρ
1132 2130 1397 2199 ἐμπεσεῖν
1425 2134 1485 2186 τὸ
1520 2137 1847 2207 παμφάγον,

465 2212 558 2274 Ὠς
590 2216 844 2283 κρεῖσσον
875 2218 956 2280 είς
977 2217 1256 2274 θάλασσαν
1285 2223 1366 2286 είς
1401 2225 1567 2295 ”ᾼ“ου
1603 2231 1800 2300 στόμα,

452 2305 526 2358 Ἦ
557 2306 608 2374 γ’
643 2306 724 2371 είς
751 2309 1012 2376 γυναικὸς
1041 2312 1307 2381 ἐμπεσεῖν
1335 2320 1611 2390 μυσαρίαν
1639 2339 1653 2352 ο

462 2397 529 2450 Ἥ
565 2398 768 2453 Δαλιδά
794 2417 854 2454 σε
885 2402 1060 2458 ταῦτα
1081 2406 1341 2473 πειθέτω,
1378 2409 1517 2474 ξένε.

1042 2497 1147 2561 Εἰς
1179 2498 1245 2550 τὸ
1280 2500 1448 2554 αὐτό.

445 2577 644 2644 Τίπτε,
680 2579 864 2652 γύναι,
905 2585 1212 2659 κακότεχν’,
1237 2590 1390 2646 ὀλοὸν
1416 2593 1592 2662 γένος,
1617 2601 1819 2672 αἰσχρὰ
1838 2605 2036 2660 Δαλιδὰ

461 2668 686 2739 Ἀνδρος
717 2673 808 2727 ἑοῦ
840 2678 1182 2747 πειρητίζεις
1213 2682 1589 2754 διαγνώμεναι
1616 2668 1824 2765 ἀλκίέκ

449 2763 634 2832 Ὀφρα
669 2781 767 2818 κεν
790 2767 1140 2838 ἀλλοφύλοισι
1180 2774 1354 2848 φάνης
1391 2781 1632 2852 κρυφίας
1672 2763 1759 2840 διά
1800 2789 1994 2858 βουλάς
2017 2808 2032 2824 ο

456 2853 548 2918 Ὧς
597 2855 706 2926 ἄρα
738 2857 925 2930 πάγχυ
956 2861 1120 2929 γύναι
1148 2866 1517 2941 φιλομόζυγος
1551 2874 1714 2930 ἔπλεο
1737 2853 1953 2952 δάίμαρί

1108 3023 1170 3078 1η
1206 3026 1361 3083 idem.

1669 314 2065 378 THEODOPJ
2115 318 2518 384 PRODROMI

2069 434 2115 492 Α
2137 430 2241 497 Εἰς
2277 432 2394 502 τὴν
2430 433 2716 504 δευτέραν
2739 435 3094 515 ἀπόπειραν,
3137 442 3266 496 καθ’
3285 437 3364 508 ἣν
3392 441 3536 499 οὐδὲ
3553 441 3732 515 αὖθις

3588 329 3730 396 illi:

2740 511 3138 580 περιεγένετο.

2156 593 2247 656 Ὠς
2270 596 2530 666 κρεῖσσον,
2567 599 2791 670 ἄρκτοις
2832 603 3104 674 συμϐιοῦν
3140 608 3260 671 ταῖς
3295 608 3539 678 ἀγρίαις,

2145 687 2255 740 Καὶ
2280 687 2564 745 συλλαλείν
2597 692 2882 764 δράκουσι,
2915 696 3012 750 καὶ
3053 698 3222 770 συζῇν
3253 700 3460 768 λύκοις,

2143 779 2254 832 Καὶ
2286 787 2675 850 συγκατοικεῖν
2703 786 2990 858 σκορπίοις
3018 790 3342 860 ἀνημέροις,

2145 871 2215 924 Ἦ
2245 869 2281 940 1
2308 871 2440 940 γοῦν
2465 876 2681 944 γυναιξί
2704 894 2718 909 ·
2745 878 2843 948 τὴν
2869 879 3103 934 Δαλιδάν
3138 899 3228 952 μοι
3266 883 3450 954 βλέπε.
3507 923 3532 933 -

2729 974 2836 1036 Είς
2862 973 2928 1026 τὸ
2957 976 3128 1031 αὑτό.

2144 1058 2437 1130 λουριδίης
2461 1061 2656 1132 ἀλόχου
2687 1064 2986 1135 ἐπεϐήσαο,
3022 1067 3221 1139 άλκιμε
3252 1064 3514 1142 Σαμψὼν,

2140 1141 2250 1210 Ἦς
2278 1149 2471 1217 ὄφελες
2505 1152 2706 1224 λεχέων
2726 1155 2834 1210 ἄπο
2861 1158 3046 1227 τηλόθι
3077 1160 3282 1231 λέκτρα
3316 1141 3578 1233 βαλέσθαι
3603 1183 3620 1202 ο

2142 1232 2252 1293 Ἦν
2281 1241 2390 1312 γὰρ
2434 1243 2501 1298 ἂν
2532 1245 2594 1298 ἐκ
2630 1264 2688 1300 σε
2727 1247 2897 1317 φίλων
2944 1250 3234 1325 βλεφάρων
3279 1232 3403 1309 ὅσον
3451 1258 3612 1312 ὅσσον
3663 1258 3732 1315 ι·-

3431 1348 3658 1421 [μέρσει

2144 1425 2453 1498 Μειλιχίοις
2477 1430 2722 1500 ἐπέεσσι,
2760 1433 2880 1488 νόον
2906 1435 3014 1490 ἀπὸ
3045 1438 3289 1508 κρυπτὸν
3319 1437 3546 1495 ἑλοῦσα.

2349 1543 2453 1608 Εἰς
2475 1544 2593 1621 τὴν
2623 1547 2852 1616 τρίτην,
2884 1549 3016 1604 καθ’
3040 1549 3122 1619 ἣν
3148 1552 3292 1606 οὐδὲ
3314 1549 3512 1621 αὖθις.

2141 1630 2243 1683 Τὸν
2267 1631 2512 1688 Σατανᾶν
2545 1618 2698 1707 σχοίη
2734 1656 2820 1702 τις
2847 1641 2928 1704 είς
2959 1642 3268 1708 συνοικίαν,

2141 1721 2354 1793 Τελχϊνι
2389 1726 2573 1796 πικρῷ
2607 1729 2908 1798 συνδιάξων
2936 1734 3029 1787 τὸν
3060 1733 3178 1804 βίον

2144 1813 2235 1882 Μὴ
2266 1814 2397 1881 γοῦν
2419 1819 2662 1885 γυναικὶ,
2697 1824 2792 1876 καὶ
2827 1825 3048 1891 γυναικὶ
3084 1827 3322 1896 μαχλάδι
3347 1843 3362 1858 ·

2153 1901 2218 1955 Ἢ
2248 1905 2446 1958 Δαλιδά
2483 1924 2576 1977 μοι
2610 1910 2824 1980 μάρτυς
2851 1915 2971 1967 ἐστὶ
2999 1914 3096 1968 τοῦ
3121 1917 3302 1986 λόγου.

2736 2027 2839 2092 Είς
2858 1998 2926 2080 ἑὸ
2953 2030 3124 2084 αὐτό.

2142 2108 2257 2164 Νῦν
2282 2111 2540 2179 τρίτατον
2573 2115 2684 2181 σέο,
2715 2118 2978 2188 Σαμψὼν,
3008 2122 3206 2178 Δαλιδά
3229 2129 3559 2199 πειρητίζει,

2141 2198 2240 2254 Σὺν
2265 2203 2467 2272 κράτος
2493 2207 2862 2277 ἀμφαφόωσα.
2901 2212 3074 2266 Πόθεν
3114 2216 3160 2268 δ’
3203 2218 3310 2288 ἄρα
3331 2198 3351 2286 7;
3377 2198 3520 2291 ὄφρα
3543 2223 3725 2296 δαείη,

2141 2294 2286 2364 Είπῃ
2311 2295 2356 2348 δ’
2385 2298 2711 2368 ἀλλοφύλοις
2737 2317 2752 2332 ο
2795 2304 2860 2355 σὺ
2886 2303 2942 2357 δέ
2966 2305 3020 2358 oi
3050 2307 3332 2378 ἀπατήλια
3363 2311 3576 2382 βάζεις,

2139 2383 2214 2437 Εὖ
2248 2387 2490 2456 φρονέων
2520 2390 2649 2461 ἄχρι
2682 2392 2801 2458 τοῦ,
2832 2395 3071 2469 τετάρτη
3103 2399 3160 2453 δέ
3192 2419 3253 2455 σε
3285 2407 3451 2475 πεῖρα
3481 2406 3722 2464 ὀλέσσει.

2401 2505 2504 2571 Εὶς
2531 2505 2648 2574 τὴν
2674 2507 2992 2577 τύφλωσιν
3023 2514 3132 2569 τοῦ
3163 2517 3450 2587 Σαμψών.

2140 2593 2208 2648 Τί
2236 2593 2345 2666 γὰρ
2383 2597 2556 2666 μιαρά
2597 2599 2796 2654 Δαλιδὰ
2831 2603 2970 2673 πρὸς
3001 2606 3126 2662 νοῦν
3167 2610 3468 2680 στρέφειςς

2137 2685 2430 2756 τυφλοῦσα
2465 2690 2734 2764 Σαμψὼν,
2764 2691 2855 2766 ἆρ’
2877 2698 3118 2772 ἐραστὴν
3143 2701 3340 2772 βελτίω

2136 2778 2327 2841 Δοκεϊς
2349 2780 2642 2853 ἐφευρεῖν;
2673 2787 2774 2838 ποῦ
2793 2786 2839 2840 δ’
2871 2787 2938 2841 ἂν
2977 2789 3167 2862 εὕρῃς,
3203 2795 3300 2848 καὶ
3321 2795 3486 2862 τίνας

2143 2867 2359 2930 Ὄντως
2390 2873 2531 2945 γυνὴ
2570 2875 2634 2929 σὺ
2665 2876 2858 2948 χρῆμα
2891 2883 3311 2952 μυσαρώτατον.

2135 3034 2450 3090 renunties?
2474 3039 2694 3094 omnino
2716 3039 2962 3114 conjugis
2995 3059 3185 3102 amans
3221 3048 3416 3104 mulier
3446 3049 3594 3108 fuisti
3612 3054 3720 3110 sei-

542 3108 697 3164 Asini
760 3113 1038 3169 maxillam
1095 3115 1386 3187 aliquando
1447 3122 1750 3194 arripuisti,
1802 3121 2094 3188 strenueC
2133 3122 2296 3178 licet!

444 3196 697 3269 Samson,
722 3209 1230 3264 numerosissimam
1274 3223 1536 3281 praeterea
1583 3219 1864 3276 hominum
1918 3226 2027 3281 vim

439 3289 549 3344 vita
582 3293 826 3363 spoliasti
856 3313 870 3363 ;
900 3298 1130 3355 subinde
1159 3301 1399 3358 molestae
1427 3307 1544 3362 sitis
1583 3309 2026 3370 ardentissimum

445 3384 746 3440 restinxisti
779 3387 1016 3444 laborem
1041 3409 1054 3458 ;
1082 3393 1197 3448 haec
1227 3395 1426 3466 quippe
1467 3401 1773 3457 mandibula
1803 3405 1858 3460 in
1888 3421 2028 3460 sua-

358 3533 362 3539 _
441 3490 538 3532 ves
577 3477 671 3532 tibi
698 3479 886 3536 latices
922 3483 1224 3539 inundavit.

441 3585 509 3639 In
536 3585 845 3670 Samsonem
883 3587 1044 3672 Gazae
1069 3604 1248 3672 portas
1272 3608 1555 3672 gestantem
1586 3604 1836 3672 humeris,
1884 3619 1931 3663 et
1956 3613 2028 3666 ad

514 3659 756 3713 rerticem
797 3664 1013 3728 montis,
1069 3659 1160 3733 qui
1193 3659 1404 3734 respicit
1459 3669 1694 3743 Hebro»,
1733 3659 2026 3746 import—an:

512 3736 631 3781 tem.

517 3839 564 3894 0
591 3843 657 3895 ad
701 3850 977 3912 stuporem
1011 3862 1180 3917 usque
1218 3849 1578 3913 formidabilis
1605 3858 1884 3928 humerus,
1914 3867 2024 3934 ’qui
2123 3887 2126 3890 ·

439 3929 676 4000 integras
690 3929 848 3989 Gazae
861 3943 1047 4002 portas
1067 3953 1171 3993 una
1197 3954 1318 3996 eum
1337 3942 1472 4013 ipsis
1497 3950 1760 4020 vectibus,
1779 3963 1835 4009 et
1857 3929 2021 4022 gemi-

438 4022 522 4075 nis
555 4028 982 4095 antepagmentis
1005 4044 1222 4086 sursum
1248 4044 1447 4092 tractas
1481 4038 1533 4093 in
1582 4044 1789 4112 apicem
1824 4050 2024 4107 montis

436 4113 654 4170 llebron
724 4117 968 4188 bajulas;
1032 4133 1086 4177 tu
1113 4123 1253 4182 forte
1281 4131 1656 4190 succollatoris
1679 4152 1829 4195 more
1853 4149 2020 4197 totam

435 4214 634 4261 terram
672 4211 941 4268 sustinere
999 4228 1208 4283 posses.

505 4427 660 4496 Apud
691 4427 848 4486 Gazae
907 4432 1180 4491 civitatem
1234 4444 1506 4501 meretrici
1558 4451 1879 4519 coniunctus
1941 4461 2024 4511 est
2055 4478 2099 4533 ι)
2204 4480 2260 4536 ιη
2305 4486 2720 4544 contubernium

436 4516 691 4585 Samson,
720 4523 810 4576 cui
837 4536 1147 4596 compaclas
1172 4533 1521 4592 occluserunt
1559 4540 1703 4598 fores
1732 4544 2010 4612 oppidani.

391 4685 393 4688 ι
435 4611 584 4676 Quos
613 4612 774 4682 igitur
819 4625 876 4670 ut
909 4621 1167 4675 concubia
1205 4635 1361 4681 nocte
1392 4632 1679 4698 persensit,
1719 4611 2016 4701 pendentes

431 4702 499 4755 ab
539 4702 763 4760 humero
796 4716 978 4776 portas
1025 4713 1166 4777 tulit,
1199 4726 1251 4770 et
1284 4718 1406 4773 inde
1438 4723 1660 4778 exsiliit.

432 4813 496 4869 In
536 4817 758 4871 primum
797 4818 987 4877 Dalila:
1015 4830 1445 4900 experimentum,
1489 4852 1590 4903 quo
1618 4849 1814 4896 tentato
1861 4841 2016 4899 Sunt-

906 4909 1032 4948 sone
1064 4913 1165 4950 non
1211 4911 1287 4955 est
1323 4906 1514 4970 potita.

499 5001 723 5071 anam
760 5005 814 5086 in
863 5023 1086 5068 voraces
1117 5014 1358 5074 incidere
1409 5020 1656 5080 flammas
1708 5029 2007 5096 optabilius

424 5105 502 5146 est
530 5112 544 5160 ;
584 5111 746 5164 quam
779 5083 970 5158 melius
1004 5105 1054 5158 in
1085 5120 1254 5172 mare,
1278 5110 1328 5162 in
1371 5112 1666 5168 inferorum
1724 5121 2009 5190 voragines

428 5185 592 5253 illabi,
625 5203 785 5257 quam
839 5191 892 5246 in
924 5194 1346 5254 abominandam
1383 5202 1668 5259 mulierum
1701 5205 2004 5265 lteditatem

427 5284 745 5336 incurrere:
779 5301 810 5339 o
843 5285 1060 5357 bOSpes,
1100 5293 1152 5344 in
1187 5293 1327 5349 banc
1377 5305 1427 5350 te
1459 5301 1789 5355 sententiam
1807 5303 1992 5368 ,addu-

427 5379 511 5421 cat
544 5371 735 5428 Dalila.

502 5568 771 5632 Quorsum
821 5588 1039 5632 versuta
1081 5584 1290 5651 mulier,
1349 5590 1755 5666 dispendiosum
1810 5611 2004 5666 genus,

430 5663 720 5716 inhonesta
755 5663 944 5730 Dalila,
977 5671 1050 5724 tui
1076 5675 1251 5729 mariti
1286 5678 1428 5734 vires
1482 5661 1850 5742 internoscere
1893 5704 2010 5744 mo-

432 5755 574 5823 ιὶΐῑεν
613 5770 721 5824 (1υο
779 5769 1020 5828 ext'ernis
1049 5771 1345 5828 secundum
1401 5771 1726 5835 clancularia
1781 5782 2006 5842 consilia

2133 3214 2200 3270 In
2232 3219 2520 3274 secundum
2553 3225 2990 3303 experimentum,
3043 3247 3146 3299 quo
3181 3248 3244 3286 ne
3276 3235 3486 3303 quidem
3509 3237 3726 3296 ’νων-ειη

2519 3297 2836 3364 expugnavit
2878 3295 3214 3355 Samsouem.

2201 3381 2244 3432 0
2277 3393 2438 3451 quam
2481 3383 2866 3442 ferocientibus
2921 3390 3062 3446 ursis
3092 3405 3383 3451 convivere
3436 3401 3723 3468 praestabi-

2131 3468 2235 3524 lius
2263 3480 2365 3537 est,
2393 3477 2704 3530 conversari
2753 3493 2878 3533 cum
2933 3481 3285 3553 draconibus,
3330 3499 3534 3546 etcum
3573 3492 3712 3563 lupis

2131 3565 2556 3633 communicare,
2588 3583 2821 3638 cumque
2862 3573 3244 3636 immansuetis
3289 3580 3538 3639 habitare
3559 3601 3715 3641 scor-

2129 3653 2383 3721 pionibus
2430 3672 2594 3726 ortam
2652 3677 2776 3717 cum
2828 3662 3096 3735 feminis;
3139 3671 3190 3724 in
3236 3671 3463 3730 Dalilam
3521 3675 3720 3735 mentis

2129 3745 2314 3802 oculos
2346 3747 2539 3818 adjice.
2565 3765 2576 3774 ·

2798 3848 2866 3903 in
2895 3850 3054 3906 idem.

2197 3927 2437 3985 Puellam
2470 3932 2523 3987 in
2558 3949 2780 3993 uxorem
2805 3940 3028 4010 duxisti,
3053 3949 3393 4017 magnanime
3455 3951 3715 4022 Samson,

2131 4019 2294 4090 cujus
2353 4024 2575 4080 thalami
2629 4037 2862 4086 stratum
2901 4037 3088 4103 procul
3123 4040 3337 4096 amoliri
3396 4044 3710 4121 debueras:

2127 4111 2368 4180 profecto
2408 4125 2460 4171 te
2485 4117 2594 4174 tuis
2623 4120 2798 4178 oculis
2836 4129 3159 4195 quantocius
3197 4133 3415 4189 orbabit
3446 4117 3707 4195 suavibus

2130 4203 2422 4272 illecebris,
2478 4223 2604 4264 cum
2663 4227 2918 4271 arcanam
2969 4219 3066 4276 tibi
3114 4235 3349 4280 mentem
3406 4229 3714 4287 abstulerit.

2137 4315 2192 4370 'n
2220 4321 2433 4374 tertium
2465 4326 2901 4410 experimentum,
2933 4349 3034 4400 quo
3056 4351 3120 4389 ne
3150 4352 3364 4392 rursum
3387 4343 3598 4412 quidem
3620 4360 3718 4414 po-

2785 4409 2881 4454 ma
2906 4413 3007 4458 est.

2774 4494 2896 4560 quis
2930 4497 3183 4553 admittat
3232 4502 3516 4570 Satanam,
3546 4510 3710 4566 vitam

2123 4585 2246 4627 cum
2276 4576 2662 4635 molestissimo
2692 4581 2987 4653 impostore
3017 4591 3366 4650 traducturus
3391 4613 3404 4662 ;
3440 4599 3536 4654 sed
3571 4615 3712 4656 nun-

2121 4679 2288 4735 quam
2337 4683 2460 4722 cum
2521 4673 2748 4729 muliere
2797 4690 3136 4747 consuescat,
3177 4697 3350 4754 eaque
3401 4692 3708 4750 meretrice.

2129 4755 2299 4812 Dalila
2345 4759 2498 4816 testis
2539 4770 2626 4817 est.
2663 4763 2822 4835 hujus
2846 4767 2991 4822 eﬂ'ati
3018 4771 3469 4832 luculentissima.

2785 4855 2851 4911 In
2882 4860 3042 4916 idem.

2194 4939 2348 4996 Nunc
2409 4944 2572 4999 tertio
2624 4957 2674 5001 te
2730 4951 3108 5017 experimento
3163 4958 3411 5016 adoritur
3445 4962 3642 5037 Dalila,
3677 4983 3713 5023 ο

2117 5029 2370 5099 Samson,
2406 5043 2632 5105 tuasque
2664 5050 2934 5105 pertentat
2963 5046 3409 5116 vires.Qnorsnm
3439 5058 3604 5112 vero?
3631 5060 3708 5114 uti

2113 5124 2333 5187 resciat,
2380 5139 2446 5178 ac
2481 5132 2755 5186 renuntiet
2785 5139 3082 5204 extraneis,
3115 5149 3170 5194 tu
3203 5158 3330 5200 vero
3368 5149 3594 5202 subdola
3640 5153 3692 5206 ei

2113 5213 2276 5268 verba
2300 5217 2725 5276 comminisceris
2747 5223 2761 5276 !
2787 5225 3047 5283 hactenus
3073 5233 3331 5302 sapuisti;
3359 5239 3452 5293 sed
3479 5241 3700 5298 tertium

2117 5305 2417 5374 periculum
2449 5313 2744 5378 perniciem
2783 5317 2877 5371 tibi
2912 5323 3238 5379 consciscet.

2505 5424 2580 5480 De
2611 5427 2886 5488 Samsom's
2937 5441 3302 5500 occwcatione.

2186 5512 2325 5579 Quid
2351 5516 2494 5571 enim
2534 5524 2673 5588 apud
2704 5525 2944 5582 animum
2989 5531 3185 5599 volvis,
3220 5535 3428 5604 impura
3479 5537 3698 5594 Dalila?

2111 5606 2284 5661 oculis
2305 5607 2496 5664 orbato
2535 5612 2816 5682 Samsone,
2857 5623 3123 5679 amasium
3171 5627 3450 5684 meliorem
3504 5631 3696 5687 inven-

2117 5707 2288 5752 turam
2321 5697 2525 5769 putas?
2557 5706 2643 5761 ubi
2678 5723 2836 5778 quem
2869 5715 3040 5782 possis
3067 5716 3376 5778 ollendere?
3415 5736 3447 5781 ο
3476 5725 3691 5792 mulier,

2111 5789 2446 5879 omnino'res
2474 5808 2531 5879 es
2569 5799 2713 5883 omni
2737 5801 3125 5875 imprecatione
3155 5810 3334 5882 digna.
