4050 6380
329 339 466 406 1145

919 453 1026 520 Εἲς
1048 451 1117 506 τὸ
1151 452 1322 507 αὐτό.

326 547 416 611 Τίς
450 563 510 599 σε
545 543 718 615 φίλων
757 543 1048 614 βλεφάρων
1074 543 1465 612 ἁπαμέρσατο,
1505 539 1706 608 ἄλκιμε
1740 535 1891 604 Σαμ-

1703 624 1818 689 ών;
1903 625 1920 642 ⁹

1703 626 1780 677 ών
1802 639 1818 689 ;

326 731 420 793 '0;
445 727 721 801 με’κόμην
747 725 992 797 κεφαλῆς
1014 725 1321 779 ἀποείλετο.
1368 723 1464 786 Τίς
1488 720 1532 774 δ’
1557 722 1627 793 ἆῤ
1640 626 1860 780 [ἐκεῖνος
1875 727 1891 780 i

323 821 452 874 Ἤδε
480 819 619 890 γυνὴ
648 816 932 884 δολόεσσα,
970 815 1174 871 Δαλιδὰ
1202 817 1260 870 δέ
1295 832 1388 886 μιν
1414 812 1729 868 καλέουσιν.

326 913 394 966 Ὠ
423 912 619 977 τάλαν,
650 911 727 972 ὡς
779 909 1079 980 κραδίηφιν
1115 907 1240 977 ὅφιν
1289 905 1658 974 διεθέρμανας
1687 893 1843 956 οὖλον
1871 897 1887 954 ι

513 1021 915 1092 ΕιςπΣαμψὼν
949 1021 1259 1091 diri/iurat
1287 1020 1358 1075 ἐν
1381 1017 1464 1084 τῷ
1481 1017 1677 1088 μύλῳ.

318 1138 380 1192 El
412 1136 650 1209 δάκρυον
679 1137 914 1191 δείλαιον
944 1135 1231 1199 exsiccant
1257 1134 1462 1199 Θέλεις,

316 1230 528 1301 Δάκρυε
558 1228 909 1298 τυφλωθέντα
939 1226 1181 1298 Σαμψὼν
1209 1227 1303 1281 τὸν
1338 1225 1535 1297 μέγαν,

315 1321 425 1375 Καὶ
447 1319 648 1388 τυφλὸν
671 1318 966 1390 ἀλήθοντα,
998 1317 1100 1386 φεῦ
1126 1319 1137 1371 !
1168 1317 1323 1388 δίκην
1351 1317 1497 1370 ὄνου*

315 1409 425 1464 Καὶ
455 1407 565 1463 τῶν
594 1406 875 1478 γυναικῶν
909 1408 1080 1478 φεῦγε
1109 1407 1208 1478 τὴν
1238 1405 1531 1482 πονηρίαν.

922 1523 1030 1588 Εἰς
1059 1521 1127 1576 τὸ
1156 1522 1328 1577 αὐτό.

312 1635 413 1700 ’ος
439 1637 556 1689 ποτ’
582 1636 708 1690 ὄνου
748 1637 1060 1705 κατέπεφνε
1089 1637 1302 1704 σιαγόνι
1335 1635 1506 1706 μυρία
1545 1635 1710 1704 φῦλα,

311 1727 424 1780 Νῦν
459 1725 592 1795 γοῦν
621 1725 742 1796 ἠΰτ’
771 1726 893 1789 ὄνος
927 1729 1050 1778 ποτὶ
1085 1727 1230 1797 μύλῃ
1263 1728 1410 1779 σῖτον
1440 1726 1654 1796 ἁλήθει,

309 1819 384 1871 Οὐ
413 1818 644 1889 θέμενος
673 1817 997 1890 βλεφάροισι
1023 1817 1518 1889 προδερκομένοισι
1540 1815 1889 1888 καλύπτρην,

309 1912 461 1964 Δύτὰ
491 1910 548 1964 δὲ
580 1911 711 1981 φίλα
743 1910 991 1982 βλέφαρα
1019 1909 1412 1981 καλυψάμενος
1441 1910 1768 1980 τυφλότητι.

314 2026 412 2090 Εἰς
459 2023 731 2092 Σαμψὼν
768 2024 1151 2078 (matrs-[orta
1183 2023 1302 2092 τὴν
1351 2025 1570 2087 οὶκίαν,
1601 2024 1703 2079 καὶ
1731 2037 1893 2094 συμ-

506 2093 848 2162 φονεύοντα
880 2094 1100 2148 ἑαυτὸν
1129 2095 1254 2162 τοῖς
1291 2095 1694 2163 ἀλλοφύλοις.

320 2207 532 2262 Ἠϐῶσι
565 2207 811 2279 Σαμψὼν
835 2210 892 2262 αἱ
925 2209 1245 2281 ξυρηθεῖσαι
1269 2209 1476 2280 τρίχες,

312 2298 422 2352 Καὶ
455 2298 736 2369 συνανηϐᾷ
768 2298 829 2351 τὸ
856 2299 1059 2370 κράτος
1085 2301 1184 2368 τῆς
1208 2298 1410 2367 ἰσχύος.

321 2386 467 2441 Ἀλλ’
499 2387 558 2440 αἱ
590 2389 751 2458 κόραι
776 2386 1076 2452 λείπουσιν,
1103 2386 1149 2440 ὣ
1175 2388 1273 2459 τῆς
1297 2385 1538 2458 ξημίαςῑ

311 2480 460 2550 Πλὴν
492 2481 589 2535 καὶ
611 2477 946 2550 τυφλώττων
978 2480 1270 2549 ἀμυνεῖται
1306 2481 1401 2534 τὸν
1434 2479 1651 2549 φθόνον.

903 2572 1008 2640 Εις
1034 2572 1100 2625 τὸ
1125 2573 1296 2627 αὐτό.

310 2662 577 2732 Παίγνιον
625 2661 978 2733 ἀλλοφύλοισι
1030 2664 1249 2718 πίνουσι
1302 2663 1578 2734 προήλυθε
1627 2661 1894 2734 Σαμψών.

311 2755 420 2826 Στῆ
455 2755 517 2809 δὲ
546 2755 698 2826 παρὰ
740 2754 990 2828 σταθμῷ,
1025 2756 1216 2821 κίονας
1239 2755 1284 2809 δ’
1317 2756 1406 2810 ’ἐλε
1443 2757 1658 2828 χείρεσι
1688 2756 1896 2823 δοιοὺς,

997 2934 1065 2991 In
1096 2936 1255 2992 idem.

381 3049 524 3118 Quis
551 3058 602 3106 te
627 3050 865 3122 jucunda
909 3050 1188 3107 oculorum
1240 3065 1404 3106 usura
1429 3051 1682 3121 privavit,
1736 3067 1898 3124 gene-

308 3157 432 3199 rose
466 3140 750 3198 Samson?
780 3141 880 3208 Qui
912 3141 1104 3212 capitis
1161 3142 1266 3197 mei
1301 3143 1434 3198 rasit
1469 3144 1692 3213 capillos
1720 3163 1733 3198 :
1773 3145 1897 3214 quis

309 3238 400 3293 ille
423 3235 602 3293 vero?
629 3236 724 3291 Illa
752 3237 864 3305 ipsa
892 3246 976 3290 est
998 3237 1344 3294 callidissima
1359 3239 1570 3306 mulier,
1592 3241 1678 3296 cui
1715 3241 1898 3298 Dalila:

312 3342 519 3383 nomen
551 3335 661 3382 est.
693 3326 737 3382 Ο
771 3329 938 3384 miser
966 3327 981 3382 Ι
1019 3342 1179 3399 quam
1203 3327 1476 3386 exitialem
1512 3341 1731 3402 pectore
1779 3348 1896 3390 ser-

307 3428 532 3489 pentem
569 3417 770 3474 fovisti.

635 3532 714 3588 De
739 3532 990 3590 Samsone
1019 3535 1072 3610 in
1100 3536 1322 3607 pistrino
1355 3538 1598 3594 molente.

379 3644 435 3701 Si
470 3644 708 3700 miseras
736 3644 1012 3702 cﬂ‘undere
1042 3648 1312 3720 lacrymas
1368 3652 1421 3706 in
1471 3653 1654 3708 animo
1707 3652 1896 3718 habes,

306 3737 694 3794 ementientem
756 3739 1074 3795 Samsonem
1132 3758 1386 3813 magnum
1465 3745 1899 3815 comploratione

307 3841 670 3898 prosequere,
701 3837 756 3882 et
787 3829 890 3883 heu
921 3829 936 3884 ί
984 3831 1124 3885 asini
1153 3832 1347 3899 instar,
1393 3836 1680 3890 excmcatis
1726 3838 1900 3892 oculis

312 3919 634 3986 molentem,
669 3921 724 3974 in
764 3935 872 3991 quo
915 3921 1202 3978 mulierum
1234 3925 1624 3997 malignitatem
1652 3927 1898 3987 devitare

309 4012 566 4083 satagito.

983 4126 1053 4182 In
1091 4129 1251 4185 idem.
1846 4192 1851 4196 θ

381 4218 485 4287 Qui
511 4220 652 4277 asini
688 4221 995 4278 mandibula
1020 4223 1285 4280 infinitam
1312 4225 1604 4297 aliquando
1634 4231 1886 4287 multitu-

315 4313 494 4368 dinem
522 4315 838 4384 prosuavit,
873 4330 1020 4371 nunc
1049 4316 1293 4386 quidem,
1323 4333 1421 4375 ceu
1446 4321 1659 4388 asinus.
1684 4322 1753 4378 ad
1795 4340 1904 4380 mo-

315 4403 420 4457 lam
452 4401 790 4458 frumentum
818 4405 1010 4469 molit;
1051 4421 1181 4473 non,
1218 4397 1279 4462 ut
1307 4409 1487 4480 equis,
1520 4414 1769 4481 apposito
1789 4428 1900 4484 prte

314 4495 580 4550 intuentis
609 4496 780 4553 oculis
821 4495 1064 4564 frontali,
1097 4502 1192 4554 sed
1220 4499 1490 4570 palpebris
1519 4503 1748 4574 ipsamet
1782 4519 1902 4560 cae-

313 4591 478 4644 citate
515 4589 803 4646 contectis.
1545 4585 1549 4588 ’

313 4704 391 4760 De
421 4705 686 4762 Samsone
729 4705 942 4786 domum
973 4709 1320 4772 concutiente,
1341 4723 1510 4786 seque
1561 4727 1680 4769 tum
1723 4714 1908 4786 [Phili-

743 4777 918 4832 sthwis
948 4793 1054 4831 una
1111 4780 1536 4835 contrucidante.

389 4889 598 4945 Rasum
627 4889 722 4945 tibi
763 4890 1078 4959 capillitium
1101 4892 1451 4962 suppullulat,
1479 4908 1512 4947 ο
1553 4880 1807 4961 Samson,
1831 4898 1902 4952 si-

315 4983 540 5052 mulque
572 4991 784 5037 tuarum
833 4983 1028 5037 virium
1059 4985 1364 5040 renascitur
1392 4984 1651 5052 facultas;
1709 5003 1898 5044 verum

317 5074 536 5144 pupilla:
569 5083 621 5129 te
649 5074 944 5142 delicium;
974 5090 1006 5131 ο
1038 5076 1343 5132 miseriam!
1378 5086 1559 5134 tamen
1586 5084 1897 5135 occatcatus

320 5166 560 5222 hostium
608 5165 1212 5222 suorum'invidentiam
1247 5167 1564 5224 ulciscatur.

993 5280 1054 5336 In
1079 5279 1240 5336 idem.

394 5371 824 5429 Convivantibus
847 5372 1160 5444 alienigenis
1183 5375 1234 5430 in
1262 5374 1558 5433 ludibrium
1615 5375 1915 5448 productus

321 5473 406 5520 est
436 5463 691 5522 Samson.
734 5463 893 5524 Stans
917 5476 1102 5525 autem
1134 5468 1311 5523 media
1334 5469 1385 5526 in
1413 5469 1557 5536 aula,
1593 5468 1782 5526 ambas
1810 5483 1919 5522 ma-

1189 333 1721 399 TETRASTICHA
1763 331 1842 391 ΙΝ
1884 329 2133 392 VETUS
2169 327 2790 390 TESTAMENTUM.

1919 445 1973 505 Α
2000 442 2154 494 Σεῖςε
2189 442 2232 495 δ’
2265 441 2424 508 ἐλὼν,
2460 443 2568 514 πρὸ
2598 441 2644 496 δ’
2674 420 2822 505 ἄπας
2859 439 3097 512 χαμάδις
3126 436 3298 491 πέσεν
3336 435 3574 498 ἄπλετος

3443 321 3580 386 1146

3340 524 3486 592 οἶκος

3340 527 3456 582 οῖκο

2005 625 2110 679 Σὺν
2134 625 2193 678 δέ
2230 626 2280 680 τ’
2303 626 2394 697 ἄρ’
2423 625 2745 694 ἀλλοφύλοις
2782 625 2946 681 αὑτὸν
2977 623 3285 692 κατέπεφνε
3311 527 3507 691 (Iguvi):

2005 707 2134 807 Εἰς.
2163 740 2340 796 Ῥοὺθ
2386 742 2502 810 τὴν
2539 741 2856 802 Μωαϐῖτιν,
2891 738 2953 806 ἢ,
3017 738 3126 792 τοῦ
3190 734 3577 810 ’ζσραῃλίτου

2074 805 2298 880 ἀνδρὸς
2325 805 2516 880 αὐτῆς
2542 813 2853 875 θανόντος,
2886 805 3577 879 κριθολογοῦσαβτρεφε

2073 881 2193 951 τὴν
2231 885 2527 950 πενθερὰν
2541 881 2731 955 αὐτῆς
2752 881 3040 949 Νοομμίν.

2003 973 2147 1044 Γυνὴ
2179 973 2454 1041 Νοομμὶν,
2494 965 2650 1042 ἀνδρὶ
2675 970 2768 1022 καὶ
2794 969 3005 1032 τέκνοις
3035 967 3154 1039 ἅμα

2003 1063 2432 1135 Συνεκφυγοῦσα
2464 1063 2603 1134 πρὸς
2635 1062 2793 1116 πόλιν
2814 1061 3120 1125 Μωαϐῖτιν,

2004 1158 2132 1221 Τοῖς
2172 1157 2329 1210 παισὶ
2374 1155 2546 1218 καλὰς
2578 1153 2943 1224 νυμφαγωγεῖ
2973 1150 3297 1218 παρθένους,

2013 1246 2382 1317 ’Υποστρέφει
2417 1245 2475 1298 δὲ
2517 1245 2614 1298 σὺν
2649 1243 2788 1314 μόνῃ
2821 1245 2888 1312 τῇ
2933 1240 3089 1296 Ῥοὺο
3133 1241 3294 1312 μόνη.

2591 1360 2641 1411 Ε
2645 1359 2699 1422 lg
2731 1355 2799 1410 τὸ
2823 1357 2994 1411 αὐτό.

2006 1448 2202 1510 Παῖδες
2241 1448 2366 1518 ἐμοὶ
2393 1446 2512 1500 τίνα
2541 1445 2690 1516 τήνδ’
2715 1445 2962 1515 ὁρόωμεν
3001 1441 3429 1516 κριθολογοῦσαν

2004 1537 2268 1610 Κούρην;
2301 1537 2488 1608 Αὐτὰρ
2521 1537 2639 1609 ὲμῷ
2667 1535 2828 1607 Θυμῷ
2861 1535 3242 1607 κεχαρισμένα
3277 1535 3450 1606 ῥέζει.

2002 1629 2293 1692 Μωαὸῖτις
2317 1629 2379 1682 τὸ
2404 1629 2653 1698 γύναιον,
2696 1628 2795 1699 ἔϐη
2831 1629 2875 1682 δ’
2907 1629 3017 1700 ἄρα
3068 1631 3162 1683 σύν
3211 1645 3268 1681 τε
3300 1626 3576 1696 Νοομμίν,

2006 1724 2080 1776 Ἦ
2105 1722 2200 1776 καί
2223 1724 2250 1775 ὲ
2290 1719 2463 1775 Ῥοὺθ’
2505 1721 2712 1786 καλέει,
2752 1722 2940 1792 νύμφη
2973 1722 3029 1775 δέ
3061 1723 3109 1774 οἱ
3142 1719 3362 1791 εὔχεται
3410 1714 3576 1772 εἶναι.

1995 1835 2102 1902 Εἰς
2123 1802 2670 1916 Βοὸζμιῖνύέιεζοέ
2691 1831 2767 1916 τῇ
2819 1831 3011 1916 Ῥούθ,
3045 1829 3476 1916 καὶρηεὶςζῶντα
3507 1827 3580 1892 ἐξ

2237 1899 2431 1974 αὐτῆς
2476 1899 2657 1971 Ὦόὴδ
2704 1899 2811 1957 τὸν
2846 1901 3100 1955 πάππον
3137 1899 3338 1954 Δαϐίδ.

2005 1995 2095 2064 Ὣς
2120 2000 2196 2061 εἰς
2226 1999 2432 2068 ἀγαθὸν
2455 1997 2554 2060 τὰς
2589 1995 2790 2066 κριθὰς
2825 1994 2982 2047 Ῥοὺθ
3021 1992 3328 2061 συλλέγεις,

2000 2093 2172 2162 Εῐπερ
2202 2091 2271 2146 δι’
2301 2089 2478 2144 αὐτῶν
2518 2089 2612 2143 τοῦ
2645 2089 2780 2152 Βοὸζ
2803 2089 2941 2156 γυνὴ
2966 2087 3118 2158 γίνῃ,

1998 2184 2241 2255 Χριστοῦ
2271 2183 2580 2254 προμὴτωρ
2611 2182 2812 2251 ἀθρόον
2851 2179 3198 2248 δεδειγμένη.

1996 2279 2112 2331 Καὶ
2140 2276 2248 2347 γὰρ
2275 2275 2366 2329 τὸν
2407 2273 2560 2327 Ὠὁὲδ
2590 2273 2680 2326 τὸν
2715 2271 2880 2324 Δαϐὶδ
2909 2272 3132 2326 πάππον
3163 2271 3352 2344 τέκῃς.

2586 2386 2690 2450 Εις
2719 2384 2787 2437 τὸ
2815 2384 2984 2438 αὐτό.

1998 2483 2096 2545 Τίς
2132 2478 2254 2534 ποτ’
2283 2478 2373 2550 ἄρ’
2404 2473 2548 2549 ἦσθα
2570 2476 2793 2549 γύναιον
2822 2477 2957 2547 ἐμοῦ
2987 2475 3147 2538 ποδὸς
3177 2475 3306 2546 ἄγχι
3339 2477 3582 2531 πεσοῦσα

1997 2573 2191 2629 Νύκτα
2222 2571 2291 2626 δι’
2318 2570 2586 2642 ὀρφναίην
2614 2587 2629 2636 ;
2658 2568 2828 2623 -Ῥοὺθ
2861 2567 2944 2638 ἧδ’
2975 2567 3087 2635 ἐγὼ
3114 2567 3252 2637 ἀμφί
3283 2585 3342 2621 σε
3369 2570 3581 2640 κεῖμαι,

2011 2665 2081 2719 Ἦ
2119 2665 2244 2734 χθὲς
2276 2663 2364 2715 ἐπ’
2389 2660 2722 2731 ἁσταχύεσσι
2744 2663 2914 2714 τεοῖσι
2955 2659 3370 2730 κριθολογεῦσα.

1998 2758 2196 2829 Χαῖρε,
2221 2753 2375 2826 φίλον
2401 2754 2572 2826 κάρα,
2599 2754 2778 2824 χαῖρε,
2810 2751 2940 2816 Θεὸς
2970 2751 3025 2805 δέ
3051 2768 3133 2806 σοι
3161 2752 3315 2808 ὄλϐια
3340 2752 3478 2826 δοίη.

2001 2932 2161 2988 nibus
2210 2928 2489 2984 columnas
2519 2926 2800 2996 amplexus
2856 2937 2959 2992 est,
3009 2942 3145 2998 quas
3205 2931 3583 2998 apprehensus

2002 3023 2301 3090 concussit,
2331 3021 2494 3090 inque
2524 3030 2723 3074 terram
2756 3019 2958 3074 corruit
2987 3020 3178 3075 domus
3203 3021 3576 3086 refertissima,

1923 3107 1967 3167 ϐ
1999 3132 2119 3189 quae
2145 3131 2265 3171 cum
2297 3111 2570 3169 extraneis
2598 3112 2766 3181 ipsius
2797 3121 3072 3166 auctorem
3101 3115 3264 3168 caedis
3289 3114 3582 3170 interfecit.

2001 3231 2069 3286 In
2119 3229 2259 3284 Ruth
2283 3227 2640 3291 Moabitidem,
2679 3240 2796 3294 quae
2824 3225 2933 3278 viro
2957 3222 3207 3278 Israelita
3247 3241 3281 3294 7e
3330 3226 3458 3279 vivis
3490 3241 3586 3280 ea:-

2070 3311 2263 3367 empto,
2303 3298 2532 3353 collectis
2583 3296 2742 3365 spicis
2779 3310 2968 3349 nurum
2996 3310 3150 3349 suam
3208 3293 3402 3350 Noemt'
3453 3311 3586 3350 enu-

2073 3371 2240 3425 trivit.

2076 3481 2266 3536 Ilulier
2296 3477 2485 3535 Noemi
2520 3492 2626 3532 una
2655 3493 2776 3533 cum
2818 3476 2957 3542 viro,
2990 3484 3043 3530 et
3079 3475 3270 3531 liberis
3301 3476 3354 3531 in
3390 3477 3580 3531 urbem

2001 3570 2346 3626 Moabitidem
2377 3569 2716 3636 confugiens,
2769 3566 3257 3636 pulcherrimarum
3307 3565 3581 3636 virginum

2002 3663 2220 3733 nuptias
2251 3661 2366 3718 suis
2397 3661 2705 3717 conciliavit
2756 3660 2903 3726 ﬁliis,
2935 3660 3028 3716 sed
3066 3658 3458 3728 regredientem
3491 3673 3581 3714 εον

2003 3753 2109 3810 lam
2142 3753 2288 3810 Ruth
2331 3753 2446 3809 sola
2491 3762 2678 3809 secuta
2703 3759 2808 3807 est.

2673 3860 2741 3914 Iit
2786 3861 2943 3914 idem.

2071 3978 2338 4035 Messores
2378 3974 2550 4047 pueri,
2595 3987 2838 4044 quaenam
2872 3971 2964 4026 illa
3033 3977 3135 4033 est,
3193 3982 3352 4037 quam
3407 3969 3586 4038 spicas

2002 4073 2341 4142 colligentem
2371 4068 2709 4137 inspicimus,
2768 4063 2941 4134 puella
2967 4063 2991 4116 ?
3020 4072 3278 4116 caaterum
3308 4076 3403 4129 per
3444 4061 3576 4114 mihi

2003 4172 2215 4229 gratum
2262 4159 2416 4216 facit.
2466 4157 2658 4213 Mulier
2700 4165 2781 4211 est
2815 4154 3086 4220 Moabitis,
3147 4167 3271 4221 qua:
3302 4167 3405 4224 una
3463 4167 3584 4205 cum

2001 4251 2192 4308 Noemi
2243 4251 2406 4315 venit,
2461 4249 2604 4302 Ruth
2627 4250 2673 4302 ei
2706 4261 2901 4301 nomen
2933 4252 3036 4312 est,
3066 4258 3232 4312 seque
3258 4241 3448 4296 Noemi
3486 4257 3585 4296 nu-

2003 4357 2123 4397 rum
2155 4355 2276 4396 esse
2309 4340 2596 4412 gloriatur.

1932 4449 1979 4508 D
2007 4456 2074 4515 In
2096 4456 2242 4512 Boos
2263 4471 2368 4508 una
2410 4469 2528 4507 cum
2563 4451 2701 4506 Ruth
2723 4450 3060 4504 matrimonio
3081 4449 3350 4519 junctum,
3384 4463 3448 4502 ea;
3481 4464 3586 4518 qua

2326 4524 2471 4578 Obed
2505 4523 2724 4578 Davidis
2781 4537 2938 4574 avum
2979 4521 3232 4587 suscepit.

2076 4620 2246 4685 Quam
2303 4616 2556 4680 feliciter,
2611 4625 2665 4670 et
2709 4615 2990 4683 auspicato
3050 4611 3233 4683 fruges
3292 4610 3522 4680 colligis,
3555 4625 3588 4665 ο

2006 4716 2176 4778 Rutn,
2207 4711 2472 4782 siquidem
2523 4724 2620 4779 per
2670 4723 2761 4763 eas
2793 4709 2846 4762 in
2909 4721 3130 4761 uxorem
3163 4705 3306 4761 Booz
3362 4707 3588 4759 evadere

2004 4806 2217 4878 possis;
2254 4805 2356 4858 hoc
2386 4801 2528 4856 facto
2563 4799 2764 4854 Christi
2814 4800 3033 4867 proavia
3060 4809 3280 4865 repente
3308 4797 3580 4851 declarata

2009 4913 2090 4966 es,
2122 4907 2381 4965 concepto
2406 4893 2536 4960 fetu,
2575 4893 2667 4963 qui
2701 4888 2849 4946 Obed
2887 4891 3102 4945 Davidis
3131 4904 3262 4944 avus
3284 4899 3383 4944 est.

2645 5001 2713 5056 In
2739 5001 2898 5055 idem.

2078 5097 2262 5166 Ecqua
2297 5093 2491 5150 mulier
2533 5106 2680 5148 meos
2706 5091 2860 5159 juxta
2907 5087 3068 5158 pedes
3102 5083 3378 5140 accumbis
3406 5099 3575 5152 opaca

2010 5202 2167 5248 nocte
2201 5191 2224 5245 ‘l
2255 5187 2366 5260 Ego
2394 5204 2510 5244 sum
2548 5186 2714 5250 Ruth,
2745 5199 2862 5254 qua:
2895 5189 3118 5254 propter
3152 5191 3203 5234 te
3228 5179 3404 5250 jaceo,
3463 5194 3584 5249 quae

2013 5281 2132 5338 heri
2187 5281 2241 5334 in
2284 5279 2455 5350 spicis
2511 5279 2622 5332 tuis
2673 5275 2932 5330 hordeum
2985 5271 3323 5340 colligebam.
3379 5267 3586 5336 Gaude,

2013 5375 2207 5438 amica,
2240 5374 2433 5446 gaude,
2473 5381 2522 5429 te
2553 5371 2695 5428 Deus
2723 5368 2870 5425 omni
2900 5371 3163 5423 honorum
3205 5363 3420 5421 cumulo
3479 5364 3589 5418 for-

2018 5474 2191 5524 tunet.
