4050 6402
510 460 625 514 Καὶ
651 458 749 512 σὺν
775 455 896 528 Θεῷ
938 455 1064 520 τοὺς
1092 454 1302 519 πάντας
1329 455 1409 518 είς
1445 453 1624 527 φυγὴν
1649 455 1866 527 τρέπει.

515 553 576 605 ΕΞ
605 551 700 605 καὶ
727 550 935 622 θανατᾷ
969 547 1232 621 βρώσεως
1264 549 1471 619 μικρᾶς
1501 549 1681 620 χάριν.

1086 641 1189 705 Εις
1238 638 1308 693 τὸ
1364 639 1535 693 αὑτό.

516 737 614 797 ὀς
650 731 811 805 μόνος
841 727 1224 799 ἀλλοφύλοισιν
1253 729 1526 783 ἐπέσσυτο
1559 729 1694 800 ὴΰτε
1722 746 1805 794 τις
1830 729 1957 802 θὴρ.

510 828 628 881 Νῦν
659 825 847 896 μέλεος
889 823 1164 887 θανάτοιο,
1208 821 1487 888 Ἰωνάθαν,
1527 819 1712 885 ἀντίος
1740 821 1888 892 ἥκει,

511 919 702 972 Οὕνεχ’
737 915 826 969 ἐπ’
861 915 1109 986 ἀσιτίῃφι
1137 913 1313 984 φάγεν
1350 912 1495 981 μέλι.
1532 913 1597 966 Ὦ
1625 913 1748 984 μέλι
1776 912 2002 985 πικρόνέ

512 1013 648 1066 Οὐδὲ
677 1011 861 1081 πατήρ
888 1010 938 1063 οἱ
964 1007 1160 1080 ἀρηξε,
1195 1008 1412 1076 πρόπας
1445 1006 1500 1060 δέ
1533 1006 1561 1061 ὲ
1589 1005 1792 1059 λύσατο
1824 1004 1971 1070 λαός.

510 1109 616 1171 Εἰς
648 1102 765 1170 τὴν
796 1101 1051 1172 σφαγὴν
1074 1101 1289 1172 κἈ-Γατ,
1328 1097 1420 1164 ὃν,
1459 1095 1734 1172 σωθέντα
1780 1094 1861 1158 τῷ
1892 1095 2096 1172 Σαοὺλ

579 1167 742 1242 παρὰ
793 1167 950 1240 τὴν’
994 1167 1171 1226 θείανή
1212 1169 1502 1223 κέλευσιν
1536 1208 1551 1235 ,
1601 1167 1920 1222 ἀπέκτεινε
1977 1170 2096 1222 Σα-

577 1243 806 1314 μουήλ.

509 1338 631 1391 Κᾶν
661 1333 757 1390 τοῦ
781 1335 956 1388 Σαοὺλ
985 1332 1085 1396 τὰς
1109 1332 1297 1402 χεῖρας
1327 1331 1591 1402 ἀπέδρας,
1626 1329 1831 1398 Ἀγαγ,

517 1429 579 1482 '0
608 1426 933 1497 παμμίαρος
979 1425 1352 1496 Ἀμαληκίτης
1385 1423 1542 1491 ἄναξ,

520 1521 663 1575 Ἀλλ’
690 1515 751 1574 οὐ
782 1517 1039 1590 Σαμουὴλ
1066 1517 1106 1588 -ι-
1134 1517 1234 1588 τὴν
1268 1515 1548 1588 μάχαιραν
1570 1516 1610 1586 ἰ-
1631 1513 1902 1585 ἐκφύγῃς.

509 1616 621 1687 Τὴν
651 1613 882 1684 πικρίαν
907 1612 965 1666 δὲ
993 1611 1094 1682 τῆς
1130 1611 1298 1681 θανῆς
1329 1609 1584 1674 κτανθεὶς
1619 1609 1820 1680 μάθῃς.

1071 1704 1170 1769 Εις
1224 1703 1292 1757 τὸ
1349 1704 1522 1758 αὑτό.

508 1801 678 1856 Τίπτε
709 1797 884 1852 Σαοὺλ
914 1795 1174 1868 μεγάλοιο
1208 1794 1344 1848 Θεοῦ
1376 1795 1636 1860 ἀπέωσας
1665 1796 1947 1866 ὲφετμάς;

517 1897 608 1948 Ἐν
638 1893 682 1946 δ’
713 1893 896 1960 Ἀγαγ
935 1887 1248 1955 ὲξεσάωσας
1287 1888 1661 1960 Ἀμαληκίτην
1696 1887 1951 1958 βασιλῆα,

503 1987 628 2042 Οὐδ’
660 1983 1210 2054 ἀπεδειροτόμησας;
1249 1981 1419 2053 Ἀτάρ
1443 1981 1534 2034 σέο
1567 1981 1950 2052 δειροτομήσει

502 2077 803 2149 Κοιρανίην
828 2076 1034 2146 Κύριος
1062 2093 1076 2106 ο
1111 2077 1296 2144 Ἀγαγ
1321 2074 1366 2128 δ’
1387 2075 1590 2128 ὀλέσειε
1617 2074 1894 2145 Σαμουὴλ.

1749 341 2146 405 THEODORI
2187 345 2590 410 I‘RODROMI

3659 353 3800 418 1152

2129 461 2178 520 Α
2221 458 2390 528 Ἀμφὶ
2415 462 2564 531 Θεῷο
2591 463 2821 534 κραδίην
2849 464 2958 538 γὰρ
2998 466 3027 521 ὃ
3051 467 3280 533 δίζεται,
3309 466 3430 521 οὐδέ
3463 486 3520 522 τε
3549 469 3715 540 σῶμα
3743 487 3758 502 °

2205 551 2407 622 Δέρκεο
2429 552 2595 606 Δαδὶδ
2629 554 2839 610 ἄνακτα
2862 556 2953 610 τὸν
2981 559 3042 611 ὲν
3073 559 3334 632 ποίμνῃσι
3363 559 3651 615 πονοῦντα.

2205 643 2313 710 Εἰς
2345 645 2413 698 τὸ
2443 647 2717 716 πονηρὸν
2753 649 2994 720 πνεῦμα
3028 651 3093 703 τὸ
3121 652 3344 719 πνίγον
3385 654 3583 707 Σαοὺλ
3617 655 3807 709 Δαϐὶδ

2699 718 2920 787 κιθάρα
2966 718 3292 790 ἡσύχαζεν.

2216 805 2567 862 Ἐναντίωσιν
2594 802 2695 864 ὧδε
2727 811 3056 881 πνευμάτων
3097 813 3286 882 βλέπε,

2202 899 2278 952 Τὸ
2306 900 2406 968 μὲν
2434 902 2724 972 προφήτην
2751 902 2845 956 τὸν
2874 903 2976 966 Κὶς
3000 905 3115 957 υίδν
3140 905 3398 972 δεικνύει,

2201 991 2275 1044 Τὸ
2297 991 2340 1043 δ’
2365 992 2525 1047 αὑτὸν
2557 995 2739 1065 ἄγχει,
2781 997 2871 1049 καὶ
2903 996 3106 1066 πιέζει,
3135 1000 3227 1052 καὶ
3260 1001 3465 1069 πνίγει.

2199 1083 2294 1155 Μὴ
2317 1083 2412 1138 τοῦ
2442 1085 2746 1154 πνίγοντος,
2779 1082 2824 1142 ὧ
2863 1089 3057 1162 Τριάς,
3103 1094 3299 1163 πεῖραν
3331 1093 3503 1150 λάϐω.

2769 1179 2878 1244 Εἰς
2933 1179 3001 1233 τὸ
3049 1181 3219 1237 αὐτό.

2199 1264 2428 1337 Πνεῦμα
2465 1267 2853 1340 θεηγορέοντος
2884 1271 3172 1327 ἀπέπτατο
3209 1275 3272 1328 ἐκ
3313 1250 3424 1346 σξο,
3449 1278 3646 1345 Σαοὺλ,

2199 1355 2414 1411 Οῦνεκα
2445 1361 2856 1430 παμμεδέοντος
2890 1364 3088 1435 ὲλήσαο
3117 1367 3452 1424 συνθεσιάων
3479 1387 3493 1401 ο

2197 1447 2425 1519 Πνεῦμα
2463 1449 2520 1503 δέ
2543 1467 2628 1504 τοι
2659 1453 2864 1525 κακίης
2893 1456 3260 1524 μεταέπτατο,
3289 1463 3384 1513 καί
3423 1479 3480 1514 σε
3521 1463 3788 1536 ἀπάγχει,

2196 1543 2306 1598 Καὶ
2331 1545 2472 1616 τάχα
2504 1547 2599 1600 κέν
2633 1565 2692 1600 σε
2731 1549 2886 1612 τέλος
2918 1551 3083 1604 Δασὶδ
3110 1552 3367 1619 animi?
3396 1557 3680 1622 ἀπεόντος.

2586 1641 2691 1706 Εις
2726 1639 2839 1708 τὴν
2869 1643 3119 1712 σφαγὴν
3146 1645 3392 1701 Γολιὰθ.

2195 1729 2362 1784 Δαὸὶδ
2391 1732 2419 1784 ὁ
2451 1732 2657 1803 ποιμὴν
2697 1734 2726 1787 ὁ
2761 1733 2968 1804 βραχὺς
3007 1737 3150 1790 κατά
3175 1737 3370 1809 χρόνον

2119 1796 2167 1858 Β
2196 1821 2415 1876 Κτείνει
2442 1796 2638 1878 Γολιάθ
2672 1796 2772 1879 τὸν.
2787 1796 3019 1896 γίγαντα
3051 1830 3140 1883 τὸν
3175 1796 3374 1900 μεγαν,

2196 1917 2299 1970 Τὸν
2333 1916 2560 1987 ὁπλίτην
2584 1919 2809 1988 ἄοπλος,
2842 1919 2900 1985 ἐξ
2929 1922 3048 1984 ἐνὸς
3077 1922 3225 1977 λίθου
3252 1941 3270 1958 ο

2193 2010 2284 2081 Τῷ
2311 2010 2356 2064 δ’
2379 2011 2597 2082 Ἰσραὴλ
2623 2012 2885 2084 καύχημα
2915 2017 3164 2084 γίγνεται
3198 2017 3366 2089 μέγα.

2758 2107 2864 2173 Εις
2895 2106 2964 2161 τὸ
3002 2109 3175 2164 αὐτό.

502 2196 608 2260 Εἰς
622 2191 1008 2263 Δαϐὶδμόνον
1023 2189 1145 2270 τῷν
1169 2189 1453 2270 ἀδελςξῶγ
1479 2190 1670 2245 αὐτοῦ
1693 2189 2093 2259 προκριθέντα
2191 2193 2476 2266 Βάρσαρος
2503 2166 2856 2265 ἀλλοφύλοισι
2883 2201 3210 2270 προέσσυτο,
3242 2203 3307 2257 ἐκ
3338 2203 3394 2257 δὲ
3429 2204 3648 2260 καλεῖτο
3667 2166 3692 2189 θ

1047 2265 1135 2328 εις
1169 2263 1522 2326 βασιλείαν.

499 2356 657 2427 Χρίει
694 2354 950 2426 Σαμουὴλ
981 2355 1071 2408 τὸν
1101 2354 1264 2408 Δαϐὶδ
1304 2355 1556 2425 βασιλέα,

500 2448 606 2502 Καὶ
646 2447 872 2517 Πνεῦμα
897 2445 976 2518 τῷ
1007 2447 1286 2517 χρισθέντι
1329 2447 1524 2502 σεπτὸν
1555 2445 1876 2517 προσπνέει,

501 2541 678 2594 Σαοὺλ
713 2540 957 2594 ἀποστὰν
997 2539 1037 2611 -ι-
1065 2537 1160 2592 τοῦ
1204 2539 1657 2610 κεκατηραμένου
1678 2555 1692 2568 ·

500 2634 674 2688 Αὑτὸν
700 2632 757 2686 δὲ
793 2631 996 2703 μᾶλλον
1033 2631 1236 2702 μιαρὸν
1272 2632 1494 2700 πνεῦμα
1529 2629 1735 2700 πνίγει.

1066 2725 1172 2788 Εἰς
1220 2723 1286 2777 τὸ
1342 2725 1512 2778 αὐτό.

497 2819 574 2872 Οὐ
608 2816 836 2890 μέγεθός
860 2835 941 2881 τε,
974 2817 1064 2888 βίη
1087 2834 1168 2881 τε,
1209 2817 1318 2888 φυή
1361 2817 1408 2868 τ’
1435 2814 1639 2884 ἀγαθόν
1673 2831 1732 2869 τε
1769 2815 2083 2886 πρόσωπον,

497 2911 633 2965 Οὐδὲ
661 2910 1002 2982 πρωτοτοκίη
1034 2911 1232 2982 ἀρείων
1264 2909 1549 2980 ὀψιτοκίης

500 3051 725 3106 numine
768 3051 1051 3105 universas
1085 3049 1136 3102 in
1166 3049 1345 3118 fugam
1395 3047 1595 3112 vertit;
1639 3046 1853 3101 tametsi
1911 3045 2085 3101 mellis

2204 2285 2400 2356 Ἀνέρα
2433 2289 2782 2359 μουνομάχον
2799 2281 2871 2342 ἒῦ
2903 2291 3083 2346 εἰδότα
3115 2292 3417 2364 δηϊοτῆτος,

2190 2375 2390 2446 Θαῦμα
2431 2378 2475 2432 δ’
2509 2379 2712 2433 ἰδέσθαι
2743 2380 2840 2450 ἔην
2861 2398 2874 2412 ·
2925 2383 3122 2453 μικρὸς
3163 2383 3220 2437 δέ
3267 2403 3360 2457 μιν
3390 2384 3559 2439 ὤλεσε
3590 2388 3779 2453 Δαόίδ,

2189 2469 2302 2522 Καί
2333 2469 2382 2522 οἱ
2411 2471 2438 2522 ὁ
2469 2469 2691 2540 βληθεὶς
2720 2473 2868 2525 κεῖτο
2915 2473 3091 2542 μέγας
3125 2477 3438 2544 μεγαλωστὶ
3464 2479 3778 2543 τανυσθείς.

2369 2561 2480 2625 Εἰς
2511 2560 2630 2628 τὴν
2658 2561 2905 2630 ἀγάπην
2934 2565 3114 2618 Δαόιδ
3144 2567 3246 2620 καὶ
3287 2569 3596 2626 Ἰωνάθαν.

2187 2647 2299 2718 Τῆς
2329 2649 2542 2721 ἀγαθῆς
2577 2668 2670 2704 σου
2706 2654 2938 2723 καρδίας
2985 2655 3275 2714 Ἰωνάθανι

2187 2741 2293 2796 Τὸν
2324 2745 2492 2797 παῖδα
2516 2746 2683 2799 Δαὸὶδ
2715 2742 2854 2811 ε’ίδες
2879 2748 3267 2819 ἠριστευκότα,

2187 2835 2301 2888 Καὶ
2327 2837 2480 2904 φίλον
2522 2839 2689 2893 αὐτὸν
2724 2839 2886 2910 ἔσχες
2913 2843 3050 2914 αὐτῇ
3087 2845 3152 2914 τῇ
3190 2843 3311 2914 θέᾳ,

2188 2925 2314 2990 Υἱὸς
2345 2927 2580 2993 ἄνακτος
2622 2930 2714 2985 τὸν
2756 2932 3014 2987 ταπεινὸν
3045 2934 3304 3004 ποιμένα.

2187 3066 2436 3122 allectum
2464 3077 2778 3136 scrutatur;
2817 3071 2991 3140 adiice
3021 3069 3212 3126 oculos
3235 3070 3288 3124 in
3314 3069 3568 3128 Davidetn
3587 3089 3770 3146 regem

493 3161 591 3201 esu
618 3143 961 3199 amarissimo
999 3157 1141 3196 nunc
1168 3139 1221 3194 in
1259 3140 1449 3195 mortis
1475 3135 1758 3209 procinctu
1799 3147 2069 3195 versatur.
2101 3140 2148 3200 Ο
2181 3157 2468 3226 pascendis
2493 3160 2746 3230 gregibus
2767 3135 3199 3217 incumbentem,

1177 3251 1246 3306 In
1279 3253 1435 3309 idem.

557 3349 659 3417 Qui
691 3348 860 3403 leonis
891 3346 1063 3400 instar
1094 3346 1146 3400 in
1177 3345 1321 3414 ipsos
1353 3353 1642 3400 extraneos
1698 3345 1960 3422 audenter
2004 3345 2080 3399 ir-

494 3443 621 3510 ruit,
653 3439 934 3504 Jonathas,
967 3451 1110 3490 nunc
1149 3435 1334 3491 infelix
1365 3435 1420 3490 in
1455 3435 1626 3507 ipsius
1654 3438 1848 3492 mortis
1881 3436 2077 3491 discri-

495 3549 616 3587 men
648 3532 900 3594 incurrit,
932 3531 1074 3598 quod
1108 3543 1218 3596 pra:
1263 3528 1444 3583 inedia
1489 3527 1594 3584 mel
1648 3529 1968 3595 esitaverit;
2045 3543 2079 3584 ο

495 3625 602 3679 mel
633 3623 790 3690 longe
815 3619 1222 3676 acerbissimum
1250 3619 1263 3671 l
1301 3633 1402 3674 nec
1433 3619 1480 3674 ei
1507 3620 1827 3688 opitulatum
1852 3619 1950 3674 ivit
1977 3634 2076 3689 pa-

495 3725 598 3782 ter,
638 3714 732 3770 sed
765 3714 834 3768 ab
861 3713 1108 3768 universa
1141 3711 1485 3768 multitudine
1517 3711 1774 3767 liberatus
1805 3721 1910 3768 est.

493 3827 561 3882 1η
593 3827 787 3882 aedem
822 3825 970 3896 Agag
993 3865 1006 3890 ,
1037 3826 1127 3895 qui
1140 3835 1392 3897 servatus
1423 3842 1455 3878 a
1496 3823 1678 3889 Saule,
1707 3834 1891 3880 contra
1911 3842 2074 3896 quant

617 3899 755 3953 Deus
773 3895 1029 3967 jusserat,
1061 3914 1091 3949 a
1121 3895 1363 3950 Samuele
1393 3898 1572 3966 gladio
1607 3907 1894 3950 mactatur.

561 4013 804 4069 Tametsi
839 4027 1030 4067 manus
1072 4010 1251 4066 Saulis
1289 4011 1601 4076 evitaveris,
1650 4011 1818 4081 Agag,
1856 4012 2072 4068 Amale-

492 4109 727 4165 citarum
763 4121 854 4161 rex
900 4119 1159 4175 perquam
1219 4099 1510 4175 ﬂagitiose;
1565 4115 1742 4158 tamen
1805 4104 2073 4160 Samuelis

491 4201 726 4269 gladium
759 4199 990 4253 evadere
1025 4213 1131 4251 non
1166 4207 1342 4267 potes,
1405 4197 1500 4252 sed
1566 4197 1921 4266 interemptus
1975 4196 2072 4251 fati

489 4292 844 4347 acerbitatem
871 4289 1092 4344 senties.
1128 4291 1144 4303 '

974 4368 980 4373 ’
1168 4381 1226 4440 In
1255 4382 1414 4436 idem.

567 4475 839 4544 Quorsum
893 4473 1072 4543 magni
1126 4475 1364 4527 numinis

491 4568 666 4624 Saul?
696 4566 1050 4620 Amalecitem
1081 4575 1341 4634 praeterea
1369 4581 1546 4635 regem
1578 4574 1782 4621 tutatus
1812 4565 1931 4636 ejus
1959 4580 2065 4621 non

490 4660 828 4717 obtruncasti
887 4659 1179 4714 cervices?
1241 4667 1393 4714 tuum
1448 4673 1613 4728 porro
1663 4659 1936 4713 truncabit
2005 4672 2070 4714 ac

489 4754 697 4810 scindet
744 4751 1027 4822 imperium
1055 4751 1221 4818 Deus,
1248 4762 1303 4809 et
1334 4766 1365 4805 a
1394 4750 1648 4807 Samuele
1689 4751 1840 4821 Agag
1875 4751 2068 4806 interi-

489 4860 684 4901 metur.

487 4961 566 5015 De
627 4960 847 5026 Davide,
899 4958 1010 5014 solo
1043 4975 1157 5030 pra:
1185 4959 1386 5082 afueris
1440 4958 1698 5026 fratribus
1754 4961 1810 5013 in
1849 4975 2065 5030 regnum

1197 5047 1222 5082 ε
1247 5043 1381 5082 eclo.

1197 5043 1381 5084 electo.

555 5124 813 5180 Davidem
852 5122 1072 5177 Szﬁnuel
1105 5123 1156 5176 in
1183 5137 1360 5190 regem
1403 5121 1632 5191 inungit,
1666 5133 1722 5177 et
1746 5133 1910 5178 uncto
1945 5139 2065 5179 san-

485 5217 555 5270 cti
594 5214 829 5284 Spiritus
856 5215 1060 5283 aspirat
1123 5215 1319 5282 gratia,
1361 5228 1481 5283 qum
1519 5216 1587 5268 ab
1623 5217 2063 5270 exsecratissimo

486 5306 650 5360 Saule
673 5305 920 5368 discedit,
945 5319 1103 5374 quem
1132 5305 1351 5373 spiritus
1407 5319 1638 5372 nequam
1693 5315 1841 5362 tanto
1897 5309 2063 5364 vehe-

484 5398 715 5452 mentius
740 5398 997 5464 exagitat.

1156 5501 1219 5556 In
1249 5503 1404 5559 idem.

555 5592 739 5664 Neque
765 5595 1068 5665 granditas,
1095 5596 1278 5662 rolmr,
1308 5597 1601 5667 ingenium,
1637 5601 1812 5656 vultus
1843 5603 2060 5674 elegan-

483 5684 578 5748 tia,
606 5700 777 5754 neque
803 5687 1123 5757 primigenia
1155 5688 1534 5757 spcctabiliora
1567 5701 1691 5744 sunt
1727 5695 2054 5751 tardioribus

487 5773 752 5831 natalibus
785 5791 967 5831 coram
1018 5777 1148 5846 Deo,
1182 5779 1273 5849 qui
1327 5794 1431 5835 non
1465 5795 1679 5853 corpus,
1726 5785 1818 5840 sed
1879 5787 2057 5844 cordis

2184 3247 2263 3303 De
2301 3249 2489 3318 spiritu
2531 3267 2755 3327 nequam
2790 3248 3004 3327 Sculem
3032 3256 3352 3327 exagitante,
3412 3257 3504 3327 qui
3548 3256 3770 3312 Davidis

2604 3325 2813 3375 cithara
2842 3323 3301 3393 interquiescebat.

2253 3405 2354 3463 llic
2382 3409 2692 3471 discrimen.
2727 3419 2780 3463 et
2808 3408 3132 3467 discordiam
3165 3415 3450 3483 spirituum
3490 3415 3716 3472 observa
3747 3431 3765 3470 :

2182 3497 2318 3552 alter
2348 3497 2440 3554 Cis
2475 3498 2640 3552 ﬁlium
2673 3498 2889 3554 Saulem
2923 3502 3245 3573 pr0pbetam
3297 3505 3556 3572 declarat,
3593 3506 3661 3560 ab
3685 3505 3767 3561 al-

2182 3598 2300 3644 tero
2347 3591 2414 3645 ad
2463 3591 2741 3660 angustias
2782 3607 2954 3663 usque
2985 3617 2994 3624 -
3025 3605 3252 3651 vexatur
3293 3612 3358 3652 ac
3403 3600 3692 3668 premitur.
3721 3597 3767 3653 Ο

2180 3679 2448 3738 Trinitas!
2487 3698 2761 3754 nunquam
2815 3688 3146 3756 exagitantis
3193 3691 3417 3761 spiritus
3459 3691 3764 3761 periculum

2179 3769 2401 3827 faciam.

2831 3865 2898 3920 In
2932 3868 3090 3924 idem.

2248 3952 2479 4022 Spiritus
2503 3955 2796 4025 prophetia:
2820 3971 2850 4011 a
2880 3967 2932 4014 te
2958 3959 3211 4027 evolavit,
3247 3974 3280 4015 o
3309 3959 3461 4029 Saul,
3494 3961 3761 4017 foederum

2174 4043 2271 4099 Dei
2313 4045 2419 4101 late
2450 4049 2727 4117 regnantis
2760 4049 2954 4116 oblito,
3005 4059 3167 4120 teque
3197 4051 3426 4106 subinde
3455 4052 3762 4121 malignita-

2177 4137 2247 4191 tis
2272 4138 2494 4207 spiritus
2524 4137 2744 4206 invasit,
2768 4141 2861 4211 qui
2895 4152 2948 4196 te
2984 4140 3238 4210 denique,
3291 4143 3518 4199 absente
3566 4145 3759 4207 David.

2175 4230 2436 4286 subitario
2461 4229 2598 4285 forte
2623 4231 2825 4300 impetu
2859 4232 3218 4290 suil‘ocaturus
3248 4245 3352 4290 est.

2529 4323 2595 4378 In
2631 4323 2796 4380 Golia:
2817 4327 3294 4382 obtruncationem.

2246 4415 2415 4470 David
2452 4416 2637 4486 upilio,
2681 4432 2778 4487 per
2803 4428 3029 4491 .attatem
3079 4420 3306 4490 pusillus
3367 4436 3613 4492 corpore,
3651 4422 3762 4479 Go-

1417 4472 1669 4582 ma"d_alf‘
1698 4473 2065 4582 ξοδείέίδιῆο
2097 4491 2141 4546 θ
2172 4505 2255 4562 liae
2289 4472 2514 4578 procero
2540 4472 2744 4578 giganti
2776 4485 3004 4564 mortem
3039 4472 3222 4576 initert,
3247 4472 3757 4582 inermisr‘armato;

2170 4597 2332 4672 idque
2403 4599 2562 4654 unius
2618 4598 2811 4668 lapidis
2871 4601 3188 4668 emissione,
3225 4605 3370 4658 unde
3422 4604 3758 4662 incredibilis

2166 4673 2382 4742 lSraelis
2411 4687 2703 4744 hilaritudo
2732 4699 2918 4745 exorta
2946 4703 3050 4746 est.

2872 4781 2902 4834 1
2909 4799 2942 4836 η
2966 4784 3123 4839 idem.

2235 4868 2374 4924 Ante
2397 4868 2795 4927 Philistteorum
2865 4891 3066 4931 cuneos
3132 4877 3420 4946 prosiliens
3466 4879 3757 4949 barbarus,

2165 4962 2496 5030 provocabat
2529 4963 2594 5015 ad
2623 4963 2898 5034 singulare
2926 4977 3200 5022 certamen
3235 4969 3408 5023 virum
3468 4972 3612 5026 bello
3675 4976 3758 5026 iu-

2165 5053 2612 5119 suuctissimum,
2641 5057 2734 5125 qui
2767 5057 2880 5112 visu
2914 5060 3130 5128 quidem
3164 5063 3446 5118 horribilis
3475 5075 3616 5128 erat,
3654 5069 3752 5121 sud

2164 5146 2233 5201 ab
2259 5146 2386 5201 exili
2429 5146 2627 5202 Davide
2655 5161 2955 5218 prosuatus
2981 5162 3085 5218 est,
3108 5168 3137 5206 a
3159 5169 3267 5225 quo
3299 5171 3590 5225 percussus
3621 5159 3746 5224 iste,

2164 5246 2218 5293 et
2255 5245 2512 5292 extensus
2549 5239 2872 5294 immensum
2911 5250 3068 5298 terra?
3096 5245 3330 5313 spatium
3358 5248 3654 5302 sternebat.

2407 5328 2482 5382 De
2513 5343 2692 5384 mutuo
2729 5331 2944 5387 Davidis
2975 5345 3022 5388 et
3051 5333 3301 5392 Jonatlta:
3333 5353 3530 5391 amore.

2237 5419 2282 5475 Ο
2310 5437 2468 5491 quam
2499 5423 2708 5490 prolixa
2733 5435 2814 5479 εει
2837 5426 2911 5480 tui
2953 5429 3117 5482 animi
3169 5430 3492 5501 benignitas,
3529 5447 3561 5486 ο
3583 5431 3750 5489 Jona-

2164 5513 2253 5566 tlta
2278 5530 2292 5580 ;
2319 5515 2653 5583 exploratum
2688 5517 2855 5572 habes
2884 5533 3106 5587 puerum
3139 5519 3394 5578 Davidem
3423 5525 3661 5592 perbelle
3686 5541 3746 5580 sc

2163 5605 2417 5676 gessisse,
2463 5622 2692 5676 eumque
2729 5621 3019 5678 propterea
3057 5626 3180 5666 cum
3245 5617 3477 5682 primum
3531 5618 3739 5681 vidisn,

2162 5698 2394 5754 habuisti
2437 5699 2488 5754 in
2546 5699 2775 5765 intimis,
2819 5701 3177 5760 humillimum
3237 5715 3530 5776 pastorem,
3564 5712 3745 5778 proles

2161 5807 2322 5854 regia.
