4050 6394
242 324 373 390 1153

789 443 896 508 Εἰς
934 441 1000 493 τὸ
1039 439 1209 496 αὐτό.

237 532 347 586 Οὐκ
374 531 478 601 ἄρα
506 529 696 595 ἐσθλὸς
726 531 864 602 ἀνὴρ
900 531 1127 602 φλαύρῳ
1151 531 1500 600 ἐπιμίσγεται
1523 527 1700 598 ἀνδρὶ,

250 623 451 693 Ἐσθλῷ
477 623 522 677 δ’
547 623 736 686 ἐσθλὸς
769 623 936 685 ἔοικε,
963 623 1117 693 κακῷ
1146 639 1204 675 τε
1240 621 1432 684 κακὸς,
1463 620 1615 688 φίλος
1643 614 1806 672 εἶναι.

236 710 309 767 τΗ
342 713 382 784 1-
414 715 573 784 βλέπε
601 716 750 767 τόνδε
780 715 1036 784 φέριστον
1076 715 1354 777 Ἰωνάοαν,
1394 711 1516 764 υἱέα
1546 709 1739 776 Σαοὺλ,
1782 731 1810 757 »_-

237 808 398 862 Aa6l6
425 807 557 876 τῷδε
608 806 852 879 φερίστῳ
889 806 1040 877 ὁμῶς
1138 805 1382 876 φιλότητι
1418 806 1665 874 μιγέντα.

236 925 338 987 Εἰς
376 921 551 976 Δαϐίδ
573 921 1108 989 λαϐόντα-Μελχὸλ
1143 919 1259 986 τὴν
1287 917 1580 989 θυγατέρα
1603 914 1812 989 ,Σαοὺλ

253 1028 272 1036 -
306 986 582 1062 γυναῖκα,
614 993 757 1046 ἀνθ’
787 986 858 1046 οὖ
891 986 1110 1058 ἤνεγκε
1155 991 1305 1058 πρὸς
1339 986 1543 1043 Σαοὺλ
1589 986 1812 1040 ἑκατὸν

313 1064 720 1130 ἀκροϐυστίας
745 1062 1138 1128 ἀλλοφύλων.

240 1157 428 1224 Ἀγεις
454 1154 650 1208 ἑκατὸν
675 1155 841 1207 Δαϐὶδ
876 1152 1246 1222 ἀκροϐυστίας

236 1247 326 1318 Τῷ
353 1246 433 1318 σῷ
463 1245 695 1316 βασιλεῖ,
727 1245 1074 1315 συμπλακεὶς
1108 1245 1220 1307 τοῖς
1254 1243 1575 1314 βαρϐάροις,

234 1341 343 1394 Kal
374 1338 475 1409 τὴν
503 1338 718 1392 ἐκείνου
751 1337 1041 1407 παγκάλην
1077 1336 1354 1406 θυγατέρα

235 1431 346 1503 Τὴν
376 1430 540 1483 παῖδα
565 1428 778 1498 Μελχδλ
806 1432 887 1491 εἰς
911 1430 1146 1496 γυναῖκα
1179 1427 1495 1498 λαμϐάνεις.

807 1545 912 1608 Eli;
963 1542 1029 1595 τὸ
1073 1541 1245 1595 αὑτό.

233 1633 451 1702 Μελχδλ
483 1631 891 1704 ἀριστοπόσεια,
931 1630 1102 1683 Σαοὺλ
1136 1628 1390 1701 θυγάτηρ
1423 1628 1699 1700 βασιλῆος,

244 1726 332 1788 Ὠς
367 1727 479 1796 ἄρα
514 1727 622 1780 σῶν
653 1725 852 1794 λεχέων
889 1723 1218 1793 ἑπιϐήμενον
1246 1721 1405 1793 εὕρεο
1435 1723 1605 1793 ἄνδρα

237 1818 427 1886 Πάγχυ
459 1817 580 1870 τεοῦ
610 1818 830 1885 γενέτου
861 1815 1265 1886 βασιλεύτερον.
1297 1815 1484 1886 Αὐτὰρ
1508 1816 1695 1869 ἅπασα

234 1909 520 1982 Θηλυτέρη
551 1925 609 1960 σε
640 1907 854 1978 τὲΟηφ’,
884 1907 990 1961 ὑπὸ
1009 1905 1053 1959 δ’
1081 1906 1304 1977 ὄμματα
1338 1905 1582 1976 βάσκανα
1610 1905 1812 1976 βάλλει.

407 2025 521 2088 Ε’ίς
560 2022 666 2076 τὸν
703 2022 932 2092 φθόνον
961 2024 1159 2076 Σαοὺλ
1184 2024 1292 2075 τὸν
1319 2023 1409 2086 εἰς
1433 2019 1638 2075 Δαϐίδ.

233 2112 299 2168 Τί
333 2113 443 2186 γὰρ
477 2113 871 2184 παροινήσαντι
906 2111 983 2183 τῷ
1009 2111 1198 2179 Δαϐὶδ,
1235 2111 1361 2180 λέγε

232 2204 405 2258 Σαοὺλ
458 2205 684 2276 πονηρὲ,
718 2204 1097 2276 δυσμεναίνεις
1133 2205 1422 2274 κρυφίως;

232 2297 342 2348 Καὶ
373 2295 558 2348 ταῦτα
585 2294 824 2366 γαμϐρῷ
853 2297 1174 2365 τυγχάνοντι
1207 2296 1438 2367 γνησίῳ,

231 2387 338 2440 Καὶ
378 2385 483 2440 τοῦ
511 2384 683 2439 κακοῦ
714 2402 772 2438 σε
801 2387 1116 2456 πνεύματος
1144 2386 1517 2458 λυτρουμένῳ.

812 2501 910 2564 El;
947 2497 1014 2551 τὸ
1045 2499 1217 2552 αὐτό.

233 2589 420 2656 Τίπτε,
447 2588 622 2642 Σαοὺλ
647 2591 945 2660 κακόμητι,
985 2591 1154 2644 κακὸν
1185 2590 1350 2662 κάρα,
1383 2593 1581 2648 δύσθεα
1609 2596 1819 2665 ρἑειςς

234 2681 404 2734 Τίπτε
438 2679 651 2751 λυγρὴν
675 2681 1003 2752 πραπίδεσσι
1031 2684 1160 2753 τεῇς
1187 2687 1313 2751 πέρι
1347 2685 1508 2754 μῆτιν
1542 2685 1819 2754 ὑφαίνεις,

234 2773 400 2827 Δαϐὶδ
429 2775 787 2827 ἀποκτενέειν
820 2771 1048 2844 μεμαὼς
1075 2776 1165 2827 τὸν
1193 2775 1438 2845 ὁμόζυγα
1465 2777 1711 2848 Μελχόλ;

239 2863 313 2920 Οῡ
347 2882 443 2939 μιν
472 2863 849 2930 ἀποκτενέεις,
880 2864 1002 2918 ἐπεὶ
1032 2863 1093 2918 οὗ
1128 2881 1211 2918 τοι
1247 2866 1510 2936 μόρσιμός
1546 2868 1713 2922 ἐστιν.

892 3037 960 3092 In
994 3038 1151 3095 idem.

300 3130 596 3201 Nunquam
636 3144 758 3185 cum
792 3127 1058 3199 ﬂagitioso
1093 3130 1176 3184 vir
1212 3130 1470 3185 honestus
1495 3133 1812 3188 societatem
1843 3123 1887 3182 (ἒ

236 3222 415 3288 inibit,
461 3223 561 3278 sed
593 3223 879 3276 honestum
910 3223 1155 3284 honesto,
1183 3223 1383 3276 malum
1416 3223 1556 3278 malo
1586 3226 1817 3279 amicum

237 3328 354 3369 esse
410 3313 684 3377 addecet;
741 3313 1016 3367 enimvero
1084 3310 1263 3368 Saulis
1332 3314 1498 3368 (ilium
1555 3318 1818 3383 optimum

236 3403 508 3460 Jonathan
554 3404 673 3457 vide
704 3418 828 3458 cum
864 3403 1067 3473 optimo
1124 3403 1324 3460 Davide
1375 3405 1630 3460 amicitia:
1678 3421 1818 3460 nexu

237 3497 697 3568 conglutinatum.

238 3608 314 3663 De
347 3609 548 3663 Doride
577 3608 632 3662 in
667 3623 881 3678 uxorem
917 3607 1203 3676 accipiente
1229 3608 1427 3662 Hic/toi
1453 3607 1634 3664 Saulis
1650 3610 1822 3678 ﬁliam

307 3697 402 3802 ιρι-ρ
423 3695 532 3748 qua
569 3687 776 3732 centum
810 3676 1203 3759 Philistworunt
1255 3682 1515 3748 progatio
1546 3676 1704 3734 Sauli
1736 3691 1821 3734 at-

308 3763 360 3802 tu
389 3761 446 3802 tt.

303 3840 540 3897 Centum
572 3839 732 3895 affers
763 3843 1041 3910 prteputia,
1079 3858 1110 3898 ο
1144 3842 1332 3906 David,
1363 3839 1511 3896 Sauli
1543 3843 1654 3913 regi
1703 3851 1818 3909 tuo,

237 3943 356 4002 post
382 3946 579 3987 manus
605 3947 728 3986 cum
772 3934 1015 3988 barbaris
1047 3948 1305 4002 generose
1335 3947 1634 3993 consertas.
1670 3935 1818 4006 ejus-

238 4040 340 4094 que
389 4040 654 4094 perquam
694 4026 994 4094 speciosam
1029 4025 1190 4080 liliam
1222 4025 1454 4096 puellam
1492 4025 1684 4081 Michol
1752 4028 1810 4082 in

239 4133 460 4173 uxorem
505 4117 730 4185 accipis.

878 4209 947 4266 In
973 4211 1129 4266 idem.

313 4301 357 4358 Ο
388 4301 618 4367 Michol,
648 4301 910 4372 optimum
945 4315 1102 4357 nacta
1125 4303 1402 4371 maritum,
1459 4303 1641 4360 Saulis
1673 4302 1818 4373 regis
1917 4347 1920 4349 Α

216 4377 370 4462 Ὶίιὶο,
410 4412 578 4467 quam
614 4395 666 4448 in
703 4395 924 4449 thalami
950 4395 1026 4450 tui
1062 4405 1367 4451 consortem
1400 4398 1576 4452 virum
1611 4397 1813 4453 incidi-

244 4486 306 4539 sti
346 4497 438 4542 tuo
480 4486 706 4540 omnino
737 4493 959 4553 parente
985 4486 1394 4570 augustiorem;
1432 4501 1594 4554 porro
1619 4497 1671 4541 te
1699 4486 1820 4541 uni-
1853 4469 1862 4524 Ῑ

1997 4456 2330 4520 Abimelech,
2375 4454 2630 4509 Davidem
2670 4452 3026 4508 amicabiliter
3051 4452 3164 4506 exci

1928 4563 1953 4570 -
1991 4546 2122 4570 f,.-:-
2149 4546 2327 4570 E---I:-
2379 4545 2498 4570 1⁵η..-
2540 4559 2596 4570 ..Α
2640 4543 3022 4570 η-,ικε-ιεη..ι.ο.ηιι
3053 4561 3065 4570 .
3097 4558 3158 4570 ...Α

246 4589 430 4632 versus
461 4575 751 4630 mulierum
800 4589 965 4631 sexus
1006 4575 1326 4642 demiratur,
1389 4587 1549 4645 teque
1608 4577 1823 4642 videns,

246 4669 575 4724 subinvidet.

591 4778 664 4834 De
685 4777 866 4834 Saulis
899 4781 1016 4834 odio
1045 4780 1102 4834 in
1130 4778 1404 4836 Doridem.

316 4896 453 4962 Quid
488 4899 636 4952 enim
664 4895 964 4966 petulanter
999 4893 1111 4962 egit
1143 4893 1331 4958 David,
1366 4892 1536 4948 citare
1581 4891 1814 4964 ﬂagitio-

249 4985 460 5044 sissime
487 4988 640 5053 Saul,
678 4997 733 5044 ut
757 4987 834 5042 illi
870 4986 1099 5040 latenter
1124 4983 1457 5040 inimiceris?
1492 4983 1674 5054 idque,
1701 4997 1825 5038 cum

251 5090 371 5134 tuus
405 5084 479 5137 sit
527 5083 796 5152 legitimus
829 5095 1016 5149 gener,
1056 5095 1087 5134 a
1139 5093 1248 5150 quo
1298 5080 1527 5149 spiritus
1577 5091 1811 5148 nequam

250 5175 530 5230 uexatione
557 5174 816 5230 liberatus
844 5187 926 5227 es.

845 5285 907 5341 1η
941 5285 1098 5338 idem.

318 5377 609 5446 Quorsum,
642 5393 674 5433 ο
718 5377 860 5432 male
890 5378 1132 5432 consulte
1163 5377 1316 5442 Saul,
1373 5371 1534 5446 impia
1568 5383 1773 5447 patras,
1797 5388 1830 5431 ο

251 5469 452 5522 malum
490 5469 689 5538 caput?
713 5483 968 5537 quorsum
1023 5467 1325 5535 perniciosa
1393 5477 1576 5521 mente
1607 5464 1829 5520 consilia

251 5559 490 5626 ordiris,
530 5575 650 5615 cum
689 5559 944 5616 David'em
980 5563 1234 5616 maritum
1269 5556 1468 5612 Micltol
1521 5555 1588 5610 de
1643 5555 1820 5611 medio

254 5649 436 5705 tollere
469 5653 712 5723 satagis?
734 5654 797 5708 Ei
831 5653 994 5708 vitam
1021 5667 1130 5709 non
1163 5651 1392 5720 adimes,
1407 5651 1564 5721 cujus
1587 5652 1829 5704 nondum

256 5739 429 5798 fatalis
463 5753 545 5800 est
581 5747 736 5802 hora.

1110 321 1642 387 TETRASTICHA
1678 319 1760 381 IN
1801 321 2044 382 VETUS
2080 319 2680 383 TESTAMENTUM.

3347 318 3486 386 1154

1839 447 1882 496 Α
1916 436 2016 500 Εἰς
2049 434 2228 488 Δαϐιδ
2262 435 2563 504 φεύγοντα
2604 439 2675 488 ἐκ
2714 433 3043 501 προσώπου
3088 429 3312 504 Σαοὺλ,
3342 449 3488 502 προ-

2196 503 2557 573 πεμπούσης
2595 505 2783 557 αὺτὸν
2804 504 2912 574 τῆς
2937 503 3207 572 Μελχόλ.

1913 595 2022 649 Nal
2047 595 2186 660 σῶζὲ
2218 613 2312 648 σου
2349 595 2441 648 τὸν
2468 595 2658 665 ἄνδρα,
2696 595 2928 666 Μελχὸλ,
2960 593 3208 659 ἐνδίκως,

1913 687 2118 749 Βουλὰς
2149 687 2204 740 δὲ
2237 688 2439 755 πατρὸς
2470 686 2676 757 ἀκύρου
2720 686 2816 750 τὰς
2847 687 3082 750 ἀδίκους.

1913 780 2016 832 Na‘:
2049 777 2240 847 φεῦγε,
2279 777 2464 844 Δαϐὶδ,
2499 777 2592 830 τοῦ
2628 777 2800 831 Σαοὺλ
2824 778 2921 848 τὴν
2952 777 3171 846 μανίαν,

1917 872 2027 924 Kal
2059 869 2194 939 πρὸς
2228 869 2482 941 Σαμουὴλ
2515 869 2712 922 σπεῦδε
2743 869 2832 922 τὸν
2871 869 3138 940 χρίσαντά
3166 887 3247 924 σε.

2472 962 2576 1026 Εις
2619 960 2687 1014 τὸ
2720 962 2888 1014 αὐτό.

1915 1054 2080 1108 Δαϐὶδ
2106 1054 2178 1109 ὅδ’
2207 1055 2271 1107 ὲκ
2298 1053 2508 1123 θυρίδος
2537 1052 2980 1121 καταπέμπεται,
3008 1052 3066 1105 ἐν
3091 1052 3147 1105 δέ.
3174 1052 3222 1106 οἱ
3247 1046 3384 1126 ἦτορ

1916 1147 2136 1200 πάλλεθ’
2179 1144 2576 1216 ὑποτρομέοντι
2613 1144 2783 1198 Σαοὺλ
2819 1145 2995 1211 κότον,
3027 1143 3161 1197 ἀλλὰ
3186 1145 3276 1197 καὶ
3309 1144 3491 1215 ἔμπης

1915 1239 2141 1308 γούνασι
2168 1235 2618 1310 κραιπνοπόροισι
2661 1235 2804 1306 περᾷ
2844 1235 3047 1300 στίϐον,
3087 1234 3224 1304 ἔργα
3256 1236 3324 1289 τὰ
3349 1235 3494 1289 Μελ-

3285 1323 3420 1399 [χδλ.

1917 1421 2052 1494 Τοίη
2088 1421 2289 1478 ἅπαντι
2323 1421 2508 1492 δάμαρ
2539 1419 2643 1482 ἀνὰ
2673 1418 2806 1485 ξυνὰ
2839 1418 3033 1488 δέμνια
3058 1417 3252 1488 βαίνοι.

1917 1512 2023 1580 Είς
2075 1513 2256 1567 Δαϐίδ
2285 1553 2300 1579 ,
2355 1513 2518 1578 ὅπως
2573 1515 2812 1580 φεύγων
2878 1510 3113 1577 ἄοπλος
3175 1511 3496 1579 ἠπάτησεν

1999 1584 2308 1651 Ἀϐιμέλεχ
2349 1583 2456 1636 τὸν
2494 1583 2675 1650 ἱερέα,
2729 1581 2830 1634 καὶ
2879 1581 3059 1634 ἔλαϐε
3112 1582 3251 1652 παρ’
3305 1583 3494 1638 αὑτοῦ

1989 1653 2177 1722 ἄρτον
2204 1655 2301 1706 καὶ
2335 1652 2534 1721 ξίφος.

1847 1774 1890 1830 Β
1930 1744 2238 1815 Ἀϐιμέλεχ,
2271 1744 2451 1810 δέδεξο
2479 1743 2568 1797 τὸν
2597 1744 2760 1797 Δαϐὶδ
2792 1745 2954 1814 μόνον

1931 1837 2066 1890 Ἀπὸ
2097 1835 2392 1908 προσώπου
2417 1837 2508 1890 τοῦ
2546 1837 2719 1890 Σαοὺλ
2750 1837 3064 1907 πεφευγότα
3085 1849 3100 1865 ⁸

1920 1929 2032 1984 Kal
2061 1929 2150 1992 δὸς
2185 1927 2284 1998 μὲν
2315 1928 2500 1998 ἄρτον,
2541 1929 2627 1992 δὸς
2658 1929 2712 1981 δὲ
2745 1930 2839 1982 καὶ
2872 1929 3068 2000 τέμνον
3105 1928 3274 1997 ξίφος,

1931 2021 2021 2084 Ὧς
2044 2020 2111 2074 ἂν
2141 2019 2333 2090 φαγὼν
2358 2021 2622 2092 χρήσαιτο
2645 2020 2824 2083 καλῶς
2853 2020 2929 2091 τῷ
2958 2020 3121 2089 ξίφει.

2485 2114 2588 2178 Είς
2643 2111 2708 2166 τὸ
2756 2113 2926 2166 αὑτό.

1919 2199 1991 2279 Ὦ
2018 2205 2138 2261 ποτ’
2174 2205 2281 2258 ἀπὸ
2305 2204 2595 2275 πτολέμοιο
2620 2205 2834 2266 νεήλυδι
2857 2209 2956 2268 τὰς
2981 2203 3248 2274 μυριάδας

1920 2295 2258 2366 Παρθενικαὶ
2283 2295 2600 2366 χαρίσαντο,
2640 2293 2814 2346 Σαοὺλ
2836 2294 2892 2346 δέ
2915 2311 2975 2346 τε
3003 2293 3101 2355 τὰς
3123 2293 3387 2364 χιλιάδας,

1920 2384 2044 2450 Dio;
2075 2385 2149 2439 ὅδ’
2187 2386 2312 2456 ἄρτι
2341 2384 2690 2454 πρόσεισιτῷ
2724 2383 3015 2455 Ἀϐιμέλεχ
3047 2385 3208 2454 ίερῆῖ,

1925 2479 2022 2541 Ὃς
2047 2477 2103 2529 δέ
2131 2476 2182 2528 ol
2212 2475 2375 2544 ἄρτον
2403 2475 2592 2542 ἔδωκε,
2619 2475 2710 2530 καὶ
2741 2475 2976 2540 ὀξυόεντ⁹
3001 2477 3291 2547 ἀκινάκην.

1922 2575 2030 2639 Είς
2074 2571 2254 2625 Δαϐὶδ
2288 2571 2638 2640 ,ἐμϐαλόντα
2676 2569 2751 2639 τῇ
2792 2571 2910 2624 Γὲθ
2949 2572 3122 2640 πόλει
3178 2571 3330 2626 κατὰ
3383 2571 3499 2639 τὴν

1993 2638 2219 2712 φυγὴν,
2253 2638 2354 2696 εἶτ’
2390 2641 2521 2712 ἐπεί
2552 2639 2823 2709 ἐγνώσθη
2854 2641 2978 2712 τοῖς
3011 2638 3157 2712 ἐκεῖ,
3194 2638 3499 2709 τρέψαντα

1989 2710 2213 2836 seinter
2265 2715 2355 2776 είς
2419 2710 2781 2779 ἐπίληπτον,
2851 2711 2951 2765 καὶ
3029 2710 3217 2776 οὕτως
3269 2711 3499 2766 ἀπολυ-

2061 2799 2190 2836 ντα.

1920 2873 2162 2944 Φεύγων,
2191 2875 2218 2927 ὁ
2244 2873 2432 2940 Δκϐἱδ,
2463 2877 2530 2945 τῇ
2556 2874 2658 2928 Γὲθ
2682 2872 2971 2943 ἐμϐάλλεις
3003 2872 3179 2928 πόλει.

1925 3046 1992 3102 In
2034 3047 2282 3101 Davidem
2307 3063 2340 3100 a
2369 3045 2506 3115 facie
2537 3043 3128 3115 Saulis_aufugientem,
3157 3041 3429 3110 pra’misso
3452 3043 3502 3098 ei

2436 3115 2620 3168 nuntio
2652 3131 2685 3166 ιι
2714 3113 2765 3166 Μ
2773 3114 2927 3166 icltol.

1995 3231 2068 3287 ita
2106 3245 2238 3286 sane
2277 3229 2531 3282 maritum
2566 3237 2712 3280 tuum
2751 3226 2888 3278 bene
2925 3233 3219 3278 merentem
3250 3230 3495 3291 servato,

1923 3322 2141 3384 Michol,
2169 3333 2224 3376 et
2259 3319 2460 3388 iniusta
2490 3318 2658 3389 patris
2690 3317 2918 3372 consilia
2973 3315 3124 3368 irrita
3182 3312 3367 3378 facito,
3424 3315 3498 3371 ita

1923 3429 2054 3470 sane
2093 3412 2270 3468 Saulis
2295 3410 2662 3478 insipientiam
2693 3407 2892 3472 devita,
2933 3405 3118 3459 David.
3159 3403 3226 3458 Et
3249 3404 3314 3458 ad
3347 3420 3497 3473 eum,

1923 3509 2014 3578 qui
2044 3515 2095 3561 te
2121 3504 2352 3571 inunxit,
2406 3499 2735 3562 Samuelem,
2768 3498 3040 3554 curriculo
3073 3507 3124 3552 te
3153 3494 3362 3554 confer.

2557 3606 2624 3662 In
2657 3607 2816 3664 idem.

1996 3725 2117 3797 ipse
2149 3725 2316 3780 David
2363 3737 2395 3778 ο
2447 3721 2683 3778 fenestra
2737 3720 3062 3786 demittitur,
3107 3721 3266 3792 eique
3315 3728 3504 3791 pectus

1924 3815 2104 3872 Saulis
2171 3813 2334 3870 bilem
2387 3809 2745 3868 subtremeuti
2795 3811 3121 3876 concutit-tr,
3173 3811 3268 3866 sed
3325 3817 3503 3864 tamen

1923 3906 2199 3965 citiSsimis
2240 3905 2462 3973 pedibus
2496 3903 2637 3956 viam
2673 3902 2953 3966 decurrit;
2992 3903 3134 3969 quod
3190 3915 3356 3969 Opera
3397 3898 3499 3954 Mi—

1922 3998 2046 4055 cbol
2077 4000 2148 4062 ab
2178 4011 2242 4052 eo
2291 3995 2590 4063 praestitum
2617 4009 2632 4057 ;
2658 3993 2920 4059 ejusmodi
2973 3991 3166 4047 mulier
3195 3991 3504 4062 conjugales

1921 4083 2214 4155 unicuique
2247 4085 2512 4140 thalamos
2545 4083 2712 4138 ineat.

1920 4203 2000 4258 De
2033 4200 2250 4262 Davide,
2275 4197 2714 4267 quemadmodum
2745 4195 2956 4249 inermis
2983 4192 3286 4267 aufugiens,
3319 4194 3506 4250 Abime

1993 4272 2138 4350 [echo
2169 4265 2432 4324 sacerdoti
2469 4268 2740 4338 imposuit,
2767 4281 2900 4332 pane
2928 4273 2976 4318 et
3009 4265 3188 4335 gladio
3222 4265 3286 4318 ab
3329 4282 3390 4320 eo
3415 4282 3504 4319 ac-

1991 4354 2169 4409 ceptts.

3173 4466 3258 4521 pe,
3321 4451 3496 4507 solum

1927 4563 1957 4602 a
1989 4546 2124 4602 facie
2148 4546 2328 4602 Saulis
2377 4545 2501 4616 fuga
2539 4559 2597 4599 se
2640 4543 3022 4613 proripientem
3052 4561 3067 4609 ;
3097 4556 3288 4612 panem
3307 4542 3356 4597 ei
3387 4557 3510 4614 por-

1927 4639 2064 4709 rige,
2095 4639 2228 4694 cedo
2271 4649 2328 4694 et
2358 4646 2574 4694 acutum
2610 4635 2868 4706 gladium,
2914 4635 2988 4690 uti
3048 4643 3292 4692 comesto
3345 4650 3506 4706 pane,

1927 4729 2104 4802 gladio
2133 4729 2357 4784 viriliter
2386 4737 2584 4783 utatur.

2639 4839 2706 4893 in
2733 4839 2892 4894 idem.

1999 4960 2101 5026 Cui
2137 4966 2386 5016 recenter
2409 4970 2440 5012 e
2471 4955 2659 5010 militia
2690 4969 2950 5026 regresso-
2977 4951 3163 5008 decem
3193 4950 3360 5006 millia
3390 4951 3506 5005 vir-

1929 5055 2080 5126 gines
2109 5051 2468 5115 indulserant,
2507 5048 2654 5103 Sauli
2693 5063 2822 5102 vero
2862 5045 3027 5108 mille,
3050 5044 3162 5120 jam
3198 5043 3345 5099 solus
3369 5043 3502 5098 Abi-

1929 5146 2228 5204 melechum
2259 5143 2593 5200 sacerdotem
2617 5139 2890 5204 convenit,
2919 5153 2949 5191 a
2972 5151 3078 5205 quo
3098 5149 3258 5204 pane,
3282 5141 3337 5189 et
3373 5149 3503 5189 acu-

1931 5247 1988 5293 to
2013 5252 2143 5292 ense
2179 5237 2407 5291 donatus
2432 5240 2537 5289 est.
3393 5218 3396 5222 ’

1932 5349 2008 5404 De
2043 5347 2238 5401 Doride
2263 5347 2315 5398 in
2339 5346 2600 5398 civitatem
2629 5341 2758 5397 Geth
2785 5342 2925 5394 inter
2951 5337 3255 5407 fugiendum
3273 5336 3508 5405 ingresso

2006 5419 2118 5480 ubi,
2171 5431 2289 5470 cum
2327 5415 2390 5468 ab
2421 5415 2697 5478 Oppidanis
2727 5409 2948 5472 subinde
3004 5408 3300 5480 recognitus
3352 5415 3505 5470 esset,

2003 5479 2130 5541 sein
2154 5485 2341 5554 furiosi
2371 5485 2589 5552 speciem
2611 5481 2931 5544 immutavit,
2958 5492 3121 5547 eaque
3150 5479 3356 5530 ratione
3384 5490 3509 5530 eva-

1997 5561 2087 5612 sit.

2005 5647 2050 5703 ο
2085 5646 2278 5711 David,
2333 5643 2389 5698 in
2425 5642 2694 5696 civitatem
2753 5635 2890 5692 Geth
2940 5633 3198 5706 profugus
3249 5633 3506 5702 incurris,

1936 5739 2030 5798 sed
2062 5738 2273 5806 agnitus
2307 5731 2680 5792 atrabilarium
2711 5729 2979 5786 furentem
3023 5727 3272 5796 simulas,
3297 5739 3507 5781 necnon
