4050 6400
461 315 596 382 Η59

1014 433 1120 497 Εἰς
1164 429 1233 486 τὸ
1283 430 1452 486 αὐτό.

451 527 679 595 Μήποτε
705 521 1006 590 ωσταλέην
1032 523 1149 585 νοὸς
1183 522 1490 594 ὲνδοτέρῃσι
1516 521 1746 595 θύρῃσιν

463 617 760 688 Ἐνστήσῃς
786 606 1076 684 πυλαωρόν
1097 631 1109 643 ·
1133 613 1166 668 ἃ
1189 615 1201 667 l
1222 615 1354 685 γὰρ,
1378 615 1566 680 τάλαν,
1587 615 1785 670 αὐτίκα
1811 626 2010 686 οαιμωκ.

450 709 620 779 Τήνδε
655 705 834 760 λαθών
871 722 930 758 σε
969 703 1100 773 φίλα
1127 704 1168 774 -ί-
1200 705 1296 758 νῦν
1330 704 1438 758 ἀπὸ
1485 704 1717 774 καρήατ’
1748 705 1980 775 ἀμέρσει
2004 724 2020 740 ο

449 800 677 870 Μάρτυς
703 801 730 852 ὁ
761 798 869 868 μὴν
918 797 1183 862 ’ῐσϐοσθὲ,
1213 796 1374 867 φίλην
1413 794 1659 866 κεφαλὴν
1692 797 2020 862 ἀπολέσσας.

763 890 868 954 Εις
918 887 1035 955 τὴν
1075 888 1452 952 ,βασίλευσιν
1507 886 1705 939 Δαϐίδ.

450 979 556 1032 Τὸν
579 979 783 1049 ἦμσυν
812 977 938 1046 χθὲς
971 975 1189 1047 Ἰσραὴλ
1227 975 1473 1046 βασιλέα,

451 1071 555 1123 Τὸν
587 1072 792 1140 ἥμισυν
821 1068 970 1138 χθὲς,
999 1069 1094 1122 νῦν
1125 1069 1420 1139 ὁλόκληρον
1447 1069 1614 1140 βλέπε
1633 1087 1648 1103 ·

450 1165 942 1233 Αὐτοπροαιρέτως
967 1164 1077 1235 γὰρ
1104 1162 1323 1231 Ἰσραὴλ
1347 1161 1494 1223 ἄπας

453 1255 550 1317 Εἰς
574 1255 733 1307 αὑτὸν
758 1254 907 1323 ἥκει,
938 1253 1032 1307 τοῦ
1065 1252 1239 1306 Σαοὺλ
1266 1252 1610 1322 τεθνηκότος.

1013 1347 1120 1412 Εἰς
1172 1347 1236 1400 τὸ
1284 1347 1452 1400 αὑτό.

450 1434 706 1507 Μείρακα
738 1436 837 1507 μέν
873 1453 929 1489 σε
963 1437 1238 1508 Σαμουὴλ,
1279 1437 1469 1503 Δαϐὶδ,
1505 1435 1757 1508 ἔχρισσεν
1788 1436 2017 1502 ἄνακτα,

450 1525 602 1597 Πλὴν
633 1527 1120 1598 τριακονταέτηρος
1148 1527 1276 1596 ὅλης
1305 1526 1510 1598 ἐπέϐης
1542 1525 1845 1597 βασιλείης.

450 1618 689 1687 Χριστοῦ
717 1619 804 1689 ἄρ’
829 1615 899 1689 ἦς
923 1619 1114 1685 τύπος,
1145 1621 1202 1684 ὃς
1231 1622 1540 1692 τριακοστῷ
1567 1621 1646 1675 ἑνὶ
1673 1620 1858 1691 κύκλῳ

462 1711 697 1774 Ἠελίου,
742 1711 882 1780 μέγα
916 1715 1114 1782 κάρτος
1148 1713 1242 1782 ἑῆς
1272 1713 1587 1778 ὑπεδείξατο
1616 1713 1808 1784 ἀλκῆς.

449 1804 557 1869 Είς
601 1803 762 1863 Ὀζὰν
793 1807 902 1858 τὸν
953 1805 1268 1874 ἁψάμενον
1301 1806 1412 1874 τῆς
1453 1807 1705 1861 κιϐωτοῦ
1738 1804 2020 1869 ἀναξίως,

695 1876 790 1927 καὶ
825 1877 895 1928 ἐκ
939 1877 1043 1929 τοῦ
1093 1876 1456 1945 παραχρῆμα
1487 1877 1766 1932 θανόντα.

461 1964 552 2018 Ἐν
582 1967 648 2035 τῇ
679 1966 898 2036 κιϐωτῷ
922 1966 1015 2020 τοῦ
1049 1967 1188 2021 Θεοῦ
1218 1969 1378 2022 τόσον
1413 1969 1601 2035 σέϐας,

460 2055 548 2120 Ὠς
572 2058 666 2111 καὶ
692 2058 781 2112 τὸν
813 2057 976 2122 Ὀζὰν
1005 2060 1064 2124 ἐξ
1097 2060 1241 2130 ἁφῆς
1267 2060 1448 2115 Θανεῖν
1481 2060 1670 2132 μόνης.

448 2148 539 2217 Τῷ
566 2152 666 2219 τῆς
696 2149 929 2205 κιϐωτοῦ
960 2153 1207 2224 Δεσπότῃ
1243 2152 1407 2206 πόσον
1437 2151 1634 2218 σέϐαςς

447 2241 628 2311 Φρίξω
655 2242 696 2312 -ιι
727 2243 826 2312 μέν
846 2245 895 2296 oi
930 2245 1198 2314 προσίμεν
1227 2245 1287 2297 οὐ
1326 2245 1459 2316 πρὸς
1491 2243 1668 2308 ἀξίαν.

992 2337 1114 2404 ,Εἲς
1165 2335 1233 2388 τὸ
1289 2338 1458 2391 αὐτό.

445 2427 535 2496 Μή
559 2426 679 2480 ποτ’
708 2427 794 2480 ἐπ’
828 2426 1148 2494 εὐαγέεσσιν
1179 2426 1378 2495 ἐναγέα
1407 2427 1648 2482 δάκτυλα
1680 2426 1878 2501 βάψειε.

449 2518 639 2587 Tino;
667 2521 779 2590 γὰρ
811 2519 1043 2573 θανάτου
1078 2519 1237 2590 ὀλοὴν
1273 2520 1590 2592 περιδείδιθι
1622 2521 1791 2592 κῆρα,

449 2606 630 2680 Ἦμος
660 2611 804 2681 ἁφὴν
831 2611 1112 2677 πετάσεις,
1141 2613 1238 2665 καὶ
1269 2613 1433 2681 ἆψεαι
1463 2627 1479 2643 ⁶
1511 2607 1612 2666 ὦδε
1635 2614 1728 2666 καὶ
1755 2612 1918 2678 Ὀζὰν

452 2703 671 2768 Ὠλετο,
707 2702 990 2772 θειοτέρην
1031 2703 1125 2756 ἐπὶ
1155 2703 1347 2773 κίστην
1376 2703 1614 2758 δάκτνλα
1643 2706 1848 2769 τείνας.

521 2795 626 2859 Εῑς
656 2793 764 2847 τὸν
804 2794 982 2848 Δαόίδ
1012 2795 1500 2864 προυρχούμενον
1529 2795 1645 2866 τῆς
1681 2795 1950 2851 κιϐωτοῦ.

448 2885 518 2939 Ei
547 2904 629 2951 τις
659 2885 873 2959 βροτοῖς
902 2887 1130 2960 ὀρχησίς
1166 2888 1316 2942 ἐστιν
1346 2887 1606 2960 ἀμύμων,

1105 3027 1167 3082 In
1195 3027 1350 3083 idem.

1653 316 2047 380 THEODORI
2099 319 2498 384 PRODROMI

2049 437 2096 494 Α
2136 435 2336 491 Ἦςτοῦ
2370 435 2537 490 Δαϐὶδ
2568 435 2798 507 ὄρχησίς
2825 434 2973 490 ἐστιν
3007 430 3281 504 ἀμύμων·

3573 309 3711 374 1160

2139 528 2503 600 Ὀρχούμενος
2530 526 2640 598 γὰρ
2665 527 2767 596 τῆς
2804 525 3040 581 κιϐωτοῦ
3071 524 3388 596 προτρέχει,

2139 619 2569 692 Ἀνατρεχούσης
2595 621 2675 683 είς
2704 620 2796 672 τὸν
2836 619 3063 689 ἀρχαῖον
3095 617 3282 672 τόπον.

2703 715 2807 779 Elc
2859 713 2926 768 τὸ
2969 713 3140 768 αὐτό.

2128 805 2346 875 Μελχδλ
2380 805 2792 874 ἀριστοπόσεια,
2820 805 2873 859 τί
2901 805 3146 875 μέμφεαι
3170 795 3214 871 ᾧ
3241 802 3550 875 παρακοίτῃ
3574 820 3593 872 ;

2081 962 2093 982 ο
2127 896 2320 966 Οὕνεχ’
2353 897 2497 967 ὑπὲρ
2526 898 2719 966 κίστης
2743 898 2894 968 ἱερῆς
2922 897 3053 966 περὶ
3078 895 3318 966 κόρδακα
3347 895 3535 958 παίζει
3561 914 3577 962 ;

2129 993 2260 1047 Οΰτι
2291 993 2463 1047 κακον
2490 993 2610 1046 τόδε
2641 992 2807 1062 ῥέζει,
2847 990 2957 1045 οὐδ’
2986 990 3235 1060 ἀπρεπὲς
3265 989 3515 1060 βασιλῆϊ·

2127 1086 2319 1154 Χαρᾶς
2352 1084 2630 1156 θειοτέρης
2655 1083 2714 1137 δὲ
2748 1083 2946 1154 τρανὲς
2977 1085 3124 1151 σάφα
3146 1081 3390 1134 δείκνυσι
3421 1081 3594 1152 σῆμα.

2125 1204 2232 1267 Εἰς
2303 1201 2681 1269 Μεμφιὸοσὲθ
2737 1200 2884 1269 ,υἱὸν
2955 1199 3246 1256 Ἰωνάθην
3274 1237 3290 1259 ,
3373 1194 3446 1269 όν
3479 1197 3711 1269 ,χωλὸν

2208 1265 2352 1324 ὄντα
2385 1265 2690 1334 ’όὶιόσιτον
2723 1267 2942 1324 ἑαυτοῦ
2984 1270 3282 1339 ἐποίησεν
3307 1269 3340 1321 ό
3371 1265 3554 1321 Δαϐὶδ
3604 1267 3708 1325 διὰ

2198 1340 2306 1394 τὸν
2353 1341 2588 1408 πατέρα
2625 1340 2833 1394 αὐτοῦ.

2127 1432 2292 1486 Δαϐὶδ
2323 1432 2416 1486 τὸν
2448 1433 2611 1499 ὅρκον
2640 1432 2734 1485 καὶ
2763 1431 2962 1499 θανὼν,
2994 1433 3275 1502 Ἰωνάθαν,

2139 1524 2268 1579 Ἰδοὺ
2301 1525 2368 1579 δι’
2401 1525 2579 1595 ἔργων
2607 1527 3052 1596 τερματούμενον
3085 1527 3248 1598 βλέπε
3275 1543 3292 1560 ⁸

2126 1616 2463 1686 Μεμφιϐαὰλ
2493 1617 2602 1686 γὰρ
2640 1619 2800 1672 παῖδα
2835 1618 2926 1672 σδν
2959 1618 3052 1672 τὸν
3086 1621 3389 1676 κυλλόπουν

2139 1709 2551 1781 Ὀμοτράπεζον
2575 1712 2634 1764 ὲν
2664 1711 2955 1782 βασιλείοις
2984 1713 3119 1783 ἔχει.

2697 1805 2804 1870 Εἰς
2843 1804 2910 1858 τὸ
2960 1806 3129 1860 αὐτό.

2127 1892 2466 1963 Μεμφιϐαὰλ
2492 1895 2845 1965 τρισάλαστε,
2875 1897 3196 1963 ταλάντατε,
3225 1897 3595 1966 κυλλοπόδιον,

2140 1986 2363 2039 Ἐσθλοῦ
2395 1987 2578 2041 εἵνεκα
2613 1989 2817 2058 πατρὸς
2840 1988 3136 2059 ὁμόθρονος
3160 1989 3312 2058 αὐτῷ
3344 1990 3541 2045 ἄνακτι

2130 2077 2293 2142 "lico,
2321 2078 2415 2132 καὶ
2450 2077 2704 2142 σύσσιτος
2739 2080 2833 2134 ἐπὶ
2865 2080 3022 2147 ξυνὸν
3049 2081 3205 2151 ἔρχεο
3233 2079 3446 2134 δεῖπνον
3469 2097 3485 2113 ⁸

2129 2169 2333 2241 Ὅρκος
2364 2171 2475 2242 γὰρ
2501 2172 2665 2225 Δαϐὶδ
2693 2173 2788 2226 καὶ⁵
2816 2171 3071 2227 Ἰωνάθαν
3107 2171 3300 2225 ἔλλαϐε
3324 2172 3526 2242 τέρμα.

2127 2279 2234 2345 Εἰς
2275 2279 2391 2349 τὴν
2425 2281 2512 2348 εις
2548 2279 2860 2350 Βηρσαϐεὲ
2901 2280 3179 2350 μοιχείαν
3211 2278 3412 2344 Δαϐὶδ,
3443 2276 3541 2334 καὶ
3594 2275 3709 2334 τὸν

2661 2352 2853 2420 φόνον
2930 2351 3172 2418 Οὐρίου.

2139 2443 2226 2506 '0;
2249 2441 2503 2498 ἀπόλοιτο
2527 2443 2569 2515 -ι-
2598 2445 2705 2506 πᾶς
2728 2444 2902 2514 γάμος
2935 2444 3031 2496 καὶ
3065 2445 3172 2498 πᾶν
3199 2440 3354 2511 λέχος
3378 2443 3393 2494 ι

2129 2534 2322 2604 Κακὴν
2348 2537 2581 2605 γαμεῖς;
2611 2536 2862 2606 ποίνιμον
2885 2537 3141 2607 εὑρήσεις
3171 2535 3308 2606 βίον.

2130 2626 2321 2696 Καλὴν
2349 2629 2570 2696 γαμεῖς,
2603 2626 2832 2682 θάνατον
2853 2629 3246 2702 ἀντικερδάνης

2130 2717 2235 2771 Τὸν
2263 2716 2464 2786 Οὐρίου
2497 2716 2747 2782 θάνατον,
2787 2719 2835 2770 εί
2871 2717 3073 2788 βούλει,
3098 2720 3312 2774 σκόπει.

2327 2789 2334 2798 ¹
2693 2809 2796 2876 Εἰς
2837 2810 2902 2864 τὸ
2958 2812 3127 2866 αὑτό.

2131 2897 2415 2974 Θηλυιιιρη
2440 2900 2558 2955 ποτ’
2586 2899 2816 2971 ὲΰχρους
2841 2901 3072 2958 πλύνετο
3097 2903 3242 2974 ἀμφὶ
3273 2903 3498 2977 λοετρῷ.

2128 3042 2296 3099 certe,
2334 3031 2529 3088 nullius
2558 3032 2718 3089 debet
2751 3033 3191 3103 reprehensionis
3220 3033 3407 3089 aculeo
3433 3034 3704 3101 perstrin-

513 3114 796 3187 Nunquam
837 3118 1254 3176 somniculosam
1314 3120 1455 3175 intra
1515 3121 1711 3177 mentis
1750 3119 2023 3192 penitissi-
2050 3103 2096 3163 (ἶ
2128 3127 2214 3197 gi:
2249 3126 2540 3182 latissimis
2582 3128 2724 3183 enim
2758 3127 3006 3195 tripudiis
3035 3127 3234 3193 exsilit,
3276 3142 3458 3182 arcam
3483 3141 3696 3195 praece-

445 3223 561 3264 mas
617 3208 760 3266 fores
816 3213 1090 3268 ostiariam
1158 3213 1412 3270 colloces.
1451 3211 1575 3268 Ahl
1625 3215 1771 3270 enim
1825 3216 2013 3280 miser,

443 3301 702 3384 evestigio
741 3301 971 3370 daemon,
1007 3320 1163 3374 quem
1216 3304 1304 3360 illa
1340 3305 1532 3370 nescit,
1565 3315 1615 3360 te
1672 3307 1871 3363 mentis
1904 3310 2022 3366 acie

445 3391 714 3460 privabit;
748 3392 982 3462 locuples
1012 3395 1142 3450 mihi
1197 3396 1352 3452 testis
1393 3395 1653 3465 lsboseth,
1697 3396 1876 3453 charis
1924 3399 2022 3455 ob-

447 3491 724 3539 truncatus
750 3485 1077 3542 cervicibus.

905 3577 973 3632 In
1005 3579 1223 3634 Dauidis
1253 3596 1485 3650 regnum.
1621 3645 1627 3651 _

523 3671 626 3738 Qui
656 3671 770 3726 heri
814 3670 1035 3724 dimidia
1065 3657 1270 3724 tantum
1304 3672 1452 3742 regni
1491 3681 1643 3742 parte
1672 3688 1769 3729 rex
1801 3673 2020 3734 lsraelis

443 3772 583 3826 erat,
642 3775 782 3816 nunc
833 3760 1038 3830 integra
1074 3761 1190 3830 ejus
1220 3762 1538 3818 haereditate
1603 3764 1832 3832 potitum
1888 3781 2019 3824 con-

445 3854 740 3924 templare;
778 3854 1059 3908 universus
1104 3853 1302 3923 quippe
1333 3853 1501 3910 Israel
1553 3858 1862 3924 spontaneis
1890 3873 2016 3912 sen-

445 3947 626 4002 tentiis
651 3945 717 4000 ad
752 3960 876 4000 eum
898 3960 956 4000 se
983 3945 1214 4009 confert,
1247 3945 1406 4016 idque
1428 3957 1548 4017 post
1583 3947 1760 4004 Saulis
1783 3950 2011 4007 obitum.

747 4109 754 4116 _
1062 4035 1131 4091 In
1157 4037 1313 4092 idem.

513 4128 648 4183 Dum
675 4130 858 4200 junior
884 4145 1055 4195 esses,
1087 4131 1141 4185 in
1171 4145 1348 4200 regem
1379 4139 1434 4188 te
1469 4133 1678 4188 inunxit
1720 4132 1962 4200 Samuel,
1984 4150 2018 4191 ο

443 4223 630 4290 David,
674 4227 765 4280 sed
795 4227 1125 4281 tricesimum
1158 4241 1323 4296 agens
1361 4241 1558 4282 annum
1615 4229 1683 4282 ad
1717 4230 1881 4285 totius
1911 4231 2016 4285 im-

441 4313 576 4382 perii
601 4315 961 4381 gubernacula
990 4325 1278 4384 provectus
1303 4330 1397 4380 es;
1431 4315 1654 4385 figuram
1689 4318 1834 4373 enim
1853 4318 2018 4374 Chri-

443 4404 512 4458 sri
545 4404 894 4471 praeferebas.
948 4405 1040 4474 qui
1089 4404 1294 4459 triceno
1352 4405 1483 4460 solis
1515 4405 1761 4462 confecto
1813 4409 2016 4464 circulo

443 4491 700 4547 miriﬁcas
731 4509 840 4548 sua:
862 4494 1138 4563 potestatis
1161 4495 1304 4550 vires
1336 4495 1524 4550 edidit.

450 4583 519 4638 De
549 4585 682 4650 Oza,
717 4585 804 4655 qui
835 4585 1047 4654 indigne
1078 4600 1253 4638 arcam
1279 4584 1488 4654 {aderis
1511 4593 1799 4642 attrectans
1817 4597 2011 4641 extem-

936 4655 1021 4722 plo
1052 4655 1336 4708 exstinctus
1361 4666 1458 4709 est.

517 4744 690 4799 Tanta
728 4754 807 4799 est
839 4759 980 4800 arcae
1022 4745 1141 4800 Dei'
1167 4745 1444 4815 maiestas,
1481 4762 1543 4802 ac
1591 4747 1892 4814 veneratio,
1951 4757 2010 4802 ut

441 4835 524 4892 vel
554 4851 618 4891 ex
645 4836 760 4892 solo
807 4843 1059 4890 contactu
1092 4834 1238 4890 Ozan
1268 4837 1519 4903 occidat;
1548 4849 1786 4907 quantus
1839 4852 2000 4906 porro

444 4930 611 5000 ipsius
637 4943 772 4984 arcae
798 4927 1024 4984 Domino
1053 4929 1388 4986 exhibendas
1412 4939 1496 4984 est
1517 4930 1697 4985 cultus
1722 4931 1746 4984 ἳ
1776 4931 2010 4987 horrebo

443 5020 692 5090 deinceps
729 5021 944 5075 adeum
989 5019 1123 5075 citra
1167 5021 1474 5088 dignitatem
1521 5021 1797 5076 accedere.

1107 5111 1174 5166 In
1205 5112 1360 5166 idem.

514 5200 570 5254 In
601 5217 755 5258 sacra
790 5217 1062 5270 nunquam
1095 5201 1350 5271 profanas
1395 5215 1588 5257 manus
1628 5203 1891 5256 audenter
1921 5200 2013 5255 in-

439 5291 618 5358 jicias,
651 5301 778 5349 tunc
808 5295 952 5348 enim
1001 5295 1382 5350 funestissima:
1407 5295 1600 5348 mortis
1648 5292 2008 5348 calamitatem

446 5382 696 5447 formida,
727 5399 852 5439 cum
881 5394 1096 5440 extenta
1129 5401 1285 5438 manu
1308 5399 1368 5440 ea
1397 5384 1710 5453 continges;
1743 5383 1823 5439 sic
1863 5383 2010 5440 Ozan

449 5477 644 5531 misere
667 5478 930 5547 disperiit,
964 5478 1016 5533 in
1076 5477 1312 5533 divinam
1373 5463 1827 5534 arcam‘manum
1885 5497 2010 5550 pro-

449 5568 691 5620 tendens.
849 5623 876 5643 κ

578 5653 643 5708 1η
695 5656 946 5710 Doridem
979 5674 1153 5712 coram
1181 5674 1307 5712 arca
1329 5657 1426 5713 .Dei
1456 5665 1865 5721 prwsattantem.

517 5744 576 5801 Si
617 5761 724 5817 qua
757 5747 1076 5805 mortalibus
1114 5750 1326 5808 saltatio
1349 5747 1632 5808 laudabilis
1661 5757 1764 5818 est,
1796 5748 2009 5808 Davidis

2123 3217 2258 3276 dens
2295 3218 2353 3274 in
2389 3219 2548 3274 sedes
2599 3217 2728 3272 olim
2768 3218 2872 3274 sibi
2931 3218 3230 3274 destinatas
3275 3217 3692 3290 regredientem.

2741 3328 2802 3385 In
2833 3331 2992 3387 idem.

2196 3422 2484 3488 OMichol,
2521 3422 2783 3494 optimum
2845 3434 3002 3480 nacta
3067 3423 3342 3488 maritum,
3392 3422 3521 3493 quid
3572 3428 3729 3478 eum‘

2122 3514 2450 3579 subsannas,
2481 3514 2626 3584 quod
2649 3528 2833 3570 coram
2865 3528 3012 3578 arca,
3044 3515 3250 3571 comica
3292 3514 3578 3570 saltatione
3605 3529 3699 3582 pe-

2125 3604 2383 3660 tulantius
2434 3603 2692 3660 exsiliat?
2737 3603 2869 3659 nihil
2901 3614 3090 3662 contra
3149 3621 3351 3672 mor-es,
3407 3616 3499 3660 aut
3539 3606 3703 3676 regie

2122 3696 2368 3766 dignitati
2415 3696 2656 3751 alienum
2691 3696 2946 3764 admittit,
3001 3696 3099 3752 sed
3160 3697 3489 3754 luculentam
3517 3698 3698 3768 gaudii

2123 3785 2575 3853 signiﬁcationem
2627 3786 2911 3856 prOpalam
2940 3788 3202 3844 ostendit.

2124 3875 2193 3931 In
2239 3877 2583 3950 Miphiboseth
2615 3875 2869 3950 Jonathwi
2920 3879 3116 3947 ﬁlium,
3161 3896 3382 3950 eumque
3427 3881 3696 3944 claudum.

2191 3961 2342 4016 quem
2373 3945 2538 4018 Dauid
2560 3963 2734 4018 mensa
2766 3949 2904 4018 regia
2921 3945 3110 4002 secum
3135 3945 3365 4016 vesci,'ob
3391 3953 3700 4005 memoriam

2191 4015 2425 4085 parentis
2458 4015 2700 4070 indulsit.

2148 4119 2156 4124 '
2200 4104 2290 4160 Vel
2328 4114 2446 4174 post
2471 4105 2758 4174 exsequias
2792 4115 2935 4172 tuas,
2969 4123 3001 4162 ο
3039 4107 3295 4176 Jonatha,
3334 4109 3586 4165 Davidem
3612 4125 3700 4165 sa-
3737 4105 3762 4135 “·

2121 4207 2458 4254 cramentum
2490 4211 2634 4251 nunc
2655 4210 2818 4266 opere
2845 4208 3213 4267 praestantem,
3241 4202 3453 4256 intuere
3486 4218 3502 4267 ;
3529 4202 3696 4257 illium

2119 4288 2264 4344 enim
2294 4297 2446 4343 tuum
2497 4288 2741 4344 distortis
2775 4288 3171 4345 claudicantem
3231 4293 3458 4361 pedibus
3526 4294 3691 4365 regiis

2121 4382 2316 4451 epulis,
2347 4381 2400 4436 in
2429 4395 2617 4437 mensa
2659 4396 2776 4447 sua,
2813 4382 3108 4438 liberaliter
3138 4385 3358 4455 accipit.

2722 4472 2790 4526 In
2821 4475 2979 4527 idem.
3711 4513 3729 4552 -Γ

2191 4561 2363 4630 Oler,
2406 4573 2461 4618 et
2484 4563 2687 4633 plurtes
2714 4565 2900 4622 infelix
2958 4567 3343 4641 Miphiboseth,
3392 4553 3723 4632 miserrime

2120 4649 2320 4719 loripes
2343 4653 2529 4723 optimi
2560 4669 2722 4710 causa
2753 4657 3018 4729 parentis,
3047 4658 3104 4718 in
3135 4664 3324 4719 eodem
3355 4665 3516 4730 solio,
3577 4667 3694 4735 regi

2121 4741 2322 4806 “Side.
2357 4751 2556 4797 etcum
2588 4756 2654 4798 eo
2680 4759 2900 4804 vescere
2929 4749 2982 4802 in
3028 4765 3342 4808 communes
3376 4753 3564 4822 epulas
3595 4755 3693 4806 ad-

2122 4832 2356 4896 missus;
2393 4846 2535 4887 nunc
2559 4841 2708 4890 enim
2742 4836 2960 4894 Davidis
2990 4849 3046 4894 et
3075 4838 3319 4896 Jonathaa
3363 4842 3541 4898 l‘mdus
3571 4841 3699 4896 οσο-

2119 4927 2264 4974 ctum
2300 4921 2548 4980 sortitur.

2119 5029 2188 5087 In
2218 5032 2440 5091 Davidis
2470 5037 2796 5094 adulterium
2817 5057 2955 5164 (fam
3003 5039 3364 5108 Bersabee,“
3410 5041 3551 5096 Urio:
3595 5057 3698 5096 ca:-

2855 5127 2958 5164 em.

2855 5127 2958 5165 em.

2193 5196 2240 5252 Ο
2273 5197 2475 5252 utinam
2507 5201 2685 5256 omnis
2717 5205 3052 5272 .nuptiarum
3105 5205 3438 5260 consuetudo
3481 5205 3698 5282 obsole-

2119 5293 2331 5347 sceret!
2362 5291 2646 5362 Malignam
2671 5297 2916 5364 accipis?
2948 5307 3061 5353 toto
3087 5299 3209 5352 vitae
3232 5299 3459 5353 decursu
3491 5307 3544 5353 te
3576 5313 3696 5368 poe-

2119 5388 2333 5447 nitebit.
2399 5389 2715 5448 Formosam
2758 5393 2910 5449 ducis
2941 5396 2964 5448 ‘l
2995 5395 3148 5450 Lethi
3186 5395 3490 5450 mercedem
3550 5396 3692 5450 forte

2121 5483 2437 5549 reportabis.
2479 5482 2618 5539 Uriaa
2643 5487 2904 5557 perempti
2947 5487 3270 5558 exemplum,
3304 5488 3348 5544 si
3385 5488 3484 5554 vis,
3515 5495 3692 5542 atten‘

2120 5582 2224 5626 tius
2247 5583 2458 5630 excute.

2708 5668 2776 5722 In
2806 5670 2967 5725 idem.

2191 5755 2408 5814 Dccenti
2443 5759 2624 5816 colore
2655 5761 2850 5820 mulier
2878 5764 2932 5818 in
2984 5763 3179 5822 balneo
3239 5765 3476 5834 lavabat,
3522 5775 3686 5834 quam
