4050 6406
401 459 538 515 Θεοῦ
569 459 852 534 προφήτης
874 458 952 524 εἷς
984 459 1276 533 τροποῦται
1300 461 1394 518 καὶ
1435 461 1595 532 μόνος
1617 476 1632 492 ⁹

403 547 473 604 Τὸ
504 551 618 624 πῦρ
641 550 754 624 γὰρ
787 551 1078 623 ιξήλεγξεν
1108 552 1289 608 αὐτῶν
1327 554 1428 623 τὴν
1457 555 1672 625 πλάνην

402 641 496 710 El;
519 645 622 718 τὴν
646 644 840 701 θυσίαν
870 645 1128 717 ἐμπεσὼν
1160 646 1258 702 τοῦ
1290 647 1576 703 Θεσὸίτου.

977 741 1083 808 Εἰς
1109 741 1176 795 τὸ
1207 741 1377 796 αὑτό.

403 828 516 902 Πῦρ
546 829 666 885 ποτ’
689 829 786 887 ἀπ’
813 832 1107 904 οὐρανόθεν
1132 834 1367 906 χαμάδις
1395 834 1555 902 πέσε,
1582 834 1743 904 φλέξε
1760 834 1815 887 δὲ
1839 835 1990 906 θῦμα

403 917 586 976 Ἠλιοῦ
633 921 972 993 σχιδάκεσσι,
1009 923 1107 980 καὶ
1143 923 1321 990 ὕδατι,
1354 925 1450 980 καὶ
1487 924 1574 995 χοῖ
1607 925 1779 997 αὐτῷ.

404 1013 524 1084 Πῦρ
565 1015 663 1068 καὶ
698 1014 796 1068 ἀπ’
829 1012 1018 1070 Ἦλίαο
1047 1015 1300 1087 ζηλωτάο
1329 1017 1480 1071 δάϊον
1508 1015 1680 1090 ἥφθη,

402 1105 511 1160 Καὶ
541 1103 759 1171 πάντας
785 1107 1096 1162 κατέκαυσε
1141 1107 1292 1162 Βάαλ
1325 1109 1562 1179 μιαροὺς
1591 1108 1805 1180 ἱερῆας.

403 1221 505 1286 Εις
531 1221 650 1289 τὴν
680 1220 803 1278 ἀπὸ
839 1222 1170 1292 προσώπου
1210 1221 1468 1285 Ἰεζάϐελ
1518 1224 1727 1297 φυγὴν
1755 1225 1986 1282 Ἦλιού.

414 1313 474 1368 '0
510 1315 610 1379 τὰς
640 1314 862 1380 ἁπάσας
889 1314 1124 1386 οὐρανοῦ
1156 1316 1357 1372 κλείων
1385 1316 1577 1388 θύρας,

403 1404 650 1478 Νεκροὺς
682 1407 729 1461 δ’
759 1409 1019 1477 ἀνιστῶν,
1049 1409 1485 1482 θαυματουργιῖω
1517 1411 1575 1465 δὲ
1601 1411 1753 1478 ξένα,

403 1493 513 1554 Νῦν
541 1499 909 1573 ικδιδράσκει,
948 1501 1052 1575 τὴν
1082 1498 1323 1568 Ἰεζάὸελ
1350 1504 1573 1573 τρέμων
1592 1521 1606 1536 ·

403 1586 670 1664 Ζηλῶμεν
705 1593 874 1648 αὐτοῦ
907 1593 1008 1666 τήν
1044 1595 1224 1667 φυγὴν
1246 1596 1340 1650 καὶ
1365 1594 1458 1650 τδν
1485 1596 1672 1666 φόϐον.
1768 1621 1771 1623 ·

996 1690 1100 1754 Εἰς
1129 1691 1195 1744 τὸ
1225 1691 1398 1744 αὐτό.

402 1775 687 1848 Θη).υτέρη
726 1777 974 1849 βασίλεια
1007 1780 1246 1847 Ἰεζάϐελ
1271 1779 1458 1838 Ἦλιοὺ
1509 1783 1665 1855 αὐτῷ

402 1863 654 1933 Χώσατο,
680 1869 1020 1942 λυγροτάτην
1048 1870 1104 1926 δὲ
1133 1873 1300 1942 φόνου
1337 1876 1635 1934 ἐκτείνατ’
1663 1878 1920 1950 ἀπειλήν.

401 1960 444 2011 Τ
449 1960 695 2031 αρϐήσας
732 1961 778 2015 δ’
817 1961 893 2016 ὅδ’
926 1964 1080 2018 ἔειπε
1113 1968 1252 2035 πρὸς
1288 1965 1349 2021 ὃν
1393 1969 1748 2042 μεγαλήτορα
1779 1971 1951 2037 θυμόν
1973 1988 1990 2004 ·

401 2052 565 2119 Φύξις
589 2054 904 2127 ἀρειοτέρη.
933 2058 1032 2112 καὶ
1064 2057 1306 2128 ἔκφυγεν
1345 2059 1534 2131 ἤματα
1567 2063 1779 2135 μακρά.

403 2167 502 2232 Et;
550 2167 669 2237 τὴν
699 2170 771 2225 ἐν
803 2171 1017 2240 Χωρήό
1045 2171 1175 2300 7%)”
1190 2173 1313 2262 ὄρρι
1361 2169 1650 2244 ἐντυχίαν
1684 2177 1836 2233 Θεοῦ
1890 2177 1990 2233 καί

1183 2263 1297 2299 ιου.

1183 2263 1297 2299 ιου.

401 2326 559 2393 Δέξαι
584 2329 649 2383 τὺ
674 2329 879 2404 Χωρὴσ
905 2331 1093 2390 Ἦλιοὺ
1119 2335 1212 2390 τὸν
1238 2336 1529 2411 Θεσὸίτην,

402 2453 590 2495 eorum
618 2442 764 2498 enim
795 2447 1157 2503 veteratorias
1183 2459 1331 2505 artes
1363 2450 1602 2506 convicit
1635 2452 1795 2524 ignis,
1819 2454 1910 2526 qui
1933 2455 1989 2511 in

404 2531 536 2590 Elia
567 2529 844 2590 Thesbive
871 2535 1127 2592 victimas
1159 2537 1386 2609 illapsus
1415 2549 1518 2597 est.

1063 2625 1132 2685 1η
1170 2631 1328 2688 idem.
1357 2663 1360 2666 ο

470 2715 616 2786 Ignis
670 2731 702 2773 θ
762 2720 904 2776 calo
937 2721 991 2775 in
1023 2732 1226 2778 terram
1291 2725 1578 2785 devolutus
1624 2730 1839 2786 exussit
1893 2746 1988 2786 sa-

404 2806 666 2862 crificium
697 2805 850 2876 Elite,
885 2809 1080 2868 assulis
1118 2822 1176 2868 et
1207 2813 1330 2884 ipso
1357 2832 1555 2887 aggere
1585 2819 1821 2890 lapidum
1845 2835 1986 2892 aqua

405 2902 720 2970 conspersis
757 2918 775 2957 :
811 2905 953 2974 ignis
985 2909 1114 2963 item
1153 2910 1371 2978 rapidus
1409 2911 1478 2966 ab
1530 2912 1647 2968 Elia
1677 2916 1849 2970 divini
1882 2917 1986 2972 ho-

404 2990 552 3045 noris
564 3002 841 3049 assertore
861 3010 1125 3053 accensus
1151 3010 1254 3066 est,
1281 3014 1335 3057 et
1356 3017 1547 3062 omnes
1569 3008 1988 3066 scclestissitnos

405 3078 584 3139 Baalis
612 3089 928 3144 sacerdotes
962 3091 1214 3149 incendio
1236 3098 1628 3154 concremavit.

545 3175 614 3230 In
645 3177 825 3234 Etiam
855 3198 889 3236 α
930 3181 1070 3252 facie
1113 3182 1378 3243 Jesabelis
1410 3205 1466 3245 se
1489 3193 1846 3250 amolientem.
1935 3182 1949 3196 ’

474 3267 576 3335 Qui
602 3284 793 3328 omnes
825 3275 949 3329 coeli
979 3275 1177 3345 januas
1207 3280 1509 3344 obseravit.
1544 3287 1830 3342 suscitavit
1853 3303 1997 3344 mor-

415 3370 562 3430 tuos,
598 3374 654 3420 et
708 3376 962 3437 portento
1003 3370 1206 3426 similia
1264 3374 1454 3440 edidit,
1489 3391 1635 3433 nunc
1683 3378 1993 3437 Jezabelent

404 3465 768 3522 praemetuens
819 3456 944 3528 fuga
997 3461 1119 3516 vita:
1155 3465 1434 3534 consulit;
1475 3466 1623 3524 hunc
1651 3455 1994 3542 astutulemur,

404 3544 490 3598 cui
521 3545 798 3616 antiquius
844 3559 930 3605 est
972 3549 1315 3622 iniquitatem
1347 3555 1555 3627 fugere,
1592 3574 1754 3630 quam
1779 3577 1996 3634 patrare

406 3635 690 3691 miracula.

1065 3738 1134 3794 In
1170 3739 1330 3798 idem.

475 3822 679 3896 Regina
705 3824 1154 3897 femina,Jezabel
1173 3833 1228 3890 in
1249 3837 1424 3906 ipsum
1447 3837 1622 3895 Etiam
1646 3843 1992 3912 exacerbata,

406 3913 599 3971 ferales
629 3916 683 3971 in
716 3934 838 3974 eum
867 3920 961 3977 fati
985 3924 1159 3981 minas
1181 3926 1722 4002 intentavit;quibus
1739 3945 1993 3992 conster-

406 4018 592 4097 natus,
621 4021 850 4097 maturo
884 4016 1024 4084 apud
1059 4031 1120 4073 se
1158 4016 1367 4088 judicio
1391 4025 1741 4093 recogitans:
1781 4025 1994 4097 Fugere

405 4093 798 4151 conducibilius
825 4107 927 4164 est,
960 4097 1158 4170 inquit,
1191 4111 1247 4156 et
1283 4106 1592 4176 complures
1618 4109 1734 4163 dies
1766 4093 1942 4165 latuit.

470 4183 542 4239 De
571 4183 689 4253 Dei,
725 4197 772 4241 et
803 4187 941 4244 Elim
979 4191 1243 4263 colloquio
1278 4197 1422 4265 apud
1444 4210 1673 4254 montem
1714 4200 1917 4259 Horeb.

483 4275 635 4333 Mons
667 4275 868 4346 lloreb,
891 4281 1064 4338 Eliam
1091 4285 1404 4342 Thesbitem
1429 4290 1640 4361 excipe;
1674 4303 1730 4348 et
1754 4298 1992 4364 quadra-

1611 350 2017 416 THEODORI
2058 351 2461 413 PRODROMI

2011 460 2058 518 Α
2095 458 2188 524 Ἐξ
2211 458 2426 522 ἀσιτίας
2453 457 3070 530 τεσσαρακονθημέρου.

3537 352 3681 410 1172

2086 551 2273 623 Φυγῆς
2301 569 2361 605 τε
2393 552 2615 622 μακρᾶς
2647 551 2742 606 καὶ
2768 550 2978 619 πλάνης
3013 550 3358 620 κεκμηκότα,

2091 645 2204 700 Καὶ
2234 643 2434 716 θρέψον
2466 644 2630 698 αὐτὸν
2662 645 2729 715 τῇ
2769 643 2906 697 Θεοῦ
2943 640 3228 712 συνουσίᾳ.

2683 735 2727 785 Ε
2735 734 2789 796 ις
2823 731 2889 786 τὸ
2916 730 3087 784 αὑτό.

2093 825 2321 897 Πνεῦμα
2351 825 2496 897 μέγα
2526 825 2796 897 κρατερὸν
2829 821 3228 894 προελήλυθεν,
3255 819 3425 892 οὔρεα
3454 818 3604 881 λῦον,

2094 917 2199 971 Σὺν
2219 917 2274 971 δὲ
2293 916 2530 989 πέτρους
2549 915 2788 982 κλονέον,
2817 914 3044 984 σεισμὸς
3076 913 3175 967 καὶ
3197 912 3312 983 πῦρ
3339 912 3479 979 μετὰ
3498 911 3683 974 τοῦτο,

2090 1006 2204 1061 Καί
2230 1023 2357 1076 σφιν
2391 1007 2467 1060 ἔτ’
2496 1010 2618 1078 οὐχὶ
2644 1007 2778 1072 Θεὸς
2807 1005 3194 1077 μεταφαίνετο,
3229 1003 3377 1076 αῦρα
3403 1004 3461 1058 δὲ
3483 1004 3684 1074 λεπτὴ,

2094 1097 2211 1151 Καὶ
2249 1099 2298 1151 οἱ
2330 1097 2416 1167 ἐφ’
2455 1097 2772 1169 Ύψιμέδων
2799 1099 3071 1152 Θεσὸίταο
3103 1098 3286 1159 ἀντίος
3318 1096 3475 1166 ἔστη.

2089 1193 2196 1256 Είς
2220 1189 2328 1243 τὸν
2357 1189 2756 1260 ἕρσνἈχαὰϐ,
2786 1189 2859 1245 ὃν
2885 1191 3169 1260 ἐρασθεὶς
3195 1191 3299 1245 τοῦ
3325 1191 3682 1260 ἀμπελῶνος

2161 1260 2533 1332 Ναὸρυσθᾳὶ,
2566 1262 2757 1316 αὐτὸν
2786 1261 2905 1330 μὲν
2931 1262 3276 1324 ἀπέκτεινε,
3305 1265 3414 1315 τὸν
3465 1262 3534 1315 δὲ
3582 1263 3684 1332 ἁμα

2162 1328 2414 1385 πελῶνα
2432 1328 2957 1401 ἐκληρονόμὴσεν.

2090 1424 2305 1496 Μικρὸν
2335 1423 2396 1476 τὸ
2419 1424 2621 1494 κράτος
2659 1427 2764 1496 τῆς
2797 1425 3118 1497 Σαμαρείας
3153 1426 3305 1496 ὅλης,

2097 1514 2269 1582 Ἀναξ
2311 1512 2540 1584 Ἀχαά6,
2575 1512 2831 1590 μικρὸν
2859 1513 2898 1587 'j'
2933 1519 3198 1587 κηπευμά
3231 1536 3336 1586 σοι,

2103 1608 2196 1671 Ὠς
2224 1606 2322 1662 καὶ
2350 1608 2444 1660 τὸν
2475 1607 2776 1676 ἀμπελῶνα
2803 1609 3125 1663 Ναϐουσθαὶ
3157 1610 3356 1666 θέλειν.

2106 1699 2194 1763 Ὠς
2223 1700 2329 1771 ἀρα
2357 1699 2567 1772 θνητῶν
2591 1698 2895 1770 ἀκόρεστος
2932 1701 2964 1772 ἠ
3014 1701 3214 1768 φύσιςι

2709 1792 2813 1860 Είς
2834 1795 2902 1848 τὸ
2933 1795 3104 1850 αὐτό.

2104 1884 2359 1954 Ὠφελες,
2393 1881 2440 1942 ὦ
2469 1887 2810 1954 Ναϐουσθαὶ,
2841 1887 3157 1957 ἀπόκληρος
3185 1886 3350 1956 φῦναι
3381 1887 3497 1951 υίὸς

2097 1977 2469 2048 Φυτλαμένοιο
2518 1983 2749 2052 πατρὸς,
2807 1980 2944 2052 μηδὲ
3010 1979 3185 2052 βραχὺ
3226 1980 3467 2052 πλέθρον
3519 1979 3684 2051 ἀρού·

2831 2103 2834 2106 ο
3490 2071 3616 2144 [ρης

2102 2159 2280 2232 Εὖρεο
2303 2161 2506 2232 κλῆρον
2535 2164 2720 2234 κτῆμα
2751 2165 3060 2238 πατρώϊονο
3092 2168 3154 2220 οὐ
3179 2167 3288 2239 γὰρ
3319 2167 3384 2221 ἂν
3414 2166 3578 2234 ὦλου,

2117 2250 2188 2307 Ε³¹
2210 2271 2305 2307 κεν
2335 2255 2576 2328 ἄκληρος
2602 2257 2722 2327 ἕης,
2751 2257 2957 2328 κλῆρος
2987 2258 3045 2312 δέ
3079 2273 3164 2312 σοι
3193 2256 3384 2313 ὤπασε
3411 2261 3579 2332 κῆρα.

2099 2380 2362 2433 genorum
2399 2369 2612 2424 dierum
2639 2368 2866 2441 jejunio,
2901 2372 3170 2442 longaque
3216 2373 3365 2443 fuga,
3396 2383 3453 2429 et
3494 2388 3686 2432 errore

2098 2459 2373 2516 defessum
2397 2462 2580 2518 divino
2601 2465 2822 2519 tandem
2857 2463 3132 2534 colloquio
3166 2464 3350 2535 refice,
3379 2480 3443 2522 ac
3473 2477 3686 2537 vegeta.

2762 2599 2828 2657 In
2856 2603 3020 2658 idem.

2174 2714 2383 2772 Ventus
2419 2716 2587 2772 etiam
2615 2726 2777 2787 atque
2793 2719 2959 2773 etiam
2983 2717 3277 2774 vehemens
3307 2733 3562 2788 egressus
3581 2728 3681 2786 est,

2104 2809 2428 2864 suhvertens
2455 2817 2762 2873 montes,et
2791 2822 2922 2864 saxa
2950 2809 3228 2878 quatiens;
3261 2809 3418 2864 simul
3447 2819 3500 2864 et
3529 2821 3685 2863 terra

2099 2907 2305 2962 motus,
2339 2909 2392 2952 et
2420 2895 2652 2953 subinde
2686 2897 2830 2968 ignis
2862 2901 3046 2972 erupit
3073 2917 3088 2967 ;
3120 2900 3263 2956 inter
3300 2916 3423 2971 qua:
3449 2901 3685 2955 nondum

2098 2991 2244 3047 Deus
2271 2990 2544 3060 apparuit;
2569 3001 2692 3060 post
2715 2991 2906 3048 sibilus
2933 3009 3078 3050 aura:
3103 2993 3278 3051 tenuis
3311 2994 3549 3060 auditus,
3576 3008 3686 3063 quo

2097 3083 2368 3153 spirante,
2399 3084 2544 3140 Deus
2572 3083 2701 3140 Elite
2725 3086 2938 3140 obviam
2967 3086 3140 3141 venit.

2095 3223 2173 3278 De
2205 3223 2409 3278 Achabt'
2435 3223 2745 3300 cupiditate,
2793 3243 2898 3300 qua
2931 3226 3136 3281 vineam
3190 3223 3406 3282 Νειῢοιή
3458 3228 3686 3300 eﬂliciim

2347 3297 2584 3362 cupiens,
2617 3311 2678 3350 eo
2711 3298 2882 3350 occiso
2919 3300 3118 3350 vineam
3149 3301 3404 3367 possedit.

2197 3408 2461 3465 Samaria:
2492 3412 2761 3466 universa:
2794 3427 3020 3481 regnum
3053 3411 3216 3467 nimis
3245 3422 3533 3479 angustum
3566 3422 3676 3477 est,

2096 3518 2190 3558 rex
2224 3503 2433 3570 Achab,
2470 3503 2648 3558 minor
2678 3511 2762 3558 est
2813 3512 2940 3559 tuus
2979 3504 3172 3559 hortus
3218 3507 3452 3572 scilicet,
3502 3507 3578 3561 ita
3629 3517 3685 3561 ut

2102 3595 2186 3649 vel
2232 3594 2408 3666 ipsam
2461 3594 2677 3648 vineam
2719 3593 2933 3649 Nabolh
2988 3598 3270 3666 possidere
3315 3607 3540 3668 appetas
3587 3616 3600 3653 :
3652 3616 3688 3655 ο

2101 3701 2266 3758 quam
2297 3685 2608 3742 mortalium
2634 3685 2800 3741 animi
2833 3695 3027 3745 natura
3049 3698 3177 3742 sunt
3203 3687 3578 3759 inexplebiles.

2783 3818 2844 3887 lu
2878 3821 3040 3875 idem.

2170 3931 2439 3986 Praeclare
2471 3939 2647 3985 tecum
2678 3938 2858 3985 actum
2881 3940 3046 3996 esset,
3078 3946 3112 3986 ο
3145 3929 3382 3998 Naboth,
3407 3934 3451 3988 si
3525 3943 3688 3990 natus

2100 4038 2253 4080 esses
2287 4021 2535 4077 exhtcnes
2564 4020 2706 4092 ejus,
2735 4021 2827 4090 qui
2858 4030 2910 4076 te
2937 4022 3124 4091 genuit
3152 4024 3345 4092 patris,
3372 4041 3474 4081 nec
3490 4026 3687 4096 exigua

2103 4123 2265 4169 terra:
2283 4111 2477 4184 jugera
2517 4112 2720 4170 fuisses
2771 4115 2825 4168 in
2869 4115 3258 4185 patrimonium
3284 4118 3540 4184 sortitus;
3579 4133 3686 4173 nec

2100 4206 2406 4263 interiisses
2439 4205 2484 4262 si
2523 4206 2740 4276 quidem
2774 4206 3173 4275 hacreditatem,
3208 4224 3329 4280 qua
3374 4211 3469 4266 tibi
3503 4210 3686 4267 fraudi

2097 4298 2221 4362 fuit,
2241 4313 2348 4352 non
2377 4311 2528 4354 esses
2555 4310 2861 4355 assecutus.

416 4411 3666 4462 ..Μ-*ῃ

1442 4515 2034 4609 ΒΑΣΙΛΕΙΩΝ
2099 4525 2633 4612 ΤΕΤΑΡΤΗ.

1279 4820 1636 4940 LIBER
1713 4825 2266 4976 QUAILTUS
2342 4825 2790 4916 REGUM.

410 5019 522 5113 Eli
561 5021 858 5113 ’ρχιςςίριςι
1388 5028 1457 5094 ὃς
1507 5030 1714 5113 νορνεῦν
1761 5030 1996 5113 ἔπεμψε
2027 5038 2072 5094 D
2105 5036 2296 5106 Ζητεῐς
2320 5035 2378 5088 δὲ
2409 5037 2606 5106 μαθεῖν
2631 5038 2696 5092 ἐκ
2726 5039 2877 5095 Βάαλ
2907 5044 2958 5096 εί
2986 5042 3088 5113 ζῇς
3115 5044 3221 5109 ἔτι,

479 5093 628 5166 πρὸς
649 5092 816 5166 Βάαλ
835 5093 1133 5166 ἐρωτῆσαι
1152 5099 1202 5152 εί
1215 5092 1478 5164 (viderat.
1503 5101 1600 5154 καί
1617 5101 1779 5166 ὅπως
1803 5092 1994 5155 ὑπαὶ·-

477 5163 675 5239 εςήσας
702 5165 856 5239 μεοῒς
910 5163 1398 5237 ἀπεσταλμένοις
1443 5169 1652 5224 Ἦλιοὺ
1709 5163 1996 5239 προεῖπεν

479 5233 561 5299 ὡς
594 5235 668 5288 οὐ
693 5230 960 5300 ζήσεται.

425 5383 571 5444 Ἀνθ’
607 5386 671 5446 οὗ
700 5393 837 5446 Θεὸν
870 5395 968 5464 μὲν
1013 5397 1253 5465 ἀγνοεῖς,
1287 5395 1526 5466 Ὀχοζία,

414 5484 490 5539 De
526 5485 762 5560 Orthosia
795 5505 932 5558 rege,
962 5493 1053 5559 qui
1082 5493 1364 5560 languidus
1395 5495 1466 5546 ad
1510 5494 1649 5548 Baal
1673 5495 1998 5550 sciscitatum

327 5565 336 5574 ’
489 5559 648 5634 misit,
679 5569 856 5610 utrum
893 5566 1123 5634 victurus
1167 5559 1324 5622 esset.
1358 5575 1406 5617 et
1454 5567 1896 5634 quemadmodum
1925 5568 1999 5620 le-

487 5629 624 5696 gatis
651 5643 929 5683 occurrens
967 5629 1115 5684 Elius
1146 5629 1476 5687 moriturum'
1500 5637 1775 5703 pra'dixit.

493 5713 598 5768 Pro
623 5731 688 5771 eo
724 5719 869 5784 quod
904 5717 1074 5775 Deum
1107 5722 1350 5791 ignoras,
1399 5728 1658 5790 Uchozin,
1690 5740 1744 5782 et
1775 5745 1838 5783 ex
1872 5729 2001 5784 Baa.

416 5804 643 5862 edoceri
676 5807 890 5875 studes,
918 5818 1098 5866 utrum
1135 5816 1312 5872 adhuc
1342 5819 1416 5874 sis
1464 5820 1576 5876 vita
1620 5822 1904 5895 fruiturus,
1936 5829 2003 5875 ab

2116 5127 2207 5191 Ἐξ
2234 5127 2419 5187 Ἠλιοῦ
2463 5127 2708 5198 μάνθανε
2734 5133 2934 5204 πικρὸν
2961 5135 3063 5205 μὲν
3091 5136 3269 5206 λόγον,

2057 5269 2061 5278 ,
2111 5219 2260 5291 Πλὴν
2294 5220 2430 5273 ἀλλὰ
2453 5222 2646 5276 πιστόν
2671 5238 2684 5252 ·
2728 5224 2831 5279 οὐκ
2863 5227 3104 5299 ἀναστῇς
3126 5229 3226 5299 τῆς
3254 5228 3465 5300 κλίνης.

2690 5317 2733 5368 Ε
2741 5319 2795 5383 ις
2823 5319 2889 5371 τὸ
2918 5320 3086 5374 αὑτό.

2109 5403 2304 5468 Τίπτε,
2356 5405 2502 5472 κάρα
2529 5407 2869 5476 τρισάθλιον,
2905 5408 3149 5480 Ὀχοζία,
3190 5406 3380 5482 αἶσχος
3410 5411 3691 5495 ἀκινάκαι-,τωνν

2101 5499 2214 5552 Elia
2248 5515 2392 5554 nunc
2421 5501 2677 5555 acerbum
2711 5501 2930 5571 quidem
2964 5519 3276 5559 sermonem
3321 5505 3539 5570 discito,
3591 5509 3691 5560 sed

2101 5608 2206 5646 non
2240 5593 2492 5648 fallacem
2533 5609 2546 5646 :
2580 5607 2611 5648 e
2638 5603 2813 5649 strato
2849 5611 2955 5648 non
2989 5612 3269 5667 exsurges.

2769 5706 2835 5762 In
2862 5709 3020 5763 idem.

2179 5825 2449 5890 Quorsum
2493 5839 2526 5878 ο
2585 5832 2666 5878 ter
2716 5823 2902 5878 Infelix
2958 5833 3138 5892 caput,
3192 5823 3450 5891 Ochozia,
3499 5840 3687 5891 regum
