4050 6426
424 359 565 426 1177

1023 486 1130 552 Εἷς
1158 484 1224 540 τὸ
1253 486 1428 540 αὐτό.

435 573 529 624 Ἐκ
572 571 833 645 πατέρων
855 570 1108 634 πᾶἰδεσσι
1133 577 1445 650 προήλυθεν
1464 576 1687 647 εὐγενὲς
1719 576 1900 649 εὖχος,

434 663 584 716 ἹΙΰτ’
613 664 728 718 ἀπὸ
762 667 977 740 κρήνης
1005 669 1201 732 κάλλος
1229 668 1479 739 ποταμοῦ
1508 671 1807 741 προχοῇσι.

422 758 489 807 Ἀ
501 774 597 810 vva
621 757 679 810 δέ
713 754 760 811 τ’
786 759 1059 813 ἀνάπαλιν
1090 759 1297 831 κούρης
1319 759 1429 814 ἀπὸ
1459 761 1652 824 παιδὸς
1674 760 1901 829 ἄγαται,

425 849 495 900 Ἠ
536 846 669 901 Θεὸν
703 848 1012 918 ὑψιθόωκον
1048 844 1166 915 ἑαῖς
1195 851 1439 904 ἐνίδεκτο
1467 850 1749 919 λαγόσσιν.

796 942 901 1006 Εἰς
934 942 1008 996 τὰ
1037 942 1203 1012 Ἅγια
1234 940 1355 996 τῶν
1400 941 1624 1011 Ἁγίων.

433 1031 573 1082 «Tim
592 1029 635 1101 ει-
658 1030 764 1103 πρὸ
788 1033 989 1103 φωτὸς,
1022 1033 1298 1104 παρθένον
1325 1033 1432 1104 πρὸ
1460 1031 1756 1104 παρθένου,

419 1122 563 1175 λκοῦ
595 1122 784 1192 πύλαι,
820 1124 1047 1192 δέξασθε
1079 1126 1180 1198 τὴν
1200 1125 1335 1180 Θεοῦ
1365 1125 1565 1196 πύλην.

1088 1261 1159 1319 In
1189 1264 1350 1320 idem.

491 1354 573 1411 Ex
606 1356 926 1427 parentibus
964 1357 1161 1411 nobilis
1211 1357 1263 1410 in
1298 1356 1437 1412 filios
1481 1355 1648 1427 gloria
1678 1356 1964 1412 derivatur
1986 1394 2004 1423 ,

417 1450 559 1503 sicut
589 1463 620 1503 a
648 1449 991 1521 scaturigine
1040 1449 1094 1504 in
1121 1447 1477 1520 profluentem
1517 1449 1804 1519 limpitudo
1852 1465 2006 1506 ema-

419 1552 547 1607 nat;
575 1558 606 1597 e
633 1544 914 1599 contrario
938 1541 1095 1597 Anna
1124 1542 1316 1611 puellae
1340 1541 1464 1597 filia:
1492 1543 1690 1598 merito
1718 1542 2009 1613 gloriatur,

415 1650 535 1700 qua:
569 1632 685 1688 suis
728 1632 784 1689 in
838 1634 1139 1691 visceribus
1185 1633 1354 1690 caelos
1410 1632 1802 1690 inliabitantem
1834 1633 2007 1689 Deum.

414 1724 674 1795 suscepit.

867 1816 930 1874 In
961 1814 1161 1872 Sancta
1191 1827 1519 1872 sanctorum.

488 1907 689 1963 Lumen
720 1907 937 1972 lumini,
959 1909 1223 1979 virginem
1246 1908 1686 1979 virginiChristo
1715 1908 1995 1980 praeviam,

1274 365 1803 432 TETRASTICHA
1843 367 1933 433 IN
1969 317 2241 435 NOi’UM
2278 372 2883 438 TESTAMENTUM.

3564 377 3701 445 1178

2041 493 2089 550 Δ
2117 485 2365 553 Εῐσελθε,
2401 486 2603 559 σεμνὴ,
2635 489 2833 561 μέχρις
2862 488 3048 544 αὐτῶν
3081 489 3314 559 ἀδύτων,

2116 580 2309 650 Δέχου,
2333 583 2615 653 προφῆτα,
2644 582 2887 655 Γαϐριὴλ
2909 584 3213 656 ὑπηρέτην.

2707 716 2815 783 Εις
2840 714 2910 769 τὸ
2934 718 3105 773 αὐτό.

2123 849 2361 920 Ἐννομά
2394 865 2479 901 τοι
2513 849 2711 912 ταῦτα,
2741 850 3010 921 Ζαχαρία,
3046 852 3246 924 ἔννομα
3276 853 3487 921 ταῦτας

2112 941 2213 1004 Τίς
2239 957 2371 994 ποτε
2402 940 2708 1012 θηλυτέρην
2737 943 2795 995 ὲν
2824 942 3036 1007 ἀδύτοις
3062 944 3260 1014 ἔδρακε
3283 947 3450 1000 παῖδα
3473 965 3489 1016 ;

2114 1033 2294 1086 Παῖδα
2321 1032 2422 1104 μὲν
2448 1033 2704 1104 εἰσοράᾳς
2727 1050 2741 1065 ’
2768 1032 2945 1107 αὐτὰρ
2976 1035 3320 1093 ἀδυτώτατον
3349 1037 3522 1108 οἷκον,

2113 1125 2286 1196 Τήνδε
2320 1126 2492 1197 κόρην
2526 1126 2703 1198 ἱερὴν,
2737 1125 2885 1197 ἱεροῦ
2912 1129 3053 1199 μάθε
3079 1131 3484 1204 παμϐασιλῆος,

2114 1264 2277 1336 adyta
2336 1263 2730 1335 introgredere,
2765 1270 3069 1323 veneranda
3126 1270 3300 1341 virgo,
3349 1281 3407 1327 et
3451 1288 3514 1328 cu

2107 1370 2141 1411 ο
2189 1354 2489 1425 Propheta,
2536 1356 2656 1426 ejus
2701 1357 3042 1413 individuum
3090 1356 3354 1417 famulum
3384 1361 3691 1421 Gabrielein

2109 1450 2322 1518 accipe.

2774 1540 2841 1599 In
2876 1543 3036 1599 idem.

2180 1635 2261 1690 An
2289 1636 2464 1692 isthuc
2485 1636 2724 1707 legitime
2753 1636 2909 1701 facis,
2937 1655 3000 1689 :m
3027 1635 3306 1703 decenter,
3327 1652 3360 1692 ο
3378 1634 3639 1694 Zacharia
3664 1640 3689 1694 τ

2107 1728 2232 1798 quis
2269 1743 2505 1799 unquam
2546 1733 2597 1782 in
2637 1730 2999 1784 sanctioribus
3031 1728 3219 1791 templi
3251 1730 3497 1798 partibus
3534 1731 3690 1800 puel-

2107 1815 2213 1870 lam
2247 1819 2609 1889 introspexit?
2642 1818 2792 1873 vides
2819 1818 3036 1887 quidem
3072 1821 3329 1890 puellam,
3375 1823 3470 1876 sed
3527 1836 3687 1878 arca-

2108 1925 2234 1963 num
2290 1924 2411 1966 esse
2459 1909 2792 1965 domicilium
2837 1911 3193 1966 sacratissimi
3234 1914 3476 1967 omnium
3512 1914 3680 1982 regis,

417 2002 597 2069 templi
651 2009 821 2071 porta:
865 2000 962 2056 Dei
1018 2010 1229 2072 portam
1277 1999 1533 2070 excipite,
1567 2000 1634 2055 ad
1668 1999 1786 2071 ipsa
1817 2015 1994 2071 usque
2025 1987 2071 2046 Β
2103 2001 2244 2056 hanc
2285 2016 2499 2056 sacram
2532 2000 2799 2072 virginem
2834 2001 3006 2055 disce.
3078 2006 3080 2009 '

1748 2315 2324 2404 ΜΛΤΘΑΙΟΣ

1640 2618 2476 2711 ΜΑΤΤΗᾹΞΠΞ.

766 2909 873 2976 Εἰς
910 2908 1001 2974 τὸ,
1045 2908 1264 2971 Βίϐλος
1307 2905 1358 2958 Γ
1360 2903 1638 2967 ενέσεως.

418 3002 595 3077 ’Ὁρᾷς
628 3002 894 3071 τελώνην,
931 3001 1026 3056 καὶ
1053 2999 1275 3071 βλέπεις
1310 2992 1398 3050 οἷα
1424 2996 1657 3066 γράφει;

432 3094 676 3167 Αδραὰμ
709 3093 825 3148 υἱὸν
858 3092 952 3145 τὸν
992 3091 1166 3158 Λόγον
1191 3085 1433 3142 δείκνυσί
1466 3101 1577 3148 σοι,

405 3190 524 3243 Καὶ
546 3186 728 3267 Ξταῑδα
760 3183 929 3239 Δαϐἱδ
951 3184 1045 3237 τὸν
1086 3181 1221 3236 Θεὸν
1254 3178 1421 3232 Δαϐἰδ
1455 3176 1606 3245 λέγει

415 3282 510 3335 Ἐν
538 3283 606 3353 τῇ
643 3278 782 3352 πρὸς
800 3277 948 3349 ἡμᾶς
982 3276 1222 3345 σαρκικῇ
1255 3269 1557 3340 παρουσίᾳ.

1007 3369 1114 3432 Εις
1144 3365 1207 3419 τὸ
1234 3363 1405 3418 αὐτό.

406 3461 508 3525 *ος
533 3458 727 3532 γενεὴν
753 3459 984 3531 βροτέην
1013 3456 1314 3527 τεκτήνατο
1352 3456 1581 3525 ἄχρονος
1610 3453 1769 3519 ἄναξ,

402 3554 520 3607 Νῦν
545 3553 904 3622 γενεαλογιην
939 3549 1271 3615 κατεδέξατο
1291 3562 1304 3576 ·
1332 3549 1391 3600 έν
1424 3546 1482 3601 δέ
1522 3548 1573 3601 οἱ
1599 3543 1766 3617 ἦλθαν

415 3644 673 3715 Ἀϐραὰμ
707 3644 900 3699 Ἰσαάκ
928 3660 990 3696 τε
1039 3641 1383 3713 προπάτορε,
1410 3643 1531 3703 τοῖς
1586 3634 1631 3692 δ’
1666 3638 1758 3691 ἔπι
1799 3634 1985 3701 Δαϐἰδ,

403 3735 593 3806 Κούρη
616 3735 662 3791 θ’
688 3734 1013 3803 ἁγνοτόκεια
1052 3732 1296 3801 κυήσατο
1322 3730 1556 3802 ἄρρενος
1579 3729 1737 3797 ἄτερ.

760 3826 864 3892 Eli;
892 3825 1008 3893 τὴν
1044 3821 1303 3892 Χριστοῦ
1325 3820 1635 3891 γέννησιν.

404 3922 587 3991 ’Υπὲρ
611 3921 776 3988 λόγον
807 3918 869 3972 τὸ
892 3916 1085 3988 θαῦμα
1113 3915 1386 3985 παρθένος
1417 3912 1566 3967 κύει.

411 4013 584 4085 Ὑπὲρ
614 4012 774 4081 λόγον
799 4010 860 4063 τὸ
892 4006 1105 4078 θαῦμα,
1136 4005 1274 4077 πλὴν
1305 4005 1442 4059 Θεοῦ
1467 4004 1590 4056 κύει
1610 4015 1625 4030 ·

398 4107 557 4163 Τοῦτ’
581 4106 715 4161 αὐτὸ
744 4103 953 4171 καινὸν,
987 4103 1068 4166 εις
1099 4101 1235 4155 Θεὸν
1270 4099 1477 4171 βρέφος
1511 4098 1723 4169 βλέπω,

610 4259 678 4315 In
712 4261 823 4314 lum
856 4257 1044 4313 verba:
1065 4255 1218 4310 Liber
1250 4252 1643 4315 Generalionis,
1667 4259 1769 4308 etc.

468 4352 748 4409 Pnhlicam
783 4351 959 4413 vides,
994 4359 1049 4404 et
1078 4348 1256 4419 qualia
1291 4345 1510 4415 scriptis
1530 4345 1751 4400 mandet
1782 4344 1983 4400 intelli-

398 4446 519 4519 gis?
552 4445 787 4501 Verbum
838 4442 1004 4497 filium
1035 4454 1157 4495 esse
1186 4439 1423 4494 Abrahae
1476 4436 1570 4492 tibi
1622 4436 1979 4499 demonstrat,

397 4548 449 4593 et
497 4537 663 4592 Deum
705 4534 946 4597 Davidis,
982 4532 1204 4588 Davidis
1253 4532 1424 4585 lilium
1472 4545 1597 4586 esse
1643 4530 1978 4599 pronuntiat,

398 4639 522 4697 puta
548 4627 599 4681 in
630 4642 693 4681 ea
718 4638 879 4694 quam
909 4623 1192 4677 nobiscum
1217 4620 1431 4686 habuit,
1464 4620 1644 4675 carnis
1665 4621 1977 4689 prarsentia.

1054 4713 1123 4769 In
1157 4713 1316 4768 idem.

467 4807 567 4873 Qui
604 4807 883 4862 hominum
917 4819 1084 4876 genus
1118 4805 1509 4858 architectatus
1540 4811 1642 4868 est,
1676 4800 1788 4856 Rex
1848 4811 1984 4856 tem-

398 4900 509 4968 pori
541 4916 646 4953 non
683 4898 975 4962 obnoxius,
1014 4911 1158 4950 nunc
1189 4896 1459 4965 prosapiae
1491 4896 1738 4949 ordinem
1790 4894 1977 4951 subire

396 4996 649 5061 dignatus
678 5000 784 5053 est,
809 4990 899 5043 cui
930 4990 1269 5043 obvenerunt
1306 4987 1357 5040 in
1392 5001 1647 5055 proavos,
1677 4986 1978 5051 Abraham,

397 5096 448 5136 et
485 5083 663 5148 Isaac,
689 5090 744 5136 et
775 5085 841 5134 ab
879 5080 987 5135 illis
1032 5079 1227 5142 David,
1285 5087 1341 5131 et
1386 5079 1707 5133 intemerata
1763 5078 1975 5132 tandem

397 5177 569 5247 puella
602 5176 703 5228 viri
731 5188 928 5243 expers
959 5187 1081 5226 eum
1113 5172 1271 5226 enixa
1307 5180 1411 5224 est.

888 5265 954 5320 In
978 5264 1170 5320 Christi
1201 5261 1476 5319 Natalem.

464 5361 507 5416 0
546 5359 891 5422 miraculum,
920 5358 1069 5428 quod
1105 5358 1396 5410 humanam
1440 5355 1779 5409 transcendit
1813 5370 1973 5410 men-

395 5452 543 5509 tem!
597 5453 754 5521 virgo
810 5452 973 5519 parit,
1025 5448 1289 5502 rationem
1340 5447 1562 5516 quidem
1599 5456 1841 5516 superat,
1873 5447 1968 5502 sed

391 5542 629 5612 Spiritus
649 5540 819 5596 sancti
842 5538 1161 5609 Operatione
1185 5537 1461 5606 concipit:
1489 5537 1592 5591 hoc
1620 5537 1793 5606 ipsmn
1815 5537 1973 5591 inaus-

390 5636 560 5689 ditum
612 5640 718 5697 est,
773 5631 939 5685 Deum
976 5628 1241 5684 infantem
1292 5629 1468 5691 video,
1515 5642 1712 5683 novum
1753 5629 1971 5697 quidem

387 5735 495 5792 est,
527 5725 623 5779 sed
671 5723 853 5779 minus
882 5722 1108 5790 mirum,
1165 5720 1334 5777 Deum
1392 5731 1668 5776 amantem
1724 5720 1975 5777 homines

387 5818 621 5875 intueor.

2095 2895 2257 2951 Τοῦτ’
2280 2896 2413 2949 αὐτὸ
2444 2894 2655 2962 καινὸν,
2683 2894 2828 2967 πλὴν
2865 2896 3254 2969 φιλάνθρωπον
3289 2897 3343 2968 βὶ

2697 2991 2804 3053 Εἰς
2824 2989 2891 3043 τὸ
2921 2990 3091 3043 αὐτό.

2097 3073 2446 3148 Παρθενικῆς
2467 3074 2692 3145 Μιαρίης
2723 3075 2841 3129 υἱὸν
2883 3077 3015 3129 Θεὸν
3041 3077 3214 3131 ἔνδοθι
3242 3079 3315 3148 φά

2097 3169 2378 3238 Ἀγγελοι,
2431 3168 2758 3239 ἀστρολόγοι
2790 3165 3206 3239 βουθρέμμονες
3248 3170 3311 3239 ἀί.

2016 3301 2059 3357 C
2092 3263 2306 3327 Μοῦνος
2329 3263 2521 3335 ἄγριος
2539 3261 2675 3326 ἄναξ
2708 3261 2858 3315 δεινὰ
2885 3261 3049 3330 φρεσὶ
3078 3259 3499 3330 βυσσοδομεύων

2092 3352 2270 3425 Πέφνε
2307 3357 2481 3427 βρέφη
2517 3355 2832 3425 σύμπαντα,
2885 3351 3019 3406 Θεὸν
3074 3353 3299 3405 κτανεῖν
3338 3352 3670 3420 μενεαίνων.

2264 3449 2372 3515 Εἰς
2400 3448 2517 3516 τὴν
2553 3450 2640 3514 εἰς
2676 3447 2982 3516 Αἴγυπτον
3012 3444 3219 3514 φυγὴν
3268 3442 3496 3511 Ἰησοῦ.

2088 3536 2558 3610 Φεύγεις,Ἰησοῦ,
2592 3539 2717 3601 τοὺς
2748 3537 2805 3590 δὲ
2831 3536 3101 3597 δυνάστας
3133 3534 3400 3605 τρέμεις;

2088 3628 2305 3697 Φεύγω.
2331 3628 2533 3701 Βροτὸς
2561 3629 2668 3699 γάρ
2696 3628 2834 3697 εἶμι,
2866 3627 2961 3680 καὶ
2996 3625 3221 3694 φεύγειν
3242 3624 3390 3689 δέον,

2103 3722 2426 3785 Ἐνστάντος
2452 3719 2610 3774 οὔπω
2642 3719 2738 3773 τοῦ
2764 3720 2959 3789 χρόνου
2997 3735 3090 3789 μοι
3120 3716 3217 3771 τοῦ
3246 3715 3476 3780 πάθους.

2088 3816 2197 3869 Καὶ
2225 3815 2396 3886 φεῦγε
2431 3816 2643 3878 λοιπὸν,
2674 3813 2835 3883 ἄχρις
2878 3809 3125 3881 Ἡρώδης
3150 3810 3312 3882 θάνῃ.

2671 3908 2778 3970 Εἰς
2812 3905 2877 3957 τὸ
2898 3904 3066 3957 αὑτό.

2087 3999 2367 4066 Αἴγυπτον
2400 3998 2731 4051 σκοτόεσσαν
2758 3996 3044 4065 ἐπέρχεαι,
3078 3988 3124 4047 ὧ
3151 3994 3254 4049 ενα
3277 3994 3480 4065 Χριστὲ
3509 4031 3526 4058 ,

2084 4092 2438 4167 Ἀμπλακιης
2464 4095 2607 4165 ὄφρα
2652 4091 2837 4145 κεῖθεν
2861 4090 2970 4144 ἀπὸ
2999 4088 3191 4159 βροτὸν
3218 4089 3388 4160 ἄνδρα
3423 4088 3667 4161 σαὼτῃς.

2745 4242 2812 4301 In
2845 4245 2982 4302 idem

2153 4387 2334 4444 Mariae
2365 4385 2602 4456 Virginis
2632 4384 2873 4438 divinum
2925 4381 3145 4446 Filium,
3177 4381 3232 4436 in
3265 4381 3471 4436 stabuli
3503 4390 3667 4453 tugu-

2086 4480 2223 4534 riolo
2277 4478 2575 4550 repositum
2632 4476 2832 4545 angeli,
2885 4474 3040 4543 Magi,
3096 4483 3349 4544 pastores
3397 4476 3669 4532 reverenti
3714 4542 3724 4548 ,

2090 4570 2416 4625 adoratione
2467 4567 2741 4639 prosecuti
2774 4574 2898 4620 sunt
2932 4581 2951 4618 :
2992 4564 3145 4621 ferus
3191 4566 3368 4620 solum
3403 4576 3669 4638 tyrannus

2015 4656 2058 4710 D
2087 4659 2352 4730 profunda
2411 4658 2740 4730 cogitatione
2783 4656 3023 4712 crudelia
3056 4656 3279 4713 molitus
3312 4659 3536 4714 consilia
3584 4660 3669 4715 in-

2084 4752 2323 4806 fantulos
2359 4750 2682 4805 victimariis
2707 4747 2928 4805 ensibus
2958 4745 3281 4816 demessuil,
3318 4750 3485 4805 Deum
3516 4749 3670 4806 occi-

2081 4841 2213 4896 dere
2244 4838 2511 4911 gestiens.

2430 4974 2506 5030 De
2539 4973 2734 5031 Christi
2761 4974 2889 5046 fuga
2919 4974 2976 5030 in
3008 4973 3322 5046 Egi/ptum.

2152 5109 2234 5162 An
2269 5117 2623 5178 tyrannorum
2654 5107 2867 5163 insidiis
2895 5108 3194 5164 exterritus
3245 5107 3422 5163 solum
3469 5107 3663 5175 vertis,

1994 5238 1997 5239 ν
2084 5214 2115 5256 ο
2143 5197 2308 5254 Jesu?
2335 5198 2501 5269 fugio,
2525 5213 2646 5253 cum
2668 5198 2913 5255 mortalis
2935 5199 3036 5253 sim
3061 5198 3411 5266 conditionis,
3439 5212 3505 5254 ac
3530 5200 3662 5255 mihi

2084 5291 2269 5362 fugere
2297 5293 2592 5359 incumbat,
2626 5294 2759 5346 hora
2795 5291 3032 5345 nondum
3083 5306 3220 5347 mea
3269 5292 3539 5360 passionis
3571 5290 3663 5347 in~

2080 5392 2278 5436 stante.
2311 5381 2406 5435 Eia
2440 5394 2537 5449 age
2568 5379 2638 5436 de
2682 5388 2883 5434 caetero
2923 5378 3116 5444 lateas,
3171 5381 3352 5449 quoad
3415 5375 3660 5435 Herodes

2079 5489 2110 5529 e
2140 5474 2250 5527 vita
2278 5471 2599 5527 decesserit.

2735 5603 2803 5661 In
2853 5604 3013 5662 idem.

2155 5722 2203 5774 0
2238 5735 2334 5776 rex
2380 5720 2618 5788 Christe,
2661 5720 2717 5776 in
2758 5719 3109 5792 caliginosam
3142 5726 3196 5775 te
3228 5716 3443 5775 confers
3488 5713 3658 5788 Αἰπ-

2076 5825 2253 5885 ptum,
2288 5818 2347 5867 ut
2380 5810 2531 5869 illinc
2582 5810 2842 5868 mortales
2877 5825 2906 5867 a
2942 5809 3207 5869 scelerum
3259 5806 3523 5865 servitute
3568 5818 3658 5861 re-
