4050 6406
389 373 528 441 1179

373 492 574 564 Κούφῃ
602 490 649 544 δ’
675 491 733 543 ὲν
766 489 1027 561 νεφέλῃφι
1057 485 1328 551 καθιζεαι,
1350 484 1424 548 ὥς
1456 484 1515 554 μ’
1543 485 1822 556 ἀναείρῃς,

375 587 570 655 Κούφῃ
603 586 662 638 ὲν
691 583 913 656 νεφέλῃ.
957 582 1158 651 σεμνοῦ
1202 581 1248 634 τ’
1279 579 1383 636 ἀνᾶ
1410 578 1651 650 πατέρος
1680 579 1881 646 ἀγκάς.

481 681 584 742 Εἰς
609 677 677 730 τὸ
704 677 979 745 κήρυγμα
1005 675 1102 729 καὶ
1137 673 1252 741 τὴν
1276 671 1512 740 στολὴν
1536 667 1846 726 Ἰωάννου.

384 765 659 836 Ἐρημικὰ
692 764 982 834 ξύμπαντα
1003 763 1082 833 τῷ
1114 763 1393 832 Ζαχαρίου
1412 774 1429 791 ·

381 853 447 908 Ἦ
473 855 579 923 γὰρ
611 853 772 922 στολὴ
815 853 1028 923 πέφυκε
1071 854 1322 923 καμήλου
1355 851 1563 921 τρίχες,

370 949 446 1001 Τὸ
476 947 637 1018 ζῶμα
670 946 711 1018 ’ί-
743 948 944 1017 δέρμα,
973 945 1218 1016 πλοχμὸς
1246 947 1538 1016 αὐχμηρὸς
1568 944 1772 1016 κόμης,

371 1039 603 1110 Βλέμμα
634 1039 915 1110 βλοσυρὸν,
951 1038 1046 1092 καὶ
1087 1038 1431 1108 μετάγνωσις
1459 1037 1638 1105 λόγος.

961 1131 1064 1197 Εἷς
1092 1132 1157 1184 τὸ
1192 1132 1360 1184 αὐτό.
1691 1177 1694 1182 .

368 1223 583 1293 Νηδύος
612 1224 678 1278 ὲκ
704 1223 999 1293 προμολὼν
1029 1225 1261 1292 στερεῆς
1287 1221 1485 1286 κλυτὸς
1513 1219 1774 1290 Ἰωάννης

368 1315 481 1386 Γὴν
507 1320 737 1387 στερεὴν
759 1315 1000 1388 ᾤκησεν,
1033 1315 1303 1386 Ἰορδάνου
1334 1317 1480 1385 ἀμφὶ
1508 1314 1564 1366 δὲ
1596 1312 1840 1386 ῥείθροις

372 1407 571 1476 Ὀχλον
599 1408 920 1477 ἀπειρέσιον
945 1406 1239 1460 πλυνέσκει
1276 1408 1356 1470 εἰς
1390 1406 1701 1475 μετάνοιαν.

370 1499 577 1570 Δέρκεο
604 1498 890 1568 θοιμάτιον
919 1501 1011 1552 καὶ
1033 1499 1132 1568 τὴν
1155 1499 1340 1569 τρίχα,
1371 1497 1562 1568 θαῦμα
1603 1496 1837 1551 ἰδέσθαι.

861 1591 967 1655 Εὶς
998 1590 1113 1656 τὴν
1134 1589 1450 1654 βάπτισιν.

369 1677 439 1733 Tt
463 1680 618 1750 δρᾷς,
651 1679 904 1748 ποταμέ;
935 1680 1040 1733 ποῦ
1068 1680 1136 1734 τὰ
1168 1681 1361 1752 ῥεῖθρά
1390 1698 1486 1736 σου
1513 1679 1810 1751 στρέφεις;

368 1773 484 1824 Οὐκ
508 1767 628 1824 οἶδα
660 1772 713 1825 τι
737 1771 868 1841 δρῶ,
900 1772 1040 1843 πλὴν
1061 1773 1154 1826 τὸν
1187 1773 1401 1826 ἑστῶτα
1431 1773 1620 1843 τρέμω
1642 1789 1659 1805 ο

366 1864 481 1934 Οὐχ
524 1859 602 1926 εἷς
628 1879 693 1931 γε
732 1865 842 1935 μὴν
864 1863 1124 1935 ἕστηκεν,
1145 1859 1226 1926 εἷς
1257 1864 1314 1917 δέ
1339 1880 1408 1936 με
1441 1866 1697 1935 στρέφει·

379 1953 592 2020 Ὀποϊος
623 1949 780 2020 οὗτος
807 1973 824 2024 ;
856 1957 956 2027 τὴν
981 1955 1318 2027 περιστερὰν
1346 1957 1564 2011 σκόπει.

929 2048 1034 2114 Εἰς
1071 2047 1135 2102 τὸ
1173 2049 1345 2103 αὑτό.

367 2139 466 2203 Τίς
499 2140 669 2195 πόθεν
695 2136 799 2207 εἷς,
831 2139 1106 2217 ᾳῦχμῆεν,
1139 2139 1423 2210 όρέστερε,
1453 2141 1611 2212 ἀγριε
1646 2142 1802 2212 ἄνερ,

367 2233 574 2304 θύρεος
607 2233 668 2298 ἐξ
694 2234 924 2288 ἀϐάτοιο
951 2235 1222 2304 Ἰορδάνου
1256 2235 1406 2304 ἀμφὶ
1437 2235 1679 2306 ῥέεθρα;

366 2324 497 2393 Εἰμὶ
525 2324 686 2376 Θεοῖο
715 2323 912 2392 Λόγοιο
943 2323 1215 2393 διήκονος,
1249 2319 1310 2379 οῦ
1333 2326 1414 2378 ἐνὶ
1439 2325 1586 2396 κάρη

366 2415 662 2486 Δεξιτερὴν
691 2414 948 2485 ἀνάειρα,
983 2417 1148 2485 φόϐος
1183 2416 1241 2470 δέ
1272 2434 1342 2484 με
1377 2419 1508 2484 γυῖα
1532 2418 1807 2487 ὑπῆλθεν.

363 2507 472 2572 Εις
501 2507 763 2574 Χριστὸν
810 2507 1238 2576 πειραζόμενον
1290 2510 1412 2566 ὑπὸ
1473 2511 1581 2565 τοῦ
1641 2511 1946 2567 διαϐόλου.

368 2600 574 2664 Αἱτείς,
609 2595 799 2668 μιαρὲ,
831 2601 1164 2667 προσκυνεῖν
1197 2617 1280 2653 σοι
1315 2601 1411 2654 τὸν
1446 2602 1644 2670 Λόγον,

267 2707 272 2711 ‘
368 2693 476 2746 Τὸν
506 2692 888 2764 προσκυνητὸν
911 2695 1029 2756 ταῖς
1053 2691 1169 2746 ἀνω
1203 2695 1596 2766 στρατηγίαις·

367 2786 700 2856 Κατεγγυᾷς
729 2784 808 2848 δὲ,
843 2785 1054 2856 πτωχὲ,
1084 2785 1184 2855 τῆς
1211 2787 1318 2856 γῆς
1349 2788 1416 2840 τὰ
1437 2790 1613 2860 κράτη

365 2877 459 2949 Τῷ
491 2878 844 2952 παμϐασιλεῖ.
877 2877 989 2948 Τῆς
1016 2878 1294 2941 ἀναιδείας
1319 2879 1481 2951 ὅσηςι

367 2993 557 3048 trahas
587 2992 745 3046 sedes
777 2991 904 3047 item
935 2990 991 3045 in
1027 2992 1170 3046 nube
1198 2992 1323 3057 levi,
1360 3002 1423 3047 ut
1452 3008 1539 3049 me
1588 3009 1808 3051 sursum
1858 3007 1944 3053 at-

367 3082 544 3148 tollas,
577 3083 717 3137 inter
743 3081 1001 3137 adorandi
1029 3080 1208 3138 Patris
1238 3083 1393 3139 ulnas
1419 3087 1835 3145 admittendum.

613 3175 690 3229 De
738 3175 962 3230 Joannis
984 3175 1358 3244 prwdicatione
1401 3193 1463 3230 ac
1486 3178 1695 3232 vestitu.

437 3267 656 3335 Omnia,
691 3283 810 3336 quae
853 3268 908 3321 in
943 3265 1220 3320 Zachariae
1253 3267 1369 3322 ﬁlio
1408 3278 1535 3324 sunt
1583 3285 1786 3326 meram
1818 3270 1946 3325 soli-

363 3361 605 3414 tudinem
642 3359 922 3424 redolent;
957 3359 1124 3413 vestis
1146 3359 1289 3412 enim
1325 3373 1389 3412 ex
1423 3361 1546 3427 pilis
1579 3363 1770 3416 cameli
1810 3379 1943 3417 con-

360 3458 511 3506 texta
550 3461 654 3516 est,
688 3465 753 3506 ex
776 3450 915 3520 pelle
945 3466 1119 3518 zona;
1145 3450 1369 3506 horrent
1393 3453 1591 3520 impexi
1622 3454 1941 3522 capillorum

365 3540 543 3604 ﬂocci,
585 3556 810 3597 severus
841 3540 1053 3607 oculus,
1084 3557 1264 3596 sermo
1293 3543 1528 3613 denique
1567 3547 1940 3614 paenitentiam

366 3641 606 3686 resonat.

1027 3699 1092 3756 In
1119 3701 1276 3755 idem.

438 3793 513 3846 Ex
544 3793 717 3848 sterili
748 3807 1004 3863 egressus
1051 3805 1206 3848 utero
1269 3791 1669 3849 famosissimas
1701 3794 1940 3856 Joannes

363 3882 578 3935 steriles
609 3882 833 3937 incoluit
867 3891 1066 3947 terras,
1098 3895 1234 3950 quas
1269 3879 1519 3936 Jordanis
1566 3882 1824 3937 ﬂuentum
1860 3887 1942 3938 in-

360 3975 607 4043 tercipit,
663 3972 752 4028 ubi
817 3973 1325 4027 numerosissimam
1375 3975 1560 4040 populi
1617 3977 1828 4028 turbam
1884 3977 1936 4030 in

359 4061 734 4133 pecnitentiam
769 4064 897 4118 lavit
933 4079 948 4117 :
983 4065 1238 4118 vestitum
1292 4079 1322 4118 e
1375 4065 1498 4134 pilis
1547 4076 1601 4120 et
1653 4067 1935 4124 birsutietn

357 4157 685 4222 considera;
716 4156 835 4228 ipso
865 4164 1086 4225 aspectu
1121 4155 1439 4210 miraculum
1472 4157 1694 4212 excitat.

926 4241 993 4296 In
1039 4244 1383 4311 baptismum;

431 4333 572 4400 Quid
616 4335 691 4390 rei
726 4344 834 4398 est,
873 4350 906 4388 ο
941 4334 1180 4389 ﬂumen?
1209 4350 1319 4404 quo
1359 4335 1558 4391 ﬂuenta
1594 4347 1681 4392 tua
1731 4347 1936 4395 retror-

309 4476 320 4486 .
359 4441 482 4484 tum
510 4426 825 4480 convertis?
852 4428 982 4495 quid
1002 4441 1042 4481 Α
1073 4441 1157 4482 me
1193 4427 1286 4480 liat
1313 4442 1432 4482 sum
1462 4429 1698 4495 nescius,
1731 4431 1824 4484 sed
1852 4431 1934 4482 vi-

364 4534 482 4573 rum
507 4532 674 4586 prope
692 4526 960 4572 astanzem
996 4531 1225 4571 vereor:
1259 4531 1357 4571 nee
1380 4533 1518 4572 unus
1540 4520 1751 4593 quidem
1772 4529 1904 4574 astat

361 4611 457 4666 sed
493 4623 630 4661 unus
664 4623 749 4663 me
776 4610 1119 4662 retrocedere
1155 4610 1297 4674 cogit
1328 4621 1342 4658 :
1377 4607 1554 4676 qualis
1592 4624 1755 4678 porro
1790 4611 1935 4665 iste?

360 4703 662 4758 columbam
690 4705 920 4755 obtuere
949 4717 963 4753 :
1001 4712 1112 4754 tum
1141 4700 1362 4754 reicies.
1430 4746 1433 4749 .

571 4845 576 4849 ς
1021 4792 1042 4846 1
1049 4809 1083 4846 n
1104 4793 1261 4847 idem.

429 4885 564 4951 Quis
591 4885 729 4939 umle
755 4894 805 4938 te
831 4885 1014 4953 pedes,
1046 4901 1078 4938 ο
1113 4888 1343 4956 agrestis
1391 4895 1446 4943 et
1474 4887 1741 4958 squallide
1785 4901 1937 4941 mon-

361 4979 549 5040 ticola,
584 4992 615 5031 e
647 4977 881 5031 desertis
913 4976 1210 5032 adveniens
1233 4979 1483 5043 collibus,
1519 4993 1656 5048 quos
1686 4977 1936 5034 Jordanis

354 5072 507 5122 sinus
562 5067 948 5122 interlabitur?
983 5067 1114 5122 Sum
1163 5070 1331 5124 divini
1366 5070 1513 5123 verbi
1566 5069 1832 5130 minister,
1880 5070 1934 5122 in

354 5158 506 5226 cujus
529 5157 875 5225 eaput,inter
899 5157 1300 5225 baptizandum,
1317 5172 1517 5213 manus
1545 5158 1733 5222 extuli;
1761 5174 1936 5212 meos-

351 5265 460 5320 que
491 5251 659 5304 subiit
688 5262 840 5304 artus
873 5249 1128 5302 formido.

637 5342 705 5395 lu
737 5341 1007 5396 Christum
1045 5359 1075 5395 α
1106 5343 1342 5396 (temone
1372 5351 1649 5398 tentatum.

424 5435 638 5496 Ambis,
673 5450 706 5487 ο
741 5433 991 5498 sceleste,
1021 5436 1087 5486 ab
1119 5436 1235 5502 ipso
1262 5434 1480 5486 adorari
1516 5435 1701 5487 divino
1730 5434 1929 5499 Verbo,

351 5525 442 5592 qui
482 5526 687 5578 militia:
719 5526 924 5579 caelesti
959 5526 1269 5578 adorandus
1300 5534 1378 5578 est
1408 5541 1424 5589 ;
1457 5535 1512 5578 et
1559 5529 1648 5594 qui
1706 5535 1820 5580 tute
1852 5528 1933 5579 iii-

353 5615 508 5676 itipus
541 5630 620 5677 es,
651 5616 914 5668 universae
970 5625 1128 5669 terra:
1179 5615 1438 5669 ditionem
1495 5616 1765 5684 polliceris
1812 5631 1932 5670 om-

355 5706 503 5754 nium
537 5703 646 5770 regi
680 5717 694 5755 :
736 5703 907 5770 prob!
942 5715 1203 5772 quantum
1242 5707 1566 5759 temeritatis
1605 5713 1658 5758 et
1719 5707 1929 5776 impru-

349 5796 562 5846 denum.

1588 368 1985 432 TllEODORI
2027 370 2432 434 PRODROMI

3503 364 3641 432 11έο

2639 489 2742 556 Εις
2773 485 2837 540 τὸ
2871 485 3038 540 αὐτό.

2069 581 2314 648 ’Ἄδαμον
2343 577 2737 653 ἀρχιγένεθλον
2772 581 2824 651 ἰῇ
2850 580 2931 632 ὲνὶ
2961 575 3201 632 κάϐϐαλε
3229 575 3376 648 πάλῃ

2061 673 2306 740 Δαίμων.
2338 670 2527 741 Αὐτὰρ
2549 670 2577 723 ὅ
2611 687 2706 739 μιν
2731 671 2989 740 τρισσῇσι
3019 668 3498 740 παλαισμοσύνῃσι

2060 761 2292 824 Δοῖσθος
2315 761 2489 830 Ἀδὰμ
2523 759 2762 830 ἐνάριξε,
2793 762 2886 813 καὶ
2926 760 3155 829 ἔννομον
3178 759 3354 828 ἥρατο
3389 761 3594 826 κάρτος
3621 773 3637 788 ·

2061 856 2317 924 Τρισσοτς
2356 854 2467 926 γάρ
2497 854 2548 907 τ’
2577 853 2823 908 ἀέθλοισι
2869 852 3271 923 πα).αιστρικὸ;
3306 851 3521 921 ἔμμορε
3549 853 3636 902 νί-

3410 943 3559 1015 [211:-

2054 1040 2155 1105 Εἰς
2187 1039 2297 1092 τὸν
2326 1038 2563 1093 ῑαθέντα
2589 1038 2706 1093 ὑπὸ
2740 1036 2853 1106 τῆς
2880 1038 3042 1108 ἁφῆς
3088 1036 3348 1105 Χριστοῦ
3380 1039 3630 1104 λεπρόν.

2058 1129 2164 1183 Τὸν
2194 1131 2396 1202 mea.
2429 1129 2742 1201 ἀκάθαρτον
2772 1131 2904 1184 ὄντα
2930 1131 3008 1200 τῷ
3041 1133 3194 1200 νόμῳ

2057 1225 2217 1295 Χειρὶ
2251 1227 2476 1294 κρατεῖς
2512 1227 2599 1279 σὺ.
2631 1227 2725 1279 καὶ
2759 1225 3114 1295 θεραπεύεις,
3148 1226 3312 1292 Λόγε.

2056 1314 2133 1367 Ού
2159 1315 2268 1383 γὰρ
2304 1306 2578 1383 κατῆλθες
2609 1315 2687 1386 τῷ
2722 1317 3211 1386 κεκαθαρισμένῳ,

2055 1407 2136 1477 Τῇ
2156 1405 2202 1459 δ’
2234 1405 2447 1478 ἐθνικῇ,
2487 1408 2728 1478 μάλιστα
2755 1408 2951 1478 λέπρᾳ,
2988 1409 3210 1480 καρδίᾳ.

2635 1504 2737 1568 Εἰς
2772 1502 2840 1556 τὸ
2865 1504 3031 1560 αὐτό.

2054 1592 2168 1648 Νῦν
2204 1594 2302 1664 μὲν
2333 1593 2428 1648 ἕνα
2457 1593 2712 1663 Χριστοίο
2738 1594 3020 1664 καθήρατο
3055 1593 3299 1668 δάκτυλα
3330 1592 3562 1662 λεπρόνο

1979 1709 2024 1766 Β
2067 1685 2214 1740 Ἀλλ’
2242 1687 2320 1740 ὅτ’
2356 1687 2453 1740 ἐπὶ
2494 1689 2758 1756 σταυροῖο
2792 1685 3104 1756 τεθήσεται,
3139 1685 3239 1754 οὐχ
3271 1683 3374 1737 ἕνα
3409 1682 3630 1757 μοῦνον,

2051 1776 2220 1831 Φύσιν
2250 1777 2382 1848 ὃλην
2421 1775 2468 1829 δ’
2506 1775 2681 1847 Ηισεθ⁷
2709 1774 2839 1846 ὅλην
2871 1774 3080 1843 λέπρην
3113 1789 3220 1846 περ
3249 1771 3468 1825 ἐοῦσαν.

2053 1866 2226 1934 Ἀψαι
2257 1865 2468 1938 κάμοῦ,
2494 1865 2722 1936 Χριστὲ,
2753 1865 2872 1928 νοὸς
2905 1865 2949 1918 δ’
2976 1865 3084 1920 ἀπὸ
3109 1863 3319 1934 λέπραν
3350 1861 3556 1930 ἄειρον.

2124 1962 2229 2026 Εἰς
2250 1959 2316 2014 τὸ
2337 1958 2489 2014 κατὰ
2513 1956 2629 2026 τὴν
2647 1955 2943 2025 πενθερὰν
2966 1954 3074 2009 τοῦ
3099 1955 3323 2022 Πέτρου
3345 1953 3562 2022 θαῦμα.

2050 2049 2262 2117 Ἧλθες
2283 2053 2470 2124 βαλειν
2496 2051 2632 2123 πῦρ,
2667 2052 2744 2115 ὼς
2778 2051 2940 2122 ἔφης,
2977 2052 3057 2113 εἰς
3079 2049 3175 2104 τὸν
3210 2050 3346 2118 βίον,

2064 2146 2206 2200 Ἀλλ’
2218 2145 2294 2210 ὡς
2318 2145 2454 2216 ὁρῶ,
2487 2144 2598 2216 πῦρ
2629 2144 2831 2216 μᾶλλον
2853 2143 3160 2209 ἐκϐάλλεις,
3187 2142 3352 2211 Λόγε,

2056 2235 2133 2292 Τδ
2157 2238 2488 2307 πυρεταῖνον
2519 2235 2763 2304 ὑγιάζων
2793 2235 3038 2306 σαρκίον.

2057 2329 2250 2383 Ὄναιο
2283 2327 2461 2383 ταῦτα
2484 2329 2583 2400 τῆς
2616 2327 2940 2398 μαθητείας,
2975 2325 3174 2397 Πέτρε.

2621 2419 2722 2482 El;
2763 2418 2830 2469 τὸ
2868 2415 3036 2470 αὐτό.

2053 2511 2171 2565 Νῦν
2220 2511 2320 2582 μὲν
2372 2509 2608 2582 Χριστὸν
2637 2509 2872 2572 ἄνακτα,
2910 2505 3110 2576 Πέτρε,
3153 2503 3490 2577 προκαλίζεο
3543 2505 3629 2570 ln-

3381 2596 3558 2669 [τρδν.

2053 2695 2298 2764 Πνρετδν
2324 2693 2467 2764 Epp:
2497 2691 2649 2747 δάϊον
2675 2690 2864 2745 ὲσαύοι
2891 2690 3129 2761 φύξιμος
3156 2689 3301 2761 αὖρα
3328 2704 3342 2720 ’

2055 2788 2196 2842 Σκιά
2227 2787 2284 2840 δέ
2313 2784 2355 2856 -ι-
2383 2803 2475 2838 σου
2517 2783 2812 2855 μετόπισθε
2832 2784 3178 2854 τροπώσεται
3201 2781 3362 2835 ἔθνεα
3393 2777 3626 2845 νούσων,

2064 2879 2157 2932 Ἐν
2182 2878 2239 2932 δὲ
2271 2876 2436 2948 χιτὼν
2480 2875 2738 2929 νεκύεσσι
2788 2875 2950 2947 πόροι
2984 2873 3368 2945 βιοθρέμμονα
3409 2871 3624 2942 πνοιήν.

2706 2990 2774 3045 In
2803 2991 2964 3045 idem.

2119 3086 2416 3155 Antiquam
2447 3084 2713 3140 Adamum
2759 3084 2920 3139 unius
2968 3082 3127 3138 luctzc
3173 3095 3469 3150 congressu
3497 3093 3628 3148 pro-

2025 3179 2243 3236 ~stravit
2267 3179 2500 3242 dmmon;
2533 3177 2626 3231 sed
2661 3177 2834 3230 tribus
2865 3190 2988 3228 eum
3020 3172 3462 3229 dimicationibus
3521 3186 3624 3226 no-

2047 3286 2147 3326 vus
2182 3269 2466 3325 debellavit
2519 3269 2692 3322 Adam
2727 3266 3060 3337 legitimam,
3113 3273 3173 3320 ut
3227 3265 3285 3325 in
3340 3265 3622 3335 palmstra,

2044 3356 2327 3409 victoriam
2358 3355 2627 3417 sortitus;
2661 3355 2835 3409 tribus
2880 3354 3025 3408 enim
3078 3353 3276 3423 praeliis
3324 3365 3621 3423 generosus

2045 3444 2188 3517 pugil
2225 3447 2458 3516 palmam
2491 3455 2816 3502 consecutus
2847 3457 2952 3501 est.

2223 3561 2290 3616 In
2313 3557 2574 3629 leprosum
2596 3573 2661 3612 ea:
2684 3557 2797 3611 sola
2826 3557 3026 3614 Christi
3056 3557 3427 3612 attrectatione

2595 3631 3058 3688 convalescentem.

2112 3719 2271 3785 Eum,
2305 3721 2394 3790 qui
2428 3719 2659 3790 pollutus
2691 3721 2807 3791 lege
2855 3721 2969 3790 ipsa
3017 3719 3288 3788 judicatus
3317 3728 3420 3787 est,
3457 3735 3616 3773 manu

2041 3815 2365 3884 prehensum
2399 3814 2616 3868 sanitati
2651 3814 2916 3879 restituis,
2948 3827 2983 3868 ο
3015 3811 3294 3878 Verbum;
3332 3827 3430 3866 nec
3465 3812 3612 3867 enim

2040 3921 2252 3972 eorum,
2289 3906 2378 3975 qui
2411 3906 2596 3960 mttndi
2631 3910 2781 3969 sunt,
2816 3905 3011 3974 gratia,
3065 3905 3118 3959 in
3173 3913 3346 3959 terras
3387 3904 3617 3960 descen-

2039 3999 2187 4061 disti,
2221 3998 2313 4052 sed
2350 4012 2447 4067 pro
2479 3997 2762 4052 animabus
2796 3995 3124 4060 idololatria,
3155 4010 3276 4065 quae
3307 4005 3420 4048 tota
3467 3993 3614 4063 lepra

2038 4101 2143 4156 est,
2174 4087 2412 4146 infectis.

2690 4201 2758 4256 In
2806 4200 2964 4255 idem.

2111 4293 2268 4348 Hunc
2297 4293 2514 4363 quidem
2546 4291 2751 4347 Christi
2787 4307 2979 4345 manus
3009 4306 3174 4344 unum
3222 4289 3502 4345 inundavit
3535 4288 3613 4343 le-

2037 4401 2298 4454 prosum;
2333 4385 2427 4440 sed
2459 4384 2547 4438 tibi
2584 4385 2726 4453 ligno
2761 4384 3083 4453 conligetur,
3126 4399 3230 4436 non
3266 4383 3354 4435 uni
3411 4381 3610 4446 solum,

2043 4490 2228 4529 verum
2262 4475 2354 4528 toti
2380 4480 2585 4526 natura:
2613 4473 2993 4536 medicabitur,
3027 4487 3145 4542 qua:
3173 4479 3281 4526 tota
3317 4471 3461 4540 lepra
3487 4483 3612 4551 per-

1914 4559 1935 4633 ;
1967 4528 2013 4587 θ
2040 4564 2155 4620 l'usa
2178 4575 2260 4619 est
2282 4604 2295 4618 .
2319 4561 2855 4631 meetiam,Cbriste,
2891 4563 3112 4633 tangito,
3134 4573 3189 4616 et
3216 4576 3244 4614 a
3279 4577 3395 4616 mea
3432 4535 3614 4616 animo

2037 4656 2243 4726 lepram
2277 4657 2462 4711 erade.

2343 4768 2420 4823 De
2442 4767 2701 4823 miraculo
2744 4783 2874 4838 ergo
2916 4784 3126 4822 socrum
3154 4767 3326 4823 Petri.

2109 4863 2296 4932 Ignem
2342 4863 2615 4918 missurus
2663 4860 2717 4915 in
2768 4861 2935 4914 vitam
2994 4861 3215 4923 venisti,
3252 4861 3330 4915 uti
3363 4859 3606 4926 dicebas;

2037 4955 2152 5020 sed,
2191 4962 2251 5007 ut
2280 4953 2464 5017 video,
2503 4953 2680 5022 ignem
2736 4953 2916 5019 potius
2952 4951 3218 5015 amoliris,
3266 4967 3300 5006 ο
3350 4949 3607 5016 Verbum,

2037 5047 2166 5100 dum
2199 5046 2632 5099 inardescentem
2665 5041 2802 5097 febri
2833 5042 3122 5099 cuticulam
3154 5057 3317 5098 sanas
3350 5059 3364 5097 :
3398 5058 3466 5099 ex
3508 5043 3610 5098 hac

2036 5136 2323 5206 disciplina
2361 5144 2535 5191 macte
2564 5145 2682 5191 esto
2710 5135 3027 5201 virtutibus,
3061 5151 3094 5190 ο
3127 5134 3305 5191 Petro.

2685 5248 2752 5303 In
2786 5249 2946 5304 idem.
3427 5312 3434 5318 ,

2107 5342 2261 5397 Nunc
2294 5343 2509 5412 quidem
2561 5341 2840 5396 Christum
2873 5357 3055 5410 regem
3086 5342 3140 5395 in
3179 5343 3447 5396 medicum
3484 5359 3609 5397 evo-

2033 5451 2148 5500 cas,
2181 5451 2214 5489 ο
2248 5435 2427 5499 Petra,
2464 5449 2572 5502 quo
2624 5434 2924 5503 depellendi
2975 5435 3186 5488 ardoris
3243 5436 3347 5488 vim
3402 5435 3607 5490 habens

2035 5539 2165 5578 aura
2195 5522 2570 5578 vehementem
2600 5523 2792 5576 febrim
2833 5522 3113 5591 refrigeret
3151 5543 3166 5578 :
3205 5536 3295 5578 tua
3327 5541 3451 5578 vero
3484 5543 3607 5578 nni-

2035 5615 2132 5669 bra
2167 5630 2274 5669 non
2309 5616 2381 5668 ita
2412 5614 2583 5667 multo
2627 5621 2745 5681 post
2796 5616 3107 5668 morborum
3141 5617 3328 5684 lugare
3361 5618 3605 5670 multitu-

2033 5708 2215 5759 dinem
2243 5745 2259 5772 ,
2295 5716 2499 5775 tuaque
2547 5705 2728 5759 tunica
2781 5706 2999 5761 vitalem
3054 5706 3306 5763 conferre
3353 5708 3604 5776 spiritum

2033 5803 2244 5864 poterit.
