4050 6390
356 330 490 398 1181

386 511 706 583 ἀνθρώπου
740 516 851 569 οὐκ
888 511 1012 585 ἔχει
1040 511 1179 573 ⁷ποῦ
1221 511 1335 588 tipa-
1363 511 1641 591 θὶὲφαλὴῶ·
1674 523 1897 577 κλῖναι.

348 607 461 679 ibi];
490 608 589 660 οὐκ
621 606 768 677 ἔχειν
796 611 901 662 ποῦ
932 610 1033 679 τὴν
1060 610 1259 681 χάραν,
1292 614 1519 683 Χριστὲ,
1546 614 1760 686 κλίνης,

352 699 531 768 Σαφὲς
563 700 622 753 τὸ
665 699 831 769 ῥητόν
852 718 866 733 ο
894 703 946 771 ἡ.
968 703 1076 773 γὰρ
1106 704 1291 769 ἔνθεος
1320 706 1506 774 φύσις,

365 790 427 844 Ἠ
454 793 518 861 σὴ
552 792 762 863 κεφαλὴ
794 792 891 847 τοῦ
920 794 1288 866 Θεανθρὼπου
1312 800 1493 867 Λόγου

351 883 469 938 Οὐκ
499 884 566 939 ἂν
596 885 758 958 κλιθῇ
802 901 910 940 που
937 903 952 919 ο
984 889 1079 942 καὶ
1107 890 1218 959 γὰρ
1243 891 1636 966 ἀκλινεστάτη.

911 998 1018 1063 Εἰς
1047 998 1117 1053 τὸ
1157 1000 1329 1055 αὑτό.

350 1109 567 1164 Φωλεδν
601 1110 747 1182 ἄμφι
773 1112 1034 1182 μένουσιν
1061 1114 1371 1181 ἀλώπεκες,
1406 1119 1467 1173 ὲν
1504 1120 1562 1174 δὲ
1593 1123 1863 1179 πετεινῶν

349 1204 638 1273 Οὐρανίων
669 1204 900 1276 γενέθλη
929 1221 944 1237 ο
981 1207 1224 1278 Χριστὸς
1248 1209 1296 1263 δ’
1338 1209 1436 1265 ἕνα
1471 1213 1655 1284 πῆχυν
1683 1216 1932 1288 ἀρούρης

360 1295 453 1358 Ἐς
487 1296 651 1366 δόμον
676 1297 739 1350 οὐ
767 1299 981 1370 φορέει.
1016 1299 1091 1361 Τί,
1104 1301 1241 1370 πρὸς
1260 1302 1388 1358 τάδε
1413 1308 1574 1373 φαῖεν
1599 1309 1825 1375 ἐκεῖνοι,

347 1386 415 1440 Οἳ
445 1387 681 1458 χρυσοῦν
708 1389 996 1460 δομέουσιν
1032 1392 1330 1465 ὑπείροχον
1354 1394 1512 1466 ὕψιον
1538 1393 1711 1469 οἵκονς

526 1505 635 1571 Είς
669 1506 779 1561 τὸν
819 1507 891 1562 ἐν
921 1508 1212 1579 θαλάσσῃ
1245 1510 1447 1568 ὕπνον
1472 1514 1753 1583 Χριστοῦ.

364 1615 425 1670 Ὀ
455 1617 775 1683 δεσποτικὸς
799 1619 969 1685 ὕπνος
1005 1622 1235 1696 ἀρρήτῳ
1266 1626 1416 1697 λόγῳ

361 1710 674 1766 ’Υπνοῦσαν
704 1712 962 1779 ὲξύπνισε
992 1716 1091 1787 τὴν
1121 1718 1301 1789 ἅλμην
1335 1721 1459 1776 τότε
1486 1738 1502 1755 ο

377 1802 442 1857 Ἦ
475 1804 521 1858 δ’
545 1803 827 1877 ἑξέγερσις
846 1807 1086 1877 ἔμπαλιν
1118 1812 1214 1866 τοῦ
1241 1815 1515 1869 Δεσπότου

354 1896 432 1950 Τὸ
455 1896 556 1967 τῆς
586 1896 867 1970 θαλάσσης
888 1901 1204 1972 ἑξεκοίμισε
1240 1904 1466 1970 πλάτος.
1524 1896 1529 1899 ’

916 2020 1025 2085 Ely
1050 2018 1116 2073 τὸ
1147 2020 1316 2075 αὐτό.

352 2130 591 2203 Χριστὸς
624 2132 723 2203 μὲν
746 2131 1066 2207 παλάμῃσιν
1101 2135 1332 2205 ὲέρξατο
1357 2136 1569 2199 πάντας
1597 2137 1775 2207 ἀήτας
1798 2152 1814 2169 ⁸

353 2227 467 2280 Τοῦ
496 2227 541 2280 δ’
563 2226 639 2279 ἔτ’
671 2228 752 2281 ὲνὶ
787 2227 1109 2298 βλεφάροισι
1136 2229 1347 2298 γλυκὺς
1382 2227 1936 2301 περιχύμενοςῦπνος

354 2316 507 2369 Πείσ⁹
535 2316 714 2369 ἐλθεῖν
744 2317 942 2387 βορέην
961 2332 975 2348 δ
1008 2320 1034 2370 ὁ
1059 2317 1105 2371 δ’
1137 2318 1445 2385 ἀπέπτατο,
1469 2319 1620 2373 καδδ’
1640 2319 1745 2373 ἆλα
1778 2317 1936 2391 τύψεο

351 2408 597 2481 Χριστοῦ
629 2409 675 2463 δ’
699 2410 1004 2482 ὲγρομένου
1028 2413 1206 2475 κεῖνος
1237 2410 1403 2473 πάλιν
1433 2412 1586 2468 ἔνδον
1608 2412 1831 2484 ὲέρχθη.

760 2526 811 2592 lg
839 2524 909 2579 τὸ
945 2525 1016 2580 ἐν
1036 2525 1331 2594 Γαδάροις
1353 2526 1572 2595 θαῦμα.
1597 2529 1604 2590 l

355 2638 470 2708 Τὴν
497 2634 593 2691 τοῦ
622 2636 822 2702 Σατάν,
854 2636 1136 2709 ἄνθρωπε,
1178 2637 1383 2709 μανίαν
1412 2638 1602 2709 βλέπε.

366 2730 428 2784 '0
448 2714 563 2801 γὰρ
590 2731 864 2801 ἀπάγχων
888 2730 998 2785 τῶν
1026 2730 1172 2785 συῶν
1196 2730 1297 2796 τὰς
1320 2731 1527 2800 ἀγέλας

356 2824 425 2876 Τί
451 2823 639 2878 λοιπὸν
671 2823 739 2879 ἂν
760 2825 1020 2896 δράσειεν
1046 2826 1127 2889 εἰς
1165 2825 1396 2895 βροτοὺς
1428 2824 1470 2896 ἰ-
1500 2825 1723 2899 βλά6ῃ’;

366 2917 460 2980 Ὠς
498 2919 681 2988 χοῖρος
708 2912 803 2971 οὖν
832 2916 947 2981 ζῶν
975 2917 1318 2989 σωφρονίζου
1348 2916 1426 2988 τῷ
1456 2918 1638 2989 τύπῳ.

432 3095 468 3133 η
493 3075 547 3133 id
575 3091 594 3130 :
630 3073 817 3143 Vulpes
848 3076 1022 3144 foveas
1046 3075 1254 3135 habent,
1287 3074 1461 3127 Filius
1484 3085 1657 3127 nutent
1681 3073 1907 3130 hominis

724 3163 830 3200 non
857 3147 1012 3200 habet
1038 3147 1126 3199 ubi
1151 3158 1306 3214 caput
1342 3150 1579 3202 reclinet.

433 3266 529 3321 Ais
559 3274 614 3320 te
661 3279 767 3319 non
797 3264 1005 3320 habere
1033 3263 1125 3319 ubi
1163 3272 1325 3333 caput
1357 3263 1611 3330 rei-lines,
1644 3280 1678 3320 ο
1707 3264 1944 3333 Christe,

364 3358 655 3413 manifesto
690 3358 955 3428 loqueris;
991 3366 1184 3412 natura
1214 3356 1358 3412 enim
1390 3357 1598 3421 divina,
1647 3372 1769 3428 qua!
1797 3367 1946 3413 tuum

363 3451 632 3507 incarnati
660 3449 825 3505 Verbi
856 3458 1021 3520 caput
1053 3458 1160 3513 est,
1192 3462 1467 3519 nusquam
1502 3449 1753 3505 reclinari
1784 3452 1951 3507 susti-

364 3553 500 3610 net;
530 3551 614 3598 est
646 3541 794 3598 enim
823 3542 1073 3597 immota.
1469 3526 1473 3532 ’

1030 3655 1098 3710 In
1154 3659 1318 3710 idem.

437 3751 497 3806 ln
552 3749 743 3804 lustris
773 3749 1126 3804 diverSantur
1195 3747 1405 3817 vulpes,
1459 3747 1512 3802 in
1571 3747 1952 3802 loculamentis

366 3854 626 3913 praeterea
686 3842 800 3897 suis
853 3839 1055 3895 habitat
1101 3854 1261 3894 aerea
1308 3840 1590 3894 volucrum
1620 3840 1823 3907 turba;
1858 3840 1953 3896 sed

364 3935 617 3992 Christus
652 3950 719 3988 ne
753 3949 918 3988 unum
951 3931 1172 4003 quidem
1210 3940 1369 3987 terra:
1417 3932 1658 3986 cubitum
1692 3932 1746 3986 in
1775 3933 1956 3986 domi-

365 4026 549 4081 cilium
580 4026 837 4096 possidet.
869 4025 950 4080 Ad
999 4027 1117 4080 haec
1164 4025 1291 4093 quid
1348 4024 1531 4079 dicere
1588 4024 1828 4080 habeant
1856 4025 1955 4091 illi,

365 4119 462 4189 qui
483 4133 617 4173 auro
638 4116 904 4188 superbas
941 4126 996 4171 et
1025 4116 1356 4173 editissimas
1370 4115 1562 4171 domos
1581 4114 1957 4170 exaediﬁcata?

652 4229 729 4285 De
760 4228 973 4285 Christo
1010 4246 1166 4300 super
1197 4244 1343 4283 mare
1365 4228 1672 4283 dormiente.

443 4338 654 4395 Domini
696 4355 942 4407 somnus,
997 4338 1349 4395 inenarrabili
1399 4341 1725 4410 quidemhet
1756 4353 1957 4392 arcano

362 4430 542 4501 jussu,
595 4442 819 4503 torpens
850 4443 908 4487 et
933 4431 1174 4501 quietum
1211 4448 1361 4487 mare
1406 4434 1590 4486 statim
1648 4431 1960 4500 exlicrgefe-

1173 305 1702 403 TETRASTICHA
1748 342 1831 404 1N
1871 342 2138 410 NOVUM
2181 348 2777 411 TESTAMENTUM.

348 444 457 522 Ε’ξς
483 443 576 522 τὸ,
599 446 670 501 Αἱ
699 444 1012 522 ἀλῴπεξιες
1039 449 1314 522 φωᾼεοὺς
1350 452 1626 521 ἔχουσιν,
1653 455 1686 507 ὀ
1715 452 1783 505 δὲ
1810 454 1941 522 Υἱὸς
1972 461 2009 519 Α

3479 349 3611 417 1182

2595 460 2699 525 Είς
2732 458 2797 513 τὸ
2828 457 2998 513 αὐτό.

2045 562 2318 631 Συϐῶται,
2353 563 2456 618 ποῦ
2493 564 2750 635 φεύγετε,
2775 565 2904 629 τοὺς
2934 565 2991 619 δὲ
3017 563 3153 629 σύας
3190 564 3367 617 λίπετ’
3398 567 3568 621 αὑτοῦ
3600 608 3614 633 ,

2042 656 2147 709 Τὸν
2172 656 2346 724 λεγεὼ
2373 657 2650 726 δεδίαμεν,
2686 657 2987 722 ἀτάσθαλὸς
3016 660 3132 713 ἐστι
3164 658 3395 729 γενέθλη
3423 676 3438 692 ο

2044 750 2281 817 Ἀγχετο
2323 750 2597 816 συϐόσιον,
2650 750 2801 804 nos
2835 749 3029 819 ἔρχετο
3090 748 3345 820 πυθμένα
3395 750 3613 821 λίμνης.

2041 841 2167 896 Οὐδ’
2196 839 2350 896 οὔπω
2374 841 2617 909 λεγεῶνα
2645 843 2968 911 κορέσσετε,
3008 842 3309 912 ἅγχὸμενοί
3339 859 3469 913 περ.

2465 953 2571 1018 Είς
2597 953 2905 1007 Ματθαίου
2945 950 3193 1019 κλῆσιν.

2039 1062 2297 1128 Τίτοῦτο,
2330 1065 2533 1135 Χριστέ
2561 1084 2576 1133 ;
2608 1068 2723 1129 τοϊς
2748 1065 3010 1129 τελώναις
3040 1063 3288 1136 συγκὰθῃ
3320 1084 3334 1128 ;

2039 1157 2105 1209 Τί
2125 1157 2281 1211 τοῦτο
2309 1159 2525 1227 καινόνς
2563 1158 2700 1213 ἀλλὰ
2730 1160 2825 1212 καὶ
2861 1158 3161 1212 συνεσθίωο

2038 1248 2319 1313 Ματθαῖος
2344 1245 2499 1314 οὗτος
2535 1250 2596 1303 οὐ
2620 1250 2863 1319 τελώνης
2890 1251 3007 1304 ἐστί
3035 1268 3116 1304 σοι
3140 1269 3155 1318 ;

2051 1342 2208 1412 Ἐμοὶ
2234 1344 2290 1397 δὲ
2317 1344 2529 1401 πολλῶν
2571 1345 2800 1419 βελτίων
2832 1347 3234 1415 γραμματέων.

2630 1458 2737 1521 Είς
2764 1456 2833 1509 τὸ
2860 1456 3028 1510 αὐτό.

2039 1573 2299 1645 Χαίρετε,
2327 1570 2767 1642 ἀμπλακόεργοι,
2792 1568 3067 1641 θαρσέετ’,
3106 1569 3248 1624 ἔθνε’
3282 1566 3524 1641 ἀλιτρῶν
3549 1581 3568 1599 ⁸

2041 1665 2279 1737 Χριστὸς
2317 1663 2683 1734 ἀλιτροσίοισι
2718 1660 3026 1733 μεθίζεται,
3069 1662 3164 1733 ἠδέ
3194 1678 3252 1716 τε
3284 1662 3515 1716 δειπνεῖ.

2041 1756 2322 1811 Ματθαῖον
2350 1753 2680 1825 καταθρεῑτε
2704 1769 2719 1783 ·
2764 1752 2861 1825 ἔην
2892 1753 3068 1824 πάρος
3097 1755 3242 1822 ἀμφὶ
3270 1753 3555 1818 τελώναις,

1968 1814 2011 1874 Β
2040 1845 2157 1899 Νῦν
2184 1843 2242 1899 δὲ
2274 1843 2511 1914 Χριστὸν
2534 1814 2750 1899 ανακτα
2779 1814 3061 1898 συνέστιον
3088 1814 3247 1914 ἔσχεν
3273 1845 3332 1897 ὲν
3356 1814 3515 1913 οἴκῳ.

2142 1960 2247 2025 Είς
2275 1957 2538 2025 Χριστὸν
2575 1957 2917 2012 ἀνιστῶντα
2939 1957 3054 2025 τὴν
3088 1958 3384 2028 θυγατέρα
3410 1955 3519 2011 τοῦ

2573 2028 3102 2098 ἀρχισυναγώγου.

2046 2141 2119 2195 Σὺ
2154 2141 2250 2196 καὶ
2284 2141 2557 2207 θανατοίς,
2587 2143 2683 2195 καὶ
2718 2142 2883 2198 πάλιν
2911 2141 3071 2206 Croci;
3102 2140 3272 2210 λόγῳ.

2045 2238 2214 2300 Ζωοῖς
2235 2236 2290 2288 δὲ
2327 2236 2529 2307 μᾶλλον
2559 2237 2592 2306 ἢ
2620 2235 2894 2301 θανατοῑς,
2923 2234 3127 2306 Χριστέ
3161 2249 3291 2304 μου.

2057 2329 2117 2382 Ὀ
2151 2328 2199 2382 δ’
2240 2328 2691 2399 ἀρχισυνάγωγος
2719 2328 2800 2390 είς
2828 2324 3164 2397 μαρτυρίαν,

2045 2419 2207 2476 Βιοῦν
2240 2419 2303 2473 τὸ
2332 2418 2625 2490 θυγάτριον
2653 2416 2895 2488 ἔμπαλιν
2925 2416 3165 2490 βλέπων.

2636 2535 2746 2616 Είς
2785 2530 2853 2586 τό
2883 2531 3056 2587 αὐτό.

2046 2648 2140 2719 Μὴ
2176 2648 2451 2719 θρηνεῖτε,
2515 2647 2799 2715 γυναῖκες,
2833 2647 2995 2701 ὑπνοῖ
3016 2645 3079 2700 τὸ
3108 2643 3399 2716 κοράσιονο
3433 2643 3631 2707 ὑπνοῖ,

2057 2741 2272 2806 ’Υπνοί,
2300 2740 2422 2793 οὐδέ
2449 2740 2497 2793 τ’
2526 2740 2750 2795 ὄλωλεν.
2788 2738 2981 2811 Ὑμεῖς
3010 2740 3218 2803 κενεῶς
3250 2739 3309 2793 δὲ
3340 2738 3558 2807 γελᾶτε.

2051 2832 2254 2903 Ἔγρεὸ
2285 2850 2399 2903 μοι,
2425 2833 2636 2903 κόριον,
2666 2832 2762 2886 καὶ
2791 2830 2988 2903 αἰθέρα
3014 2831 3206 2901 δέρκεο
3230 2831 3364 2885 δῖον.

2060 2923 2564 2997 Ἀρχισυναγώγοιο
2590 2924 2797 2996 πατρὸς
2826 2925 2918 2978 σέο
2953 2923 3138 2987 πίστις
3163 2922 3424 2994 ἀμύμων.

2715 3082 2782 3140 In
2818 3084 2978 3138 idem.

1968 3175 2013 3234 (ἶ
2112 3198 2256 3265 Quo,
2292 3196 2693 3267 porculatores,
2723 3196 2930 3251 relictis
2971 3195 3042 3250 ibi
3078 3192 3292 3257 suibus,
3322 3191 3628 3262 aufugitisi

2052 3291 2364 3345 Diemonum
2393 3287 2662 3358 legionem
2690 3286 3148 3356 pertimescimus,
3195 3280 3415 3336 exitiale
3465 3294 3627 3344 genus

2049 3397 2172 3445 est;
2211 3397 2339 3452 grex
2371 3380 2557 3435 oviqu
2588 3378 2882 3433 suﬂ‘ocatus
2913 3377 2968 3430 in
3002 3374 3229 3429 marinae
3265 3371 3477 3441 paludis
3503 3369 3622 3424 fun-

2049 3476 2176 3530 dum
2202 3489 2444 3543 praeceps
2472 3474 2629 3527 datus
2656 3480 2759 3525 est.
2789 3467 3048 3535 Quamvis
3071 3477 3124 3520 et
3148 3466 3263 3535 ipsa
3294 3479 3392 3519 vos
3420 3473 3631 3529 enecet,

2051 3567 2292 3621 nondum
2324 3575 2503 3620 tamen
2538 3562 2806 3631 legionem
2845 3559 3189 3617 saturabitis.

2515 3674 2591 3728 De
2615 3672 2861 3727 Mattha'i
2896 3672 3187 3726 vocatione.

2129 3797 2269 3867 Quid
2299 3798 2481 3854 isthuc
2518 3804 2623 3861 est,
2658 3809 2691 3850 ο
2736 3793 2973 3856 Christe,
3008 3806 3113 3847 una
3165 3804 3291 3845 cum
3340 3788 3634 3859 publicanis

2057 3889 2372 3948 accumbis?
2397 3888 2533 3955 Quid
2570 3886 2671 3939 hoc
2700 3886 2825 3938 novi
2857 3882 2966 3937 est?
2990 3883 3097 3935 imo
3120 3891 3170 3934 et
3199 3882 3302 3933 illis
3321 3892 3618 3933 convcscor

2057 3982 2126 4036 At
2158 3979 2444 4034 Matthaws
2476 3978 2591 4046 ipse
2624 3973 2886 4041 numquid
2922 3973 3014 4025 tibi
3045 3970 3313 4039 publiCnni
3346 3967 3638 4022 iustarest‘

2057 4073 2172 4129 lmo
2202 4071 2448 4143 pluribus
2473 4082 2596 4121 eum
2627 4065 2823 4121 scribis
2859 4063 3134 4117 meliorem
3167 4075 3387 4115 censeo.

2718 4175 2781 4233 In
2831 4176 2995 4229 idem.

2128 4276 2397 4338 Gaudete,
2427 4271 2655 4335 nefarii,
2687 4270 2968 4335 confidite,
3001 4280 3288 4324 nocentum
3322 4267 3645 4335 multitudo,

2060 4382 2204 4433 nunc
2256 4378 2361 4418 una
2415 4378 2536 4417 cuni
2588 4352 3235 4430 peccatoribus‘assidet
3282 4368 3338 4415 et
3392 4356 3645 4425 epulatut

2060 4460 2312 4515 Christus
2347 4473 2361 4511 :
2393 4455 2707 4509 Matthmum
2739 4450 3067 4521 conspicite,
3100 4450 3332 4505 antehac
3395 4450 3639 4519 publica-

367 4527 462 4589 cit;
490 4540 704 4579 rursum
736 4524 1091 4579 veroDomini
1118 4522 1519 4594 expergefactio
1545 4521 1711 4576 maris
1733 4536 1950 4589 arquora
1984 4525 2029 4583 υ
2057 4568 2252 4609 "0mm
2280 4565 2513 4606 numero
2568 4562 2884 4609 accensum.
2908 4545 3190 4601 Christum
3245 4558 3387 4599 nunc
3442 4544 3650 4615 “egw,

370 4631 560 4671 somno
588 4617 813 4686 sopivit.

810 4796 821 4802 ς
1030 4728 1097 4784 1η
1132 4729 1290 4785 idem.

439 4822 690 4877 Christus
742 4836 934 4876 omnes
989 4823 1130 4876 eluta
1183 4838 1342 4876 manu
1414 4822 1675 4888 procellas
1733 4836 1958 4889 compe-

370 4923 589 4969 scuerat
610 4931 625 4979 ;
644 4929 869 4969 somnus
891 4928 1042 4977 vero,
1062 4915 1152 4983 qui
1178 4914 1231 4967 in
1254 4912 1372 4980 ejus
1391 4913 1578 4968 oculos
1602 4914 1959 4969 suavissimus
2014 4948 2021 4957 ι

371 5006 612 5075 irrepsit,
645 5007 846 5059 excivit
897 5007 1141 5071 boream,
1172 5004 1263 5074 qui
1318 5004 1562 5079 involans
1598 5018 1746 5058 mare
1782 5004 1957 5058 turbi-

373 5100 534 5153 nibus
556 5099 832 5168 pulsavit;
863 5102 957 5155 sed
990 5100 1381 5170 expergefacta
1411 5115 1624 5154 rursum
1655 5098 1877 5155 Christo
1902 5098 1956 5154 iu

374 5203 531 5245 antra
562 5207 662 5244 sua
697 5199 945 5245 retrosus
970 5203 1077 5246 est.

648 5302 727 5357 De
755 5303 1015 5356 miraculo
1049 5302 1193 5368 apud
1230 5301 1521 5357 Gerasenos
1558 5302 1721 5357 edito.

447 5413 661 5468 Sataua:
691 5426 890 5485 quanta
924 5416 997 5469 sit
1045 5417 1228 5471 rabies
1259 5417 1524 5482 expende,
1560 5431 1592 5469 ο
1623 5415 1822 5470 homo!
1856 5414 1957 5482 Qui

376 5507 519 5560 enim
576 5506 660 5560 vel
714 5510 861 5578 ipsos
916 5523 1206 5578 porcorum
1238 5522 1429 5577 greges
1473 5509 1773 5575 excruciat,
1806 5509 1958 5577 quid,

377 5613 485 5667 quo
510 5599 856 5669 dispendium
893 5600 1214 5654 mortalibus
1249 5598 1483 5665 inferat,
1517 5599 1582 5653 de
1620 5607 1817 5653 caetero
1848 5616 1964 5653 mo-

2059 4646 2207 4701 dom‘.
2240 4642 2622 4699 convivantem
2659 4640 2900 4710 excepit.

2169 4759 2243 4814 De
2267 4758 2477 4815 Christo
2496 4755 2748 4824 principis
2764 4752 3060 4824 Synagogaz
3087 4752 3258 4822 ﬁliam
3293 4753 3344 4805 in
3374 4753 3541 4806 vitam

2704 4835 3001 4879 revocante.

2133 4944 2215 4999 Ad
2270 4957 2439 4998 unum
2498 4940 2724 4996 verbum
2783 4939 2949 4993 vitam
3024 4936 3208 4993 aufers
3260 4952 3325 4992 ac
3379 4952 3646 5001 revocas,

2059 5038 2279 5094 Cill’iSle
2312 5034 2407 5100 mi,
2436 5032 2530 5089 sed
2573 5032 2627 5086 iu
2660 5031 2828 5085 vitam
2864 5028 3190 5099 proclivius,
3223 5042 3382 5095 quam
3415 5027 3466 5081 in
3501 5041 3645 5080 mor-

2063 5140 2169 5183 tem
2201 5123 2465 5188 traducis;
2495 5122 2652 5177 ﬁdem
2688 5120 2821 5174 mihi
2868 5119 3021 5172 testis
3080 5126 3294 5171 astruat
3348 5114 3646 5186 SyuagOga:

2062 5220 2317 5290 princeps
2348 5215 2440 5285 qui
2469 5212 2706 5268 viventis
2732 5213 2911 5266 denuo
2941 5207 3065 5262 filiae
3092 5215 3387 5273 conspectu
3421 5206 3643 5258 fruitur.

2725 5317 2752 5372 1
2762 5337 2794 5372 η
2821 5317 2976 5371 idem.

2132 5415 2348 5472 Parcite
2419 5411 2749 5484 lacrymari,
2813 5408 3106 5471 mulieres,
3175 5405 3351 5474 puella
3422 5404 3643 5460 dormit.

2063 5509 2320 5566 Dormit?
2351 5506 2519 5572 Quasi
2553 5519 2679 5557 vero
2711 5518 2723 5553 :
2762 5503 2834 5553 ita
2869 5499 3088 5559 dormit,
3123 5513 3223 5551 nec
3249 5496 3403 5560 obiit,
3437 5506 3491 5547 et
3548 5510 3646 5548 vos

2066 5615 2350 5674 perperam
2389 5596 2607 5667 quidem
2636 5594 2848 5649 ridetis.
2882 5591 3145 5658 Exsurge,
3177 5588 3374 5660 puella,
3405 5588 3645 5643 divinum

376 5690 573 5746 liturus
593 5692 703 5747 est?
729 5690 808 5747 Tu
842 5694 1026 5763 igitur,
1059 5694 1150 5764 qui
1188 5707 1477 5763 porcorum
1499 5706 1652 5749 more
1679 5692 1835 5760 vivis,
1860 5692 1963 5749 hoc
2066 5696 2268 5747 mthera
2305 5687 2701 5757 contemplare,
2758 5686 2827 5736 ob
2870 5682 3170 5753 Syuagngae
3234 5680 3514 5751 principis,
3553 5694 3646 5746 ιω-

376 5784 624 5849 cxemplo
657 5784 942 5849 resipisce.

2072 5785 2245 5842 rcutis
2275 5783 2378 5839 tui.
2420 5781 2579 5835 (idem
2616 5777 2944 5833 laudabilem

2068 5946 2097 5957 κ
