4050 6406
867 499 973 566 Είς
1000 495 1122 567 τὴν
1151 493 1503 566 αίμόρῤουν.

394 599 461 650 Ὢ
495 597 676 659 πίστις
704 590 862 666 ὀρθὴ,
892 591 1079 654 πίστις
1110 584 1560 659 ἀκραιφνεστάτη
1587 581 1604 636 l

389 694 468 746 Δι’
502 688 571 761 ἦς
598 690 785 761 βροτοὶ
814 686 1115 741 κλέπτουσι
1139 683 1239 752 τὴν
1266 677 1570 749 σωτηρίαν.

402 783 544 836 Ἀλλ’
573 782 637 836 οὐ
670 779 931 850 λέληθας,
955 777 1062 831 κᾶν
1083 775 1270 828 λαθεῖν
1295 773 1482 842 δοκῇς,
1515 769 1710 838 γύναιο

391 871 494 930 Τὸν
518 878 628 946 γὰρ
663 871 949 942 πανόπτην
978 869 1097 931 πῶς
1126 865 1312 920 λαθεῖν
1340 862 1562 918 δύναιτό
1599 875 1726 926 τιςς

992 961 1100 1026 Είς
1123 958 1191 1012 τὸ
1218 955 1389 1012 αὐτό.

399 1056 660 1121 ’Δσθενὲς
684 1051 832 1126 ἦσθα
860 1052 1110 1124 γύναιον,
1134 1048 1278 1119 ἀτάρ
1307 1045 1581 1120 κρατερὸν
1605 1043 1750 1099 κατὰ
1769 1041 1978 1109 πίστιν,

390 1153 502 1207 Καὶ
531 1151 670 1206 δοιοὶ
707 1147 1006 1218 προχέοντο
1035 1144 1152 1214 ῥόοι
1182 1142 1340 1196 σέθεν
1371 1138 1744 1203 ὲκπιδύοντες,

389 1245 638 1313 Αἵματος
667 1238 772 1304 εἷς,
807 1238 968 1302 ἄλλος
997 1237 1056 1290 δέ
1086 1252 1149 1290 τε
1201 1234 1418 1297 πίστιος
1447 1233 1507 1295 ές
1553 1228 1692 1285 πολὺ
1729 1227 1938 1300 μείζων
1959 1242 1976 1259 ·

391 1334 589 1407 Ἔνθεν
615 1333 645 1386 ὁ
673 1333 854 1388 κεῖνον
886 1327 1112 1400 ξήρανε,
1150 1327 1246 1381 καὶ
1269 1324 1436 1379 λάϐεν
1463 1321 1672 1392 οὕνομα
1700 1319 1835 1374 δῖον.

391 1449 496 1516 Είς
527 1445 644 1516 τὴν
671 1443 980 1516 διαγωγὴν
1004 1440 1125 1516 τῶν
1145 1438 1535 1516 ἀποστόλων,
1567 1435 1669 1492 καί
1693 1433 1809 1504 τὴν
1838 1430 1978 1488 τού-

914 1509 1036 1567 των
1060 1509 1450 1578 ἀποστολήν.

388 1601 627 1674 καινοὺς
661 1606 1023 1679 στρατηγοὺς,
1045 1605 1140 1658 καὶ
1171 1600 1399 1674 βασιλέα
1425 1597 1592 1672 βλέπε
1617 1614 1636 1633 ο

395 1703 459 1757 ⁸0
484 1706 583 1773 μὲν
614 1701 791 1758 κλῖναί
821 1717 923 1754 που
949 1698 1049 1770 τὴν
1079 1695 1327 1766 κεφαλὴν
1348 1696 1451 1749 οὐκ
1484 1693 1601 1765 ἔχει
1621 1706 1638 1722 θ

386 1798 452 1848 Ol
476 1796 523 1850 δ’
545 1797 626 1857 είς
656 1794 839 1865 μάχην
865 1789 1084 1862 ὁρμῶσι
1108 1785 1304 1858 γυμνῷ
1327 1785 1566 1858 σαρκίῳ.
1639 1809 1647 1813 ·

390 1890 628 1943 Ἔπειτα
657 1888 745 1953 τίς
783 1881 1064 1954 ζωγροῦσι
1102 1881 1205 1952 τὴν
1237 1878 1595 1951 οἰκουμένην.

981 1999 1088 2063 Είς
1111 1995 1180 2050 τὸ
1202 1996 1374 2051 αὐτό.

388 2095 613 2157 Ἵπποις
646 2091 747 2162 μὲν
771 2089 868 2144 καὶ
900 2087 1116 2160 δχεσφι,
1151 2087 1248 2141 καὶ⁵
1276 2085 1503 2140 ἀσπίσιν
1542 2083 1977 2156 ὁμφαλοέσσαις,

389 2186 590 2257 Χαλκῷ
622 2201 706 2247 τε,
733 2181 924 2254 χρυσῷ
950 2198 1036 2246 τε,
1063 2181 1161 2234 καὶ
1181 2178 1444 2250 ἀνδράσιν
1480 2178 1940 2246 ίπποκορυσταῐς,

389 2276 740 2349 Στρατηγοὺς
764 2270 1072 2344 κοσμοῦσιν
1103 2270 1407 2341 ἐπιχθόνιοι
1438 2267 1697 2341 βασιλῆες
1720 2283 1736 2300 ⁶

388 2367 598 2440 Γυμνὺς
623 2365 682 2420 δὲ
708 2365 967 2437 Χριστοῖο
985 2359 1122 2418 λάϐε
1152 2360 1389 2432 στρατὸς
1417 2358 1580 2414 ἔθνεα
1613 2358 1838 2413 πάντα.

443 2532 455 2545 ,
592 2478 701 2544 Eli;
726 2475 796 2530 τὸ
831 2471 988 2529 κατὰ
1010 2473 1119 2527 τὸν
1146 2471 1476 2540 ξηρόχειρα
1514 2468 1737 2540 θαῦμα.

397 2570 486 2634 Ὠς
509 2567 799 2639 ὲξανιστᾷς
821 2567 888 2621 ὲκ
919 2566 1112 2634 τάφων
1139 2563 1371 2634 νεκροὺς
1403 2562 1584 2627 ὅλους,

387 2660 576 2724 οὕτως
607 2653 838 2730 ἀνιστᾷς
860 2657 956 2712 καὶ
985 2654 1160 2726 νεκρὰ
1201 2652 1410 2725 βροτῶν
1441 2653 1602 2724 μέλη.

397 2755 458 2807 '0
480 2751 744 2823 ξηρόχειρ
772 2749 829 2803 δὲ
860 2749 1076 2820 μάρτυς
1104 2745 1223 2800 ἐστί
1261 2763 1374 2816 μοι,
1403 2745 1570 2812 Λόγε,

394 2845 496 2917 [ὴν
531 2841 734 2914 νεκρὰν
769 2837 931 2905 αὖθις
966 2838 1215 2901 εὐπετῶς
1239 2836 1410 2891 κινῶν
1443 2836 1606 2908 χέρα.

956 2932 1062 2997 Εις
1095 2929 1163 2984 τὸ
1195 2929 1370 2983 αὑτό.

391 3030 608 3094 Χείλεος
637 3028 698 3096 ἐξ
730 3026 887 3097 ἁγίου
923 3022 1212 3096 προθορὼν
1244 3023 1405 3093 λόγος
1429 3017 1518 3076 οἶα
1540 3023 1792 3078 κελεύει*

865 3177 934 3233 In
971 3176 1483 3234 mearrlioissam.

1611 367 2011 436 TIIEODORI
2054 367 2460 433 PRODROMI

2015 491 2061 549 Α
2087 485 2223 555 Χεὶρ
2250 483 2417 555 ξηρὰ,
2440 480 2763 554 προτάθητι.
2791 477 2890 534 καὶ
2912 479 3108 542 ἂπτεο,
3142 475 3322 530 πάντα
3354 476 3402 530 δ’
3433 475 3672 547 ὲνέργει.

2005 3213 2053 3275 C

3537 363 3675 425 1184

2094 576 2158 628 Ἦ
2188 576 2234 628 δ’
2262 575 2424 638 εὐθὺς
2445 574 2772 644 προτέτατο,
2791 572 2884 626 καὶ
2908 572 3138 643 ἥπτετο,
3158 570 3337 623 πάντα
3365 569 3410 622 δ’
3426 569 3673 640 ἐνήργει.

2081 663 2252 740 Ἦρα
2285 668 2378 722 καὶ
2410 667 2559 738 ἀμφὶ
2619 665 2877 737 χέρεσσιν
2925 663 3020 717 ὑπ’
3061 659 3253 728 οῦατα,
3308 661 3536 731 Χριστὲ,
3573 677 3679 729 φυς-

2860 759 2878 771 ’
3354 751 3561 825 [τεύεις

2080 854 2190 917 Εἰς
2210 852 2299 912 τὸ.
2323 850 2457 904 Ὀτι
2483 849 2555 904 ἐν
2571 844 2935 910 Βεελζεόοὺλ
2958 845 3247 902 ἐκϐάλλει
3271 845 3345 900 τὰ
3374 845 3674 912 δαιμόνια.

2093 942 2152 997 '0
2180 939 2525 1012 φυγαδευτὴς
2545 940 2844 1011 δαιμόνων,
2887 937 3276 1009 γραμματέες,

2090 1035 2254 1106 Ὑμῖν
2285 1035 2537 1089 καλεῖται
2563 1034 2872 1104 δαιμονῶν;
2910 1032 3015 1087 Φεῦ
3037 1031 3132 1084 τοῦ
3161 1030 3362 1099 λόγουί

2079 1127 2192 1182 Καὶ
2223 1127 2309 1190 τίς
2341 1126 2393 1196 γ’
2417 1127 2486 1180 ἂν
2519 1126 2676 1197 ὑμῶν
2702 1125 3073 1196 δαιμονίζοιτο
3103 1122 3290 1186 πλέον,

2080 1218 2164 1273 Τὰ
2192 1216 2504 1291 δαιμονώδη
2529 1219 2701 1273 ταῦτα
2728 1217 3060 1288 τολμώντων
3088 1214 3308 1285 λέγειν;

2657 1309 2764 1376 Εἰς
2792 1309 2860 1362 τὸ
2893 1307 3067 1363 αὐτό.

2077 1400 2387 1473 Δαιμονίων
2413 1399 2691 1471 λεγεῶνας
2716 1401 2971 1471 ἀπήλασε
2996 1397 3186 1468 τηλόθι
3215 1397 3456 1466 Χριστὸς
3611 1463 3616 1466 _

2091 1495 2186 1551 Ἐν
2214 1493 2484 1566 Γαδάροις
2521 1492 2847 1563 ἔπιτάγδην,
2880 1492 3098 1563 χοίροφι
3132 1491 3179 1544 δ’
3199 1484 3345 1560 ὦρσε
3371 1490 3672 1559 φυγόντας·

2077 1587 2456 1658 Δαιμονιῶντα
2489 1584 2535 1639 δ’
2562 1583 2700 1652 ἔφαν
2725 1583 3089 1654 γραμματέες
3117 1583 3281 1635 αὐτὸν
3309 1584 3541 1634 ἐκεῖνον.

2076 1675 2208 1752 'Ap’
2235 1679 2360 1751 οὐχί
2387 1695 2516 1748 σφιν
2557 1678 2818 1749 ἐμήνισεν
2850 1678 3063 1748 ἄγριος,
3098 1669 3143 1729 ὦ
3176 1674 3316 1741 ξένε,
3351 1671 3599 1742 Gaium»;

2392 1793 2497 1859 Είς
2538 1791 2685 1856 τοὺς
2713 1789 3035 1856 αἰτοῦντας
3073 1788 3357 1858 σημεῖον.

2003 1869 2052 1930 Β
2079 1888 2155 1956 Ση
2166 1887 2318 1958 μεῖον
2349 1885 2543 1948 αίτείς,
2567 1881 2928 1954 γραμματεῦ,
2952 1882 3045 1934 τὸν
3067 1882 3372 1950 Δεσπότην.

2090 1982 2152 2034 '0
2185 1978 2384 2048 τυφλὸς
2408 1977 2469 2029 οὐ
2495 1977 2724 2046 σημεῖον
2756 1973 3033 2045 ἐμϐλέψας
3065 1973 3270 2039 πάλινς

2091 2071 2154 2126 ’0
2183 2070 2368 2141 κωφὸς
2398 2069 2458 2124 ού
2496 2069 2725 2139 σημεῖον
2749 2065 2990 2129 ἀκούσας
3019 2065 3187 2120 πάλιν
3211 2081 3228 2132 ;

2084 2165 2295 2225 Ὄντως
2330 2160 2526 2231 φθόνος
2561 2157 2625 2213 τδ
2649 2159 2910 2230 πρᾶγμα,
2952 2159 3050 2213 καὶ
3074 2157 3276 2228 φθόνου
3311 2155 3490 2226 λόγος.

2647 2275 2754 2342 Είς
2778 2273 2848 2329 τὸ
2873 2273 3047 2329 αὐτό.

2093 2369 2327 2425 Ἠελίοιο
2366 2367 2510 2438 φόως
2543 2367 2636 2420 καὶ
2667 2365 2861 2436 αίθέρα
2885 2365 3110 2436 δέρκετο
3138 2363 3341 2432 τυφλός
3361 2380 3378 2397 ο

2091 2463 2182 2517 Ἐν
2210 2461 2268 2516 δέ
2299 2479 2356 2514 τε
2388 2461 2573 2525 κωφὸς
2597 2457 2804 2513 ἄκουσε
2827 2474 2843 2490 ο
2876 2457 2998 2526 ῥόος
3027 2456 3072 2510 δ’
3116 2457 3208 2510 ἐπὶ
3229 2456 3466 2526 αἵματος
3503 2453 3634 2526 έστη
3652 2471 3672 2490 ο

2080 2554 2194 2606 Καὶ
2222 2549 2430 2620 λεγεὼν
2466 2549 2688 2618 ἔπτηξε,
2725 2548 2920 2616 νεκρὸς
2953 2546 2998 2600 δ’
3038 2545 3344 2615 ἀναέκθορε
3365 2545 3600 2616 τύμϐου.

2081 2641 2475 2714 Γραμματέες,
2507 2642 2562 2694 τί
2594 2640 2760 2694 πλέον
2783 2641 3020 2710 σημήϊον
3046 2639 3228 2710 ἄμμιν
3248 2636 3512 2710 ἀρέσσειέ;

2080 2757 2189 2825 Είς
2224 2755 2315 2824 τὸ,
2351 2753 2562 2824 Μήτηρ
2589 2754 2873 2833 pom-agat
2897 2752 3155 2833 ἀδελφοί
3175 2769 3318 2833 μου,
3345 2755 3400 2807 οἱ
3431 2750 3677 2806 ποιοῦν-

2458 2823 2557 2893 τες
2599 2826 2668 2878 τὸ
2700 2824 2935 2894 θέλημα
2962 2823 3072 2879 τοῦ
3115 2823 3288 2878 Θεοῦ.

2079 2913 2455 2989 Ὦ-δυστυχὴς
2477 2916 2760 2989 ἄνθρωπε.
2795 2917 2894 2970 καὶ
2917 2916 3126 2986 φαύλου
3154 2915 3370 2985 γένους,

2080 3011 2270 3074 Θέλεις
2290 3008 2560 3080 ἀνυψώσω
2584 3025 2645 3062 σε
2676 3008 2814 3078 πρὸς
2836 3008 3092 3079 λαμπρὸν
3117 3007 3278 3078 γένος
3303 3024 3322 3074 ;
3425 3014 3429 3018 '

2084 3169 2350 3234 tenditur,
2419 3169 2571 3223 arida
2629 3183 2861 3235 manus,
2907 3177 2964 3223 et
3009 3183 3202 3223 sensus
3237 3168 3674 3238 operationisque

457 3273 505 3330 Ο
530 3280 680 3330 recta
708 3271 864 3336 ﬁdes,
915 3270 1050 3324 iides
1087 3269 1460 3325 sincerissima
1494 3267 1509 3322 l
1560 3279 1666 3336 qua
1721 3269 1980 3325 mortales
2009 3257 2053 3275 ν
2084 3269 2277 3330 potens
2310 3257 2575 3324 elllcitor;
2628 3273 2747 3327 quae
2794 3259 2980 3313 statim
3036 3269 3318 3329 porrecta,
3356 3275 3572 3315 necnon
3623 3270 3673 3315 et

389 3370 614 3427 salutem
676 3367 880 3422 furtive
942 3364 1162 3434 rapiunt
1218 3381 1232 3418 ;
1292 3363 1390 3417 sed
1421 3377 1544 3431 quas
1581 3362 1662 3420 sis
1691 3360 1976 3417 Christum

387 3479 498 3520 non
530 3462 686 3527 latet,
715 3460 967 3532 quamvis
1016 3471 1145 3513 eum
1197 3455 1367 3509 latere
1411 3456 1628 3522 credas,
1661 3471 1694 3510 ο
1731 3456 1928 3510 mulier
1956 3495 1974 3522 ,

389 3569 520 3612 eum
551 3556 696 3609 enim
751 3552 842 3622 qui
888 3550 1259 3606 oculatissime
1307 3547 1504 3602 lustrat
1559 3551 1739 3604 omnia
1767 3589 1786 3619 ,
1846 3551 1978 3620 quid

386 3651 667 3722 praeterire
698 3658 877 3719 potest
899 3645 924 3700 ?

1024 3735 1094 3792 In
1147 3739 1312 3794 idem.

459 3831 598 3887 Eras
625 3829 940 3887 valetudine
967 3829 1206 3898 inﬂrma,
1233 3831 1448 3897 mulier,
1477 3830 1570 3887 sed
1597 3831 1700 3886 [ide
1726 3829 1985 3885 valentis-

388 3924 555 3990 sima,
584 3923 807 3994 duoque
837 3937 905 3978 ex
939 3930 990 3977 te
1019 3923 1386 3980 scaturientes
1414 3925 1767 3980 cxundabant
1791 3923 1979 3990 rivuli,

389 4016 674 4086 sanguinis
709 4015 870 4086 alter,
899 4014 1038 4070 alter
1068 4016 1190 4069 tldei
1222 4015 1382 4085 longe
1413 4016 1649 4071 nobilior
1675 4033 1691 4083 ;
1750 4015 1979 4083 exinde,

387 4109 671 4177 sanguinis
691 4107 898 4164 ﬂuxum
930 4107 1063 4164 ﬁdes
1077 4108 1397 4181 exsiccavit,
1421 4124 1450 4162 a
1478 4107 1587 4164 Deo
1613 4109 1827 4163 laudem
1858 4123 1984 4179 pro«

385 4201 604 4257 merita.

416 4331 421 4338 ο
532 4313 607 4369 De
631 4317 752 4370 vita:
779 4315 1049 4380 instituto,
1074 4324 1125 4371 et
1149 4315 1402 4370 missione
1437 4315 1832 4384 apostolorum.

463 4406 653 4461 Novos
683 4407 896 4462 intuere
929 4410 1116 4471 duces,
1146 4417 1204 4463 et
1237 4423 1438 4462 novum
1468 4406 1669 4478 Regem
1695 4426 1709 4462 :
1742 4409 1830 4463 hic
1855 4407 1979 4479 qui-

391 4496 521 4554 dem
556 4513 661 4553 non
696 4499 862 4554 habet
889 4500 982 4553 ubi
1013 4508 1176 4569 caput
1212 4499 1466 4563 reclinet,
1503 4500 1575 4553 illi
1629 4499 1825 4555 inermi
1859 4515 1980 4554 cor-

388 4605 525 4650 pore
551 4590 605 4643 in
644 4605 879 4660 pugnam
910 4592 1204 4661 prodeunt.
1238 4590 1379 4658 Quid
1414 4601 1524 4646 tum
1549 4592 1772 4661 postea?
1797 4591 1979 4647 Terra:

384 4680 716 4736 habitabilis
755 4682 972 4737 animas
1003 4681 1296 4738 invadunt.

1044 4793 1114 4851 In
1155 4796 1315 4851 idem.

464 4883 528 4939 Et
561 4885 717 4954 equis
769 4895 826 4941 et
877 4889 1152 4954 curribus,
1187 4903 1242 4946 et
1273 4892 1478 4962 clypeis
1512 4894 1845 4950 umbilicatis
1873 4934 1889 4960 ,
1927 4901 1982 4947 et

393 4991 515 5043 tre,
549 4987 604 5031 et
634 4991 793 5042 auro,
829 4978 1058 5049 galeatis
1086 4983 1325 5051 denique
1382 4985 1649 5042 militibus
1711 5000 1840 5040 suos
1899 4987 1983 5039 in-

393 5075 601 5122 iruunt
625 5070 788 5124 duces
820 5071 1015 5125 terreni
1045 5071 1432 5142 imperatores;
1465 5079 1556 5131 sed
1583 5077 1759 5132 nudus
1781 5075 1980 5130 Christi

410 5158 664 5213 xercitus
694 5159 936 5215 inﬁnitas
966 5171 1159 5232 gentes
1187 5169 1539 5236 expugnavit.

442 5269 518 5324 De
547 5273 805 5329 miraculo
844 5276 900 5330 in
935 5277 1198 5334 hominem
1232 5298 1390 5336 manu
1423 5281 1635 5338 aridum
1662 5285 1924 5354 prwstito.

452 5364 607 5421 Sicut
639 5371 846 5441 integra
881 5373 1146 5430 cadavera
1179 5390 1211 5451 e
1257 5379 1624 5432 monumentis
1653 5381 1882 5447 excitas,
1902 5380 1982 5436 sic

383 5467 440 5512 et
504 5459 759 5515 exanima
799 5463 1110 5520 mortalium
1174 5471 1415 5523 membra
1442 5481 1758 5538 restauras;
1795 5473 1862 5538 is,
1893 5473 1979 5528 cui

390 5563 576 5606 manus
597 5561 838 5618 aruerat,
868 5555 1000 5609 mihi
1027 5559 1183 5614 testis
1210 5567 1312 5624 est,
1340 5575 1372 5614 ο
1402 5559 1663 5628 Verbum,
1694 5579 1802 5616 non
1837 5579 1981 5634 aegre

401 5651 489 5691 am
544 5654 772 5697 movens
831 5658 1075 5710 manum,
1130 5649 1278 5702 oumi
1308 5648 1459 5718 prius
1492 5665 1655 5705 sensu
1683 5651 1976 5709 delectam.

1043 5737 1110 5792 In
1137 5739 1297 5795 idem.

451 5817 530 5873 Ex
565 5821 744 5881 divino
778 5828 1069 5896 prosiliens
1097 5846 1192 5888 ore
1223 5847 1402 5891 sermo
1431 5835 1509 5890 sic
1539 5835 1768 5906 imperat
1811 5857 1823 5893 :
1862 5838 1969 5894 Ex-

2086 3363 2253 3414 tactu,
2290 3361 2343 3406 et
2377 3353 2526 3406 omni
2561 3355 2881 3420 operatione
2921 3353 3106 3408 functa
3130 3364 3232 3409 est.
3269 3353 3406 3408 Num
3447 3366 3501 3410 et
3531 3359 3672 3410 auri-

2087 3455 2168 3500 tas
2202 3447 2366 3498 etiam
2398 3458 2593 3499 manus
2617 3444 2806 3507 ellicis.
2839 3459 2873 3499 ο
2906 3445 3164 3502 Christe?

2123 3554 2191 3611 In
2225 3555 2361 3610 illud
2395 3570 2416 3610 :
2454 3556 2722 3622 Quoniam
2753 3559 2807 3612 in
2835 3557 3123 3615 Beelzebub
3165 3561 3429 3617 dwmonia
3470 3563 3638 3633 ejicit.

2155 3648 2261 3713 Qui
2292 3647 2443 3717 fugat
2476 3648 2770 3716 daemones,
2803 3665 2836 3704 ο
2865 3651 3085 3719 scribae,
3121 3667 3198 3707 vae
3225 3654 3239 3708 l
3279 3655 3406 3723 quid
3444 3656 3670 3711 dicitis?

2086 3755 2116 3795 ε
2148 3739 2302 3795 vobis
2334 3739 2604 3795 daemonio
2626 3752 2910 3813 correptus
2939 3744 3158 3810 dicitur;
3188 3746 3313 3815 quis
3342 3748 3492 3801 vobis
3521 3761 3670 3818 mags

2083 3830 2402 3901 lymphatos
2431 3831 2689 3901 insaniat,
2726 3834 2815 3904 qui
2862 3836 2980 3890 haec
3009 3836 3278 3893 diabolica
3324 3839 3538 3894 audetis
3584 3842 3668 3893 et-

2085 3922 2296 3978 l‘utire?

2755 4015 2824 4073 In
2849 4017 3008 4073 idem.

2157 4109 2476 4164 Dato-onum
2512 4109 2754 4180 legiones
2794 4113 2982 4180 procul
3023 4115 3204 4185 exegit
3230 4115 3480 4170 Christus
3532 4117 3674 4187 apud

2083 4197 2492 4266 Gerasenos,et
2513 4201 2669 4268 jussu
2702 4218 2802 4257 suo
2834 4205 2886 4257 in
2920 4220 3204 4273 porcorum
3238 4223 3456 4278 gregem
3493 4211 3680 4277 prolu-

2085 4302 2184 4358 gos
2209 4287 2430 4356 intulit;
2479 4290 2571 4343 sed
2606 4292 2782 4358 ipsum
2819 4309 2847 4345 a
2886 4294 3128 4349 daemone
3165 4305 3437 4362 arreptum
3474 4299 3682 4366 garrie-

2087 4379 2218 4434 bant
2246 4381 2455 4437 Scribae
2489 4397 2504 4434 :
2539 4382 2734 4437 Annon
2770 4385 2964 4454 magis,
2997 4400 3029 4440 ο
3063 4388 3261 4458 Ιιοερρε
3289 4427 3304 4452 ,
3349 4389 3496 4444 ferus
3575 4392 3680 4444 illis

2087 4469 2322 4528 Satanas
2357 4479 2474 4527 erat
2506 4473 2794 4528 infensus?

2463 4563 2526 4618 In
2556 4580 2645 4620 eos
2670 4565 2762 4634 qui
2791 4566 3000 4636 signum
3026 4569 3290 4639 petebant.

2161 4655 2202 4708 A
2233 4653 2464 4711 Domino
2499 4657 2715 4726 sig-num
2767 4660 2990 4727 quaeris,
3031 4677 3063 4716 ο
3106 4661 3330 4730 Scriba;
3384 4676 3561 4715 annon
3621 4663 3679 4716 in

2085 4759 2230 4798 caeco
2261 4746 2540 4816 deintegro
2566 4748 2785 4805 vidente
2811 4751 3023 4821 signum
3057 4761 3140 4807 est
3165 4752 3188 4806 ἲ
3218 4767 3399 4806 annon
3451 4755 3579 4805 item
3624 4735 3678 4806 in

2085 4837 2251 4888 surdo
2287 4850 2503 4890 rursum
2532 4839 2790 4895 audiente
2829 4843 3044 4910 signum
3091 4843 3215 4900 est?
3256 4846 3480 4899 omnino
3533 4849 3677 4915 quod

2087 4922 2286 4990 facitis,
2317 4939 2382 4978 ac
2401 4924 2608 4992 dicitis,
2631 4928 2987 4985 invidentiam
3021 4949 3129 5001 prae
3160 4947 3219 4988 se
3255 4932 3379 4988 l'ert.

2746 5018 2814 5073 In
2847 5023 3008 5081 idem.

2161 5101 2390 5158 Lumine
2443 5105 2578 5161 solis
2651 5113 2716 5162 ac
2765 5111 2988 5166 a-theris
3042 5125 3268 5183 aspectu
3313 5119 3546 5170 donatus
3594 5128 3678 5172 est

2089 5209 2302 5261 catcus;
2358 5196 2572 5252 audivit
2627 5212 2889 5267 praeterea
2945 5207 3180 5273 surdus;
3220 5210 3505 5278 sanguinis
3543 5209 3673 5262 item

2084 5287 2262 5341 ﬂuxus
2290 5289 2482 5355 stetit;
2517 5292 2790 5347 inhorruit
2819 5299 3124 5351 «lasanonuin
3163 5299 3344 5367 legio;
3393 5316 3422 5355 e
3471 5305 3678 5354 tumulo

2089 5379 2338 5448 prorupit
2369 5392 2652 5449 mortuus;
2687 5385 2829 5454 quod
2863 5389 3094 5456 amplius
3137 5390 3352 5460 signum
3388 5391 3670 5460 probaturi

2082 5471 2237 5539 estis,
2269 5486 2301 5525 o
2327 5469 2577 5530 Scribae?

2190 5583 2258 5638 In
2287 5587 2341 5640 id
2373 5599 2391 5638 :
2421 5586 2749 5662 Mater-nea,
2781 5601 2827 5644 et
2860 5592 3054 5659 fratres
3081 5595 3202 5647 mei.
3237 5595 3328 5662 qui
3362 5594 3566 5662 faciunt

2510 5660 2835 5714 t'olumalem
2888 5662 3067 5716 Putris
3113 5682 3235 5717 met.

2163 5745 2208 5803 Ο
2234 5747 2423 5803 infelix
2457 5751 2768 5818 homuncio,
2806 5767 2858 5809 et
2883 5770 2946 5808 ex
2986 5758 3072 5810 vili
3098 5760 3306 5826 origine
3337 5768 3676 5827 procreatus,

2079 5839 2164 5896 vis
2196 5849 2246 5896 te
2273 5843 2339 5896 ad
2369 5841 2578 5921 illustre
2614 5859 2786 5914 genus
2820 5848 3154 5917 proveham?
3187 5849 3276 5904 Dei
3332 5851 3432 5905 rite.
3482 5852 3674 5903 vulnu-
