4050 6394
394 432 471 484 To
499 427 595 483 τοῦ
621 427 759 482 Θεοῦ
801 427 1018 499 θέλημα
1049 429 1255 500 πρᾶττε
1287 429 1550 500 γνησίως,

396 523 508 578 Καὶ
531 520 625 576 τοῦ
657 521 815 582 Θεοῦ,
847 522 1107 590 γίνωσκε,
1149 522 1419 592 συγγενὴς
1447 523 1610 594 γένῃ.

995 612 1102 676 Εις
1133 609 1198 663 τὸ
1230 612 1401 664 αὐτό.

397 707 474 759 Οὑ
503 705 768 774 γενεῆθεν
799 704 939 776 ἀνὴρ
963 704 1120 775 παρὰ
1159 703 1382 775 Χριστῴ
1402 702 1612 774 ἔμμορε
1640 703 1682 775 -ι-
1713 703 1883 774 τιμῆς
1908 720 1924 771 ;

398 797 534 850 Οὐδέ
563 813 621 849 τε
659 797 937 866 θηλυτέρη
971 795 1115 866 μέγα
1151 796 1346 850 πῦτνια
1375 796 1531 848 ἐνθεν
1556 795 1810 866 ἐδείχθης

399 891 591 950 Κείνος
617 889 878 958 ἀδελφεός
903 890 1019 942 ἐστι
1055 887 1216 955 Θεοῦ,
1239 888 1452 957 γενέτις
1483 888 1539 940 δέ
1565 904 1624 941 τε
1658 890 1839 958 κείνη,

398 981 466 1034 Οἱ
491 981 530 1052 -ι-
567 997 669 1050 σφε
703 980 898 1049 λόγους
927 980 1198 1046 τελέουσι,
1227 981 1324 1033 καὶ
1372 979 1560 1034 ἔνδικα
1587 978 1628 1050 ἰ·
1655 979 1836 1046 θεσμὰ
1863 995 1987 1032 ποι-

1713 1069 1909 1142 [οὖσιν.

430 1167 535 1230 Εἷς
562 1163 671 1218 τὸν
700 1163 964 1232 Χριστὸν
1018 1162 1140 1219 ἀπὸ
1170 1163 1278 1218 τοῦ
1312 1163 1535 1219 πλοίου
1564 1163 1944 1218 διδάσκοντα

861 1235 1006 1301 τοὺς
1029 1236 1099 1289 ἐν
1125 1232 1206 1301 τῷ
1227 1232 1502 1302 αἰγιαλῷ.

410 1332 527 1401 ’ίῗφ’
554 1334 783 1396 ὑδάτων,
813 1332 1059 1402 λέγουσι,
1090 1330 1246 1402 φωνὴ
1273 1331 1480 1399 Κυρίου
1506 1344 1522 1360 ⁸

400 1429 470 1479 τε
496 1426 679 1480 πλοῖον
708 1427 774 1480 ἀθ
786 1429 922 1495 ρεῖς,
953 1426 1046 1479 τδν
1081 1425 1402 1480 διδάσκαλον
1436 1424 1659 1493 βλέπεις
1680 1440 1695 1456 ·

399 1519 504 1569 Τδν
539 1517 786 1585 αἰγιαλὸν
815 1516 1110 1587 τοιγαροῦν
1135 1515 1364 1587 δραμὼν
1389 1515 1620 1584 φθάσον,

399 1613 512 1666 Καὶ
539 1611 638 1682 τῆς
669 1610 840 1680 σοφῆς
872 1611 1038 1666 ἄκουε
1071 1609 1448 1674 διδασκαλίας.
1550 1612 1554 1616 ⁴

968 1705 1074 1770 Εις
1103 1703 1171 1757 τὸ
1202 1693 1404 1760 aeta.

401 1799 469 1851 Ὠ
497 1797 730 1862 πέλεκυς
761 1797 1055 1868 μακάριος,
1082 1796 1127 1849 ὣ
1157 1795 1353 1869 οὔρεος
1379 1796 1563 1862 ἔνθεος
1586 1796 1719 1864 ὖληῐ

403 1888 670 1958 Εὐτυχέες
699 1887 992 1958 δρυτόμοιί
1029 1888 1331 1956 ναυπηγῶν
1373 1887 1612 1945 δάκτυλα
1643 1885 1840 1941 κεδνὰί

401 1979 466 2033 Οἳ
492 1980 609 2036 τόδε
643 1979 684 2050 ’ξ-
711 1977 913 2048 λέμϐος
939 1977 1125 2031 ἔθεσθε
1149 1977 1561 2049 θαλασσοπὸρον
1585 1978 1952 2047 καλίγομφον,

402 2064 476 2144 ’ῼ
507 2070 638 2135 Θεὸς
661 2068 948 2140 ὲμϐεϐαὼς
973 2067 1292 2132 διδάσκαλος
1323 2068 1512 2122 ὤπασε
1548 2069 1744 2140 γῆρυν.

722 2184 830 2252 Είς
859 2185 976 2254 τὴν
1001 2186 1328 2256 ἀποτομὴν
1373 2185 1688 2241 Ἰωάννου.

405 2281 472 2333 Ὠ
492 2280 690 2349 κοῦφος
713 2277 869 2346 ἄναξ,
898 2281 1100 2352 μιαρᾶς
1127 2280 1314 2343 δοῦλος
1341 2279 1550 2352 κόρηςί

410 2375 474 2426 Ὠ
496 2372 679 2443 μωρὸς
705 2373 868 2443 ὅρκος
899 2372 1257 2444 συμμερίζων
1292 2373 1354 2426 τὸ
1391 2373 1627 2443 κράτοςί

402 2466 469 2516 Ὠ
492 2463 706 2516 δεῖπνον
733 2463 957 2534 αἰσχρὸν
984 2462 1218 2532 αἵματος
1238 2462 1449 2534 χλωροῦ
1478 2463 1671 2519 πνέονί

407 2556 472 2626 ᾫ
495 2555 686 2626 νεκρὸς
709 2553 970 2625 ἔμπνους,
995 2555 1090 2607 καὶ
1114 2553 1176 2606 τὸ
1199 2553 1371 2620 μῦσος
1404 2554 1668 2609 δεικνύων
1692 2559 1706 2611 l

966 2670 1070 2735 Είς
1100 2671 1166 2722 τὸ
1203 2669 1374 2724 αὐτό.

413 2760 480 2814 Ἦ
513 2761 724 2830 γένεσις
742 2761 922 2832 βιότου
948 2760 1041 2815 καὶ
1076 2759 1225 2830 ζωῆς
1249 2761 1442 2814 ἔπλετο
1465 2759 1616 2832 ῥίζα,

406 2855 589 2923 Πρᾶξε
615 2854 775 2922 φόνον
802 2852 846 2907 δ’
885 2851 1130 2922 Ἡρώδης
1161 2854 1218 2905 ἑν
1247 2853 1436 2922 τελετῇ
1465 2854 1756 2921 γενεσίωνο

404 2944 566 3000 οἰνου
598 2944 657 2996 δὲ
681 2944 933 3014 κρητῆρα
965 2941 1275 3014 κεράσσατο
1309 2943 1505 3012 αἵματι
1529 2943 1742 3012 θερμῷ.

1245 311 1782 373 TETRASTICHA
1825 310 1909 372 IN
1947 309 2216 374 NOVUM
2258 310 2860 373 TESTAMENTUM.

3535 312 3668 382 “86

2007 431 2052 488 Α
2083 426 2195 498 Ούχ
2233 429 2261 481 ὀ
2289 425 2467 480 θανὼν
2496 427 2720 498 ἐσίγησε
2745 441 2760 458 ·
2783 421 3020 495 λυγίζεο,
3057 421 3272 495 μαχλᾶς
3301 423 3562 494 ἀσελγής.

2263 543 2368 608 Εἰς
2393 541 2460 595 τὸ
2478 541 2627 596 κατὰ
2661 541 2805 608 τοὺς
2827 544 3010 595 πέντε
3035 540 3257 610 ἄρτους
3283 540 3501 629 θαῦμα.

2097 652 2157 704 '0
2191 652 2366 723 μάννα
2390 653 2450 706 τδ
2481 653 2610 723 πρὶν
2636 654 2718 717 είς
2757 654 3048 716 Ἰουδαίους
3079 653 3294 724 βρέχων

2083 745 2201 798 Νῦν
2231 746 2297 798 ὲκ
2334 745 2502 814 μόνης
2541 745 2770 815 ἔθρεψεν
2799 747 2982 815 ἄρτων
3006 745 3272 809 πεντάδος

2085 838 2200 906 Τὴν
2220 838 2668 907 πεντακισχίλιον
2700 838 2910 908 ἀνδρῶν
2935 837 3142 908 ἀγέλην
3161 854 3178 871 ο

2084 931 2196 985 Καὶ
2223 932 2352 996 τοὺς
2377 933 2633 1000 κοφίνους
2666 930 2768 1000 τῆς
2806 929 3128 998 περισσείας
3155 928 3278 1000 δρα.

2655 1043 2762 1110 Εἰς
2789 1043 2857 1097 τὸ
2883 1045 3058 1099 αὐτό.

2087 1137 2324 1208 Ἐντερα
2349 1137 2451 1191 ούκ
2477 1137 2710 1210 ἐπέδησε
2738 1137 2972 1208 τροφὴν,
3000 1136 3176 1209 τάπερ
3203 1134 3378 1190 ἔνδοθι
3415 1134 3605 1190 κεύθει

2081 1229 2344 1300 Χριστὸς,
2374 1230 2461 1283 ὅτε
2499 1229 2829 1300 βραχέεσσιν
2853 1229 3148 1300 ἀπείρονας
3197 1227 3428 1298 ἔτρεφεν
3459 1228 3665 1298 ἄρτοις,

2083 1321 2197 1386 Τὰς
2227 1321 2285 1375 δὲ
2309 1322 2518 1393 τροφὰς
2541 1322 2748 1391 αύξησε
2771 1339 2784 1351 ·
2815 1325 2884 1376 τὰ
2905 1322 2952 1375 δ’
2978 1321 3157 1390 ἄγγεα
3184 1321 3380 1374 ἔπλετο
3414 1319 3646 1390 μάρτυς,

2083 1409 2179 1477 Οἷς
2211 1415 2281 1472 τά
2305 1431 2365 1484 γε
2389 1414 2602 1484 λείψαν’
2631 1415 2846 1486 ἔερκτο,
2873 1415 3037 1468 πέλεν
3061 1414 3118 1467 δέ
3140 1431 3201 1467 τε
3226 1413 3438 1467 δώδεκα
3468 1412 3668 1466 πάντα.

2152 1528 2259 1592 Εἰς
2282 1525 2392 1580 τὸν
2417 1525 2490 1581 ἐν
2522 1498 2824 1650 θαλὰσἮτέ
2839 1527 3178 1592 περίπατον
3204 1521 3470 1592 Χριστοῦ
3499 1519 3600 1574 και

2832 1614 2993 1650 τοου.

2832 1614 2993 1651 τοου.

2741 1614 2993 1664 usrpov.

2081 1683 2288 1752 *Ηλθες
2320 1689 2446 1744 καθ’
2482 1688 2687 1760 ὑγρῶν,
2725 1686 3143 1758 θαυματουργία
3175 1685 3276 1756 μία
3301 1700 3316 1718 °

2013 1771 2056 1826 Β
2086 1779 2326 1851 Συνῆλθέ
2355 1797 2437 1832 σοι
2469 1781 2562 1833 καὶ
2596 1779 2823 1849 Πέτρος,
2845 1777 2988 1847 αὕτη
3010 1777 3244 1847 δευτέρα
3262 1791 3278 1806 ⁸

2089 1869 2344 1935 Ἐσωσας
2367 1873 2528 1926 αὑτὸν
2551 1871 2616 1926 ἐκ
2651 1870 2846 1942 βυθῶν,
2872 1868 3015 1937 αὕτη
3049 1869 3209 1939 τρίτη
3233 1886 3250 1904 ο

2084 1961 2228 2026 Τοὺς
2255 1961 2493 2033 ἀνέμους
2521 1963 2791 2026 ἔπαυσας,
2824 1959 2965 2032 αὕτη
2995 1960 3230 2015 λοισθία.

2653 2079 2762 2145 Είς
2791 2076 2861 2132 τὸ
2899 2077 3073 2133 αὐτό.

2085 2173 2294 2243 Πέτρος
2323 2171 2464 2244 ὑπὲρ
2486 2171 2678 2226 νώτοιο
2717 2169 3020 2241 θαλάσσης,
3052 2169 3248 2242 Πέτρε,
3279 2169 3528 2242 πορεύῃς

2086 2263 2280 2326 Πεζός.
2333 2263 2499 2334 Ἀτὰρ
2529 2261 2611 2324 τίς
2635 2277 2716 2314 τοι
2753 2258 2911 2330 πτέρ’
2937 2260 3166 2330 ὲνάρσια
3194 2259 3328 2328 θῆκε
3365 2259 3597 2325 ποδοῖιν,

2088 2355 2162 2409 Ἤ
2185 2354 2269 2417 τίς
2299 2353 2395 2407 ἀπ’
2422 2352 2720 2424 οὐρανόθεν
2743 2349 2961 2422 δολιχὴν
2983 2350 3172 2421 σειρὴν
3201 2341 3599 2421 προπετάσσας

2099 2447 2194 2500 Ἐκ
2225 2445 2470 2516 κεφαλῆς
2488 2445 2672 2516 ἀνέχει
2702 2460 2797 2504 σε;
2834 2444 2939 2498 Τὸν
2960 2443 3154 2512 ἐγγύθι
3180 2443 3373 2515 δέρκεο
3412 2441 3674 2512 Χριστόν.

2558 2560 2662 2623 Εἰς
2690 2557 2807 2625 τὴν
2837 2554 3217 2611 Χαναναίαν.

2099 2676 2161 2730 '0
2183 2673 2418 2744 Χριστὸς
2444 2672 2610 2744 ἄρτος
2631 2687 2647 2703 ν
2671 2669 2904 2741 ’Ἰσραὴλ
2928 2672 3058 2732 παῖς
3090 2667 3303 2739 Κυρίου
3323 2681 3342 2700 ·

2098 2769 2167 2823 Ἦ
2191 2769 2236 2820 δ’
2271 2765 2464 2836 ὲθνικὴ
2498 2765 2768 2836 σύμπασα
2800 2761 3011 2834 πατριὰ
3040 2761 3212 2816 κύων.

2105 2859 2165 2913 Ὀ
2199 2857 2440 2925 παῖςπδν
2474 2855 2643 2926 ἄρτον
2670 2853 2919 2925 ἀφρόνως
2950 2851 3283 2922 ἅπεστράφη
3306 2868 3324 2887 ο

2099 2949 2162 3003 '0
2187 2947 2232 3002 δ’
2258 2945 2351 3001 οὖν
2381 2945 2530 2999 κύων
2552 2942 2832 3014 βέϐρωκεν
2855 2941 3020 2996 αὑτὸν
3049 2941 3329 3010 ἁσμένως.

407 3112 572 3162 tatem
604 3116 903 3171 exsequere
923 3140 939 3168 ,
965 3116 1028 3156 ac
1055 3103 1192 3156 scito
1219 3110 1271 3156 te
1301 3099 1726 3170 consaguiueum
1756 3097 1848 3153 Dei
1871 3113 1998 3154 eva-
2026 3125 2068 3180 ο
2103 3099 2396 3162 commisit,
2425 3097 2645 3167 vinique
2674 3104 2916 3166 pateram
2943 3095 3116 3150 calido
3150 3095 3338 3151 libavit
3367 3098 3630 3167 sanguine
3659 3114 3676 3154 :

406 3201 616 3250 Eurum.

1071 3283 1135 3338 lu
1163 3285 1322 3340 idem.

477 3376 670 3430 Annon
701 3375 792 3445 qui
825 3391 889 3431 ex
923 3376 1248 3445 cognatione
1274 3373 1476 3430 Christi
1509 3381 1648 3440 erat,
1687 3373 1756 3430 ab
1784 3387 1850 3430 eo
1873 3372 1993 3444 glo-

405 3471 544 3524 riam
566 3470 1047 3538 consequebatur?
1084 3483 1264 3522 annon
1297 3467 1491 3535 eteius
1520 3477 1695 3522 mater
1717 3468 1992 3538 impendio

405 3561 738 3616 Venerabilis
793 3561 919 3614 inde
949 3569 1166 3615 ostensa
1203 3559 1329 3613 est?
1355 3558 1450 3616 Est
1476 3560 1547 3614 ita
1584 3574 1753 3625 sane;
1787 3559 1882 3613 sed
1907 3558 1994 3613 ille

407 3668 573 3709 verus
601 3652 691 3706 Dei
729 3652 919 3718 frater,
967 3660 1022 3706 et
1053 3651 1144 3705 illa
1176 3662 1348 3706 mater
1389 3661 1492 3715 est,
1519 3651 1610 3720 qui
1639 3653 1757 3718 ejus
1789 3665 1995 3705 sermo-

410 3745 570 3800 uibus
599 3742 1024 3812 obsecuti,justa
1055 3741 1146 3797 Dei
1177 3743 1392 3797 decreta
1421 3750 1815 3812 exsequuntur.

557 3856 624 3911 1η
678 3855 952 3913 Christum
999 3872 1109 3919 eos,
1159 3857 1250 3924 qui
1302 3855 1513 3910 stabant
1550 3856 1607 3909 in
1638 3856 1775 3925 ripa,
1825 3871 1854 3910 e

928 3929 1137 3996 navigio
1164 3927 1460 3981 docentem.

488 4019 598 4076 \"ox
635 4019 849 4076 Domini
883 4023 1045 4090 super
1060 4034 1253 4089 aquas,
1282 4019 1531 4090 inquiunt
1564 4019 1796 4074 Psnlmi:
1831 4018 1995 4074 Nat-i-

409 4113 588 4169 uslam
627 4112 801 4176 vides,
841 4121 1235 4181 praeceptorem
1292 4113 1552 4176 intueris,
1585 4127 1756 4182 quare
1803 4121 1994 4166 auctor

417 4221 558 4267 stnn,
593 4213 649 4256 ut
678 4204 850 4269 ripam
884 4205 1156 4260 currendo
1187 4203 1340 4272 prior
1370 4217 1620 4270 occupes,
1663 4214 1716 4257 et
1760 4203 1988 4273 sapien-

416 4297 655 4352 tissimus
686 4295 928 4361 docentis
958 4297 1350 4364 praeceptiones
1377 4295 1668 4350 auscultes.

1078 4404 1146 4460 In
1178 4407 1337 4461 idem.

2103 3207 2200 3246 nec
2223 3191 2437 3245 occisus
2471 3189 2658 3253 tacuit,
2693 3190 2831 3242 unde
2865 3187 3144 3258 impudica
3177 3188 3440 3244 meretrix
3464 3201 3680 3246 contor-

2092 3288 2378 3356 quebatur.

2462 3399 2535 3454 De
2560 3396 2820 3452 miraculo
2854 3397 3080 3466 quinque
3104 3412 3322 3466 panum.

2164 3497 2266 3564 Qui
2297 3497 2446 3564 prius
2477 3495 2530 3548 in
2567 3490 2783 3546 Judteos
2827 3505 3024 3543 manna
3067 3488 3375 3557 depluehat,
3421 3504 3566 3544 nunc
3611 3503 3680 3544 ex

2093 3592 2277 3660 quinis
2322 3598 2532 3642 tantum
2599 3583 2791 3638 refecit
2842 3583 3072 3650 panibus
3146 3581 3389 3651 quinque
3449 3582 3680 3636 millium

2097 3683 2382 3738 Ιιοηιίιιυιη
2418 3679 2682 3735 turbam:
2725 3676 2975 3730 residuos
3027 3689 3059 3730 e
3103 3675 3363 3730 convivio
3416 3674 3682 3745 cephinos

2101 3775 2342 3830 intuere.

2753 3859 2818 3915 In
2857 3860 3018 3914 idem.

2167 3959 2357 4026 Populi
2379 3957 2587 4011 viscera
2613 3969 2772 4009 omne
2797 3967 2904 4007 non
2932 3952 3316 4006 continuerunt
3344 3949 3684 4014 alimentum,

2097 4049 2242 4120 quod
2276 4050 2422 4103 intus
2453 4045 2736 4115 ingerebat
2769 4042 3048 4104 Christus,
3083 4055 3207 4095 cum
3237 4039 3424 4110 paucis
3452 4040 3684 4109 panibus

2096 4139 2414 4194 innmneros
2446 4137 2593 4207 pavit
2623 4133 2893 4199 homines,
2927 4129 3376 4199 multiplicatione
3435 4126 3682 4182 alimenti

2097 4223 2278 4292 facta;
2309 4236 2472 4279 testes
2519 4222 2647 4275 mihi
2706 4228 2831 4275 sunt
2870 4217 3086 4286 cophini
3113 4216 3396 4271 duodecim
3433 4227 3683 4282 numero,

2099 4318 2298 4386 quibus
2333 4313 2545 4384 prandii
2579 4310 2823 4380 reliquiae
2856 4318 2985 4365 Sunt
3015 4308 3290 4377 repositae.

2197 4429 2276 4483 De
2315 4428 2514 4485 Christi
2543 4435 2593 4481 et
2652 4425 2798 4480 Petri
2842 4439 2998 4495 super
3027 4440 3175 4476 mare
3205 4422 3585 4478 ambulatione.

488 4502 532 4558 θ
556 4502 808 4573 Ρ⁸Γ¹)θ³ί³
840 4499 1083 4556 seum“
1113 4514 1146 4554 ⁰
1168 4499 1351 4552 dim”
1378 4501 1576 4554 "'onli‘
1603 4500 1732 4555 5"”
1756 4500 1768 4556 !
1802 4516 1834 4555 ⁰
1856 4498 1994 4555 fabri
2030 4487 2072 4542 ο
2173 4521 2280 4578 Per
2301 4539 2448 4577 mare
2473 4519 2852 4582 deambulasti,
2880 4517 3111 4588 primum
3137 4516 3480 4582 miraculum;
3509 4527 3685 4570 tecum

417 4595 630 4664 ligttarii
672 4593 889 4649 felices!
946 4607 978 4646 ο
1033 4607 1404 4661 ttattpagurum
1441 4591 1693 4662 gloriosae
1761 4593 1992 4650 manus!

418 4686 510 4755 qui
547 4687 689 4740 hunc
722 4686 983 4750 lembum,
1008 4686 1177 4738 maria
1216 4684 1540 4745 sulcantem.
1573 4683 1740 4742 clavis
1773 4685 1998 4755 pulchre

418 4787 760 4844 compactum
798 4774 1134 4836 aedificastis,
1157 4773 1210 4827 itt
1239 4789 1397 4842 quem
1434 4775 1804 4830 conscendens
1833 4775 1995 4837 Deus,

419 4872 765 4940 praeceptoris
799 4868 974 4922 instar
1001 4880 1190 4921 vocem
1241 4866 1460 4922 extulit.

779 4983 847 5039 In
872 4981 1132 5037 Joannem
1152 4980 1287 5036 collo
1313 4989 1637 5036 truncatum.

491 5081 535 5135 0
570 5079 847 5134 levissime
895 5075 1171 5143 princeps,
1236 5071 1478 5127 scelesta:
1517 5071 1708 5141 puella:
1747 5075 2000 5142 nequiter

419 5175 722 5230 inserviens
742 5170 756 5224 ί
780 5169 882 5223 lteu
909 5165 1165 5221 stolidum
1193 5173 1614 5228 Sacrameutum,
1645 5164 1854 5233 imperii
1892 5181 2001 5234 ρο..

420 5276 667 5322 testatem
700 5261 1056 5330 dispertiens!
1109 5259 1213 5314 heu
1233 5259 1465 5313 convivii
1520 5259 1854 5315 fteditatem!
1891 5277 2001 5330 quo

419 5359 644 5416 decolor
693 5355 981 5410 anhelatur
1027 5351 1271 5424 sanguis,
1331 5351 1418 5406 hei
1465 5353 1683 5423 spirans
1716 5354 1988 5408 cadaver!

421 5449 653 5508 Herodis
685 5447 862 5502 scelus
888 5460 1146 5514 arguens.

577 5629 582 5633 ν
1066 5558 1130 5612 In
1180 5559 1340 5612 idem.

495 5658 616 5711 Dies
647 5657 770 5709 vita:
802 5653 994 5708 natalis
1024 5663 1080 5707 et
1115 5651 1473 5720 primordium
1513 5647 1649 5716 e'rat,
1675 5668 1795 5705 cum
1831 5650 2002 5707 Hero-

421 5751 518 5806 des
569 5752 620 5805 in
673 5748 1007 5804 Solemnibus
1083 5747 1340 5800 natalium
1388 5747 1730 5802 ceremoniis
1792 5746 1996 5802 caadetn

2101 4613 2404 4670 ambulavit
2434 4621 2488 4668 et
2517 4611 2735 4674 Petrus,
2769 4611 2873 4665 hoc
2903 4609 3239 4674 secundum;
3292 4623 3416 4664 eum
3458 4623 3522 4662 ex
3576 4609 3701 4680 imo,

2106 4707 2276 4760 maris
2301 4703 2550 4774 eripuisti
2587 4703 2824 4774 gurgite,
2862 4704 2964 4756 hoc
2994 4702 3214 4756 tertium
3241 4718 3257 4769 ;
3287 4707 3542 4772 quodque
3591 4717 3684 4772 po-

2100 4809 2360 4852 stremum
2405 4807 2508 4862 est,
2539 4807 2818 4851 venturum
2872 4795 3116 4850 turbines
3148 4795 3368 4849 sedasli.

2765 4908 2832 4963 In
2879 4909 3036 4962 idem.

2176 5013 2346 5070 Pedes
2381 5015 2434 5068 in
2488 5029 2744 5083 suprema
2797 5013 2938 5066 unda
2976 5012 3202 5082 gradum
3253 5010 3407 5074 facis,
3436 5024 3468 5063 ο
3503 5007 3685 5062 Petrei

2105 5108 2234 5176 quis
2266 5121 2431 5174 porro
2468 5107 2784 5160 commodas
2839 5105 2944 5158 tuis
2986 5105 3215 5173 pedibus
3262 5102 3376 5156 alas
3437 5101 3684 5172 aptavit!

2102 5197 2185 5253 vel
2215 5199 2334 5266 quis
2355 5197 2617 5268 prolixam
2647 5212 2676 5250 e
2703 5196 2841 5251 cmlo
2863 5204 3107 5251 catenam
3140 5193 3487 5262 protendens,
3517 5202 3566 5244 ιο
3592 5205 3683 5244 ca-

2102 5289 2212 5359 pite
2251 5289 2559 5344 sustentat?
2587 5287 3118 5357 proximejuvantem
3149 5284 3423 5341 Christum
3450 5284 3682 5338 intuere.

2648 5379 2714 5432 In
2742 5379 3124 5432 (.‘hanamvam.

2175 5471 2339 5526 Panis
2371 5472 2618 5527 Christus
2645 5477 2749 5535 est;
2779 5471 3008 5540 populus
3051 5469 3291 5523 Israelita
3349 5471 3484 5525 filius
3529 5473 3682 5527 fami-

2107 5562 2244 5626 lias;
2287 5562 2542 5616 universa
2570 5561 2909 5615 ethnicorum
2943 5557 3148 5612 familia
3195 5558 3345 5612 canis
3368 5600 3383 5625 ,
3415 5559 3526 5628 jam
3557 5577 3683 5616 vero

2105 5661 2247 5716 filius
2293 5674 2490 5728 panem
2535 5658 2978 5714 fastidiosissime
3027 5668 3310 5713 aversatus
3368 5668 3451 5714 est
3507 5673 3525 5721 :
3574 5678 3683 5732 quo

2105 5749 2332 5812 factum.
2357 5761 2416 5805 ut
2447 5750 2806 5807 libentissime
2823 5748 3042 5805 tandem
3074 5751 3225 5805 cauis
3251 5752 3568 5814 comederit.
3651 5755 3654 5758 ’
