4050 6416
465 351 604 420 1187

1025 462 1134 530 εὶς
1163 463 1233 518 τό
1255 462 1426 517 αὐτό.

462 560 527 613 οι
555 558 724 621 κύνες
749 555 1054 611 εὖνοέουσιν
1085 555 1317 624 ἀγαθοῖς
1341 555 1682 626 άρτοδότῃσι,

464 647 834 722 Μνημοσύνην
870 646 1154 701 κεύθουσιν
1181 647 1263 700 ἑνὶ
1288 647 1548 712 στήθεσσι
1583 646 1810 716 φίλοισι.

460 745 574 798 Καὶ
606 741 670 795 σύ
696 744 786 812 ῥα,
813 739 1128 804 Χανανίτις,
1157 737 1247 791 διὰ
1277 736 1428 792 ταῦτ’
1451 737 1720 807 ὀνομάζεο
1754 737 1922 799 κύων,

457 836 554 888 Ἔν
586 833 643 886 δὲ
667 833 759 885 τὸν
777 833 941 902 ἄρτον
965 831 1181 884 ἅπαντα
1209 829 1468 883 κατέσθιε
1490 829 1658 898 πιστὴ
1687 827 1879 883 ἐοῦσα.

459 950 566 1013 Εὶς
593 945 683 1010 τὸ,
723 946 865 1000 Τίνα
884 960 962 1012 με
976 943 1272 1013 λέγουσιν
1297 943 1360 1013 οί
1383 940 1688 1009 ἄνθρωποι
1712 934 1867 994 εἶναι
1894 954 1912 1002 ;
1942 939 2042 993 καὶ

775 1065 787 1087 ι
809 1017 898 1079 εις
925 1013 1045 1080 τὴν
1070 1012 1301 1078 Πέτρου
1330 1012 1682 1080 ἀπόκρισιν.

457 1108 743 1177 Μακάριος
769 1101 822 1158 εἷ
855 1103 1071 1172 ’Πέτρε,
1095 1100 1378 1154 συλλαϐῶν
1408 1101 1581 1155 τόσων

465 1197 795 1267 Ὠνούμενος
813 1195 912 1266 τὴν
943 1193 1129 1247 κλεῖδα
1156 1194 1255 1262 τῆς
1283 1191 1397 1246 ἄνω
1435 1192 1634 1262 πύλης,

457 1289 808 1356 Καλούμενος
834 1287 889 1339 δὲ
920 1286 1149 1354 Πέτρος,
1179 1283 1240 1348 ὃς
1279 1282 1473 1354 πρώην
1503 1284 1724 1354 Σίμων,

455 1382 530 1434 Τδ
555 1382 666 1434 πᾶν
689 1379 747 1432 δὲ
773 1375 1012 1447 δεσμῶν,
1041 1375 1210 1427 καὶτὸ
1239 1377 1348 1428 πᾶν
1373 1375 1514 1428 λύων
1550 1377 1736 1430 πάλιν.

1023 1467 1132 1532 Εἰς
1161 1466 1227 1519 τὸ
1255 1468 1427 1521 αὐτό.

459 1563 772 1634 Ἀνθρωποί
798 1578 857 1614 σε
888 1559 1264 1632 χαμαίφρονες
1302 1558 1491 1612 Ἠλιοὺ
1521 1561 1573 1612 οἱ
1604 1560 1702 1629 μὲν
1734 1560 1965 1629 ἔφασαν,

455 1659 520 1710 Οἱ
543 1657 598 1709 δέ
620 1657 668 1706 τ’
708 1654 985 1720 Ἰωάννην,
1015 1651 1065 1702 οἱ
1092 1649 1137 1702 δ’
1167 1647 1404 1717 ἔμπαλιν
1443 1649 1716 1722 Ἰερεμίαν
1737 1663 1752 1678 ‘

456 1750 640 1816 Αὐτὰρ
660 1748 686 1800 ὁ
715 1746 951 1817 Χριστὸν
975 1744 1124 1809 ἔλεξε
1152 1743 1287 1796 Θεοῦ
1324 1743 1536 1814 Πατρὺς
1569 1744 1704 1797 Υἱέα
1727 1745 1958 1815 Πέτρος.

455 1843 696 1912 κληῖδας
719 1839 869 1893 ἐνθεν
900 1837 1104 1902 ἔδεκτο,
1131 1839 1222 1890 ταὶ
1246 1837 1475 1908 οὐρανὸν
1505 1836 1671 1906 εὐρὺν
1693 1836 1931 1906 ἔχουσιν.

865 1932 970 1996 Είς
997 1931 1113 1998 τὴν
1129 1930 1623 1999 μεταμόρςρωσιν.

463 2030 630 2099 Ὁρᾷς
658 2027 718 2080 τὸ
749 2022 982 2095 Θαύώρς
1008 2023 1122 2093 Οὐχ
1152 2022 1287 2093 ὁρῶ.
1313 2021 1447 2075 Τίνα
1478 2022 1716 2091 τρόπον;

452 2120 560 2175 Τοῦ
601 2117 779 2188 φωτὸς
810 2116 843 2183 ἡ
867 2113 1022 2184 χύσις
1051 2129 1116 2182 με
1153 2111 1356 2165 κωλύει
1388 2109 1629 2180 βλέπειν.

461 2209 667 2280 Ὀρθῶς
693 2206 886 2270 ἔλεξας
908 2220 924 2237 ⁸
954 2203 1080 2257 οὐδὲ
1115 2204 1227 2274 γὰρ
1277 2202 1532 2273 Ἰωάννης

461 2305 610 2358 Ἰδεῖν
631 2301 1026 2371 ικαρτέρησεν,
1052 2295 1170 2350 ἀλλ’
1195 2296 1298 2348 ύπε
1309 2295 1499 2366 στάλη.

1053 2388 1158 2455 Εἰς
1188 2387 1254 2441 τὸ
1287 2388 1463 2444 αὑτό.

449 2485 615 2556 Τρεῖς
650 2483 752 2553 μὲν
781 2481 895 2536 ἄνω
914 2480 1170 2535 λαλέουσι
1192 2480 1395 2550 Θαδὼρ
1421 2481 1526 2534 ἀνὰ
1555 2480 1702 2551 ἄκρα
1729 2483 2005 2554 κόρυμϐαο

460 2574 558 2627 Ἐκ
582 2572 630 2627 δ’
651 2559 760 2641 ἄρα
785 2570 882 2624 τοῦ
918 2570 1178 2642 μεσάτοιο
1215 2570 1362 2639 φόως
1392 2570 1724 2641 ἀναδέδρομε
1762 2571 1924 2626 θεῖον.

450 2667 620 2736 Τρεῖς
665 2665 723 2717 δὲ
756 2664 923 2716 πέσον
959 2662 1195 2734 πρανέες
1226 2663 1355 2716 ποτὶ
1402 2662 1575 2727 πέζαν
1613 2662 1803 2732 οὔρεος
1834 2665 2034 2733 ἄκρηνο

461 2756 552 2808 Ἐν
571 2753 617 2807 δ’
651 2753 761 2823 ἄρα
791 2753 870 2822 τῷ
899 2754 1120 2823 μεσὰτῳ
1145 2752 1350 2806 πλείων
1390 2753 1523 2821 χύτο
1548 2752 1726 2820 φωτὸς
1752 2753 2034 2824 ἀπορρώξ.

554 2850 658 2913 Εις
689 2847 754 2900 τὸ
771 2847 938 2900 κατὰ
960 2845 1068 2899 τὸν
1095 2844 1614 2913 σεληνιαζόμενον
1641 2845 1862 2914 θαῦμα.

452 2939 766 3010 Ἀνθρωπε,
809 2940 884 3009 μὴ
915 2936 1205 3009 κέκραχθι.
1239 2937 1351 2992 Ναὶ
1372 2937 1560 3008 sepelito
1589 2936 1736 3010 μέγα
1756 2952 1770 2966 ο

1110 3065 1178 3120 In
1207 3066 1365 3121 idem.

519 3155 697 3211 Canes
730 3165 881 3224 grata
918 3162 1046 3210 sunt
1074 3168 1202 3224 erga
1230 3170 1326 3209 eos
1377 3155 1576 3220 indole,
1629 3173 1657 3210 a
1693 3157 1893 3226 quibus
1932 3162 2035 3212 sibi

446 3248 706 3317 praihitus
736 3255 820 3301 est
847 3247 1023 3316 panis,
1073 3246 1322 3302 beneficii
1343 3250 1658 3303 memoriam
1691 3249 1920 3304 fideliter
1950 3264 2038 3304 re-

456 3342 669 3404 tinent;
700 3350 1015 3408 eapropter,
1044 3354 1078 3392 ο
1109 3339 1419 3394 (ΙΙιοιιειιιωιι
1440 3377 1456 3402 ,
1509 3341 1663 3394 canis
1717 3341 2036 3410 appelletis,

445 3447 678 3500 curnqne
705 3431 932 3484 Domino
962 3431 1272 3485 fidelissima
1302 3432 1401 3496 sis,
1430 3447 1622 3500 partem
1651 3435 1930 3487 comedas.

557 3521 626 3578 In
653 3523 708 3575 id
744 3536 763 3575 .'
794 3521 962 3587 Quem
983 3537 1070 3594 7m:
1095 3537 1205 3594 esse
1242 3524 1422 3594 dicunt
1454 3523 1688 3578 homines
1711 3525 1736 3577 ?
1766 3525 1931 3594 deque

973 3592 1123 3644 Petri
1155 3592 1511 3660 responsione.

522 3681 604 3737 0b
633 3679 887 3748 paucula,
916 3695 1039 3749 quae
1065 3680 1394 3746 respondisti
1433 3683 1618 3746 verba,
1651 3686 1939 3750 perbeatos
1956 3700 2034 3753 es,

449 3789 483 3828 0
515 3773 689 3832 l’etre.
717 3773 911 3841 quibus
942 3773 1180 3825 ccelestis
1205 3771 1388 3842 janna:
1417 3773 1621 3827 clavem
1654 3788 1926 3830 mercatus
1955 3795 2034 3844 es,

448 3863 592 3928 Petri
621 3865 862 3927 nomine,
900 3862 1058 3931 paulo
1090 3875 1216 3916 ante
1245 3874 1467 3918 vocatus
1507 3865 1718 3932 Simon,
1781 3851 2037 3938 indigila-

447 3967 563 4023 tos;
602 3958 754 4025 cujus
789 3959 988 4010 virtute
1013 3955 1146 4022 ligas
1177 3971 1244 4009 ac
1275 3955 1441 4010 solvis
1462 3959 1739 4013 universa.

801 4060 806 4066 ·
1117 4044 1183 4099 1η
1210 4047 1368 4102 idem.

519 4139 833 4201 llominum,
869 4139 958 4207 qui
1013 4147 1228 4192 terrena
1267 4139 1510 4209 sapiunt,
1567 4151 1618 4195 te
1662 4143 1882 4210 quidem
1934 4142 2027 4197 alii

449 4231 648 4294 Elintn,
689 4231 777 4284 alii
828 4229 1119 4293 Joannem,
1157 4231 1246 4284 alii
1278 4229 1514 4300 denique
1547 4230 1840 4288 Jerentiam
1877 4237 2032 4289 dixe-

446 4334 594 4381 runt.
625 4339 658 4374 ο
688 4323 905 4376 Christe
933 4339 948 4376 :
981 4321 1075 4376 sed
1120 4332 1170 4376 te
1200 4320 1292 4376 Dei
1324 4322 1503 4378 Patris
1549 4323 1748 4379 Filium
1786 4341 2029 4395 pronun-

449 4414 601 4466 liavil
630 4411 858 4475 Petrus;
882 4413 1008 4468 inde
1029 4414 1232 4480 claves,
1261 4429 1382 4483 quae
1414 4415 1710 4473 immensos
1747 4420 2031 4475 continent

447 4501 637 4564 etelos,
669 4502 895 4570 accepit.

932 4570 1008 4626 De
1041 4572 1528 4650 transﬁguratione.

514 4661 744 4714 Montem
777 4659 997 4717 Thabor
1026 4665 1305 4718 oculorum
1342 4682 1502 4720 sensu
1539 4671 1888 4739 assequeris?
1925 4687 2024 4727 ne-

446 4769 739 4820 flllzultlam.
773 4755 910 4820 Quid
939 4756 1010 4809 ita
1031 4755 1053 4809 ἲ
1074 4756 1319 4810 Luminis
1344 4757 1530 4813 effusio
1551 4762 1731 4816 videre
1749 4779 1833 4817 me
1853 4765 2033 4834 prohi—

446 4845 556 4897 het.
586 4843 708 4898 llile
735 4845 991 4915 loqueris,
1022 4864 1118 4902 nec
1146 4849 1258 4918 ipse
1287 4848 1524 4906 Joannes
1559 4855 1610 4907 in
1646 4866 1825 4908 tnonte
1849 4859 2033 4914 videre

443 4936 719 5001 sustinuit,
749 4940 841 4991 sed
866 4953 974 5006 prae
1007 4940 1293 4994 formidine
1326 4940 1544 5011 refugit.

1105 5029 1168 5083 In
1198 5031 1356 5086 idem.

513 5121 648 5178 Tres
675 5126 891 5193 quidem
921 5123 976 5176 in
994 5137 1207 5176 sunnno
1253 5122 1522 5180 Thaboris
1558 5124 1774 5197 fastigio
1810 5143 2022 5184 sermo-

443 5227 541 5267 nes
567 5225 900 5281 conserunt;
937 5225 992 5270 et
1027 5231 1056 5268 a
1092 5216 1335 5282 Chrisln,
1369 5217 1460 5286 qui
1494 5220 1703 5272 medius
1735 5229 1840 5282 est,
1889 5221 2030 5274 divi-

443 5320 546 5358 nus
578 5308 808 5374 prosiliit
839 5307 1018 5378 fulgor
1051 5324 1066 5360 :
1103 5317 1213 5363 tres
1256 5311 1384 5362 item
1416 5314 1572 5378 proni
1606 5313 1922 5366 ceciderunt
1967 5315 2022 5367 in

440 5409 684 5451 extrema
717 5401 919 5455 tnontis
954 5403 1272 5470 crepidine;
1309 5403 1474 5470 inque
1504 5399 1749 5469 Petrum,
1777 5405 1866 5472 qui
1909 5421 2021 5460 me-

439 5487 581 5552 dius,
617 5490 786 5558 major
816 5493 1033 5548 luminis
1064 5494 1338 5548 Blltailallt)
1366 5492 1639 5548 transfusa
1697 5505 1801 5549 est.

689 5581 766 5634 De
819 5585 1077 5638 miraculo
1113 5603 1238 5656 erga
1289 5585 1582 5638 lunaticum
1610 5585 1775 5654 facta.

507 5667 584 5722 Ne
621 5673 966 5742 vociferatur,
990 5692 1024 5730 ο
1059 5679 1242 5730 Ιιοιιιο.
1281 5678 1392 5730 Ιιιιο
1408 5679 1724 5730 contentius
1752 5677 2019 5733 vocifera-

440 5757 574 5826 bor;
605 5777 700 5818 nec
723 5767 866 5831 epim
893 5766 1106 5823 laboras
1131 5779 1338 5830 tantum
1364 5784 1393 5823 a
1424 5770 1666 5825 daemone
1712 5771 1820 5840 pati
1844 5771 2017 5828 lilium

1663 345 2065 409 THEODORI
2103 347 2514 409 PRODROMI

2079 469 2124 525 Α
2156 463 2391 532 Πάσχεις
2421 463 2532 532 γὰρ
2561 455 2650 517 οἷα
2673 462 2908 536 δαιμονᾷ
2931 481 3025 536 μοι
3054 462 3117 518 τὸ
3153 464 3374 537 βρέφος.

2065 1697 2113 1756 Β

3595 347 3742 416 1188

2149 554 2260 606 Καὶ
2280 554 2537 626 ψηλαφᾷς
2572 554 2625 609 τι
2654 557 2746 610 τὸν
2772 556 3120 622 διδάσκαλον,
3151 558 3308 625 ξένε;

2153 641 2338 714 Ἔχεις
2367 643 2428 696 δν
2447 647 2642 712 αἰτεῖς,
2673 647 2842 717 ἐγγὺς
2873 649 2910 719 ἡ
2943 649 3209 719 σωτηρία.

2747 739 2855 806 Εις
2886 740 2955 794 τὸ
2983 742 3156 796 αὐτό.

2146 825 2528 890 Τίπτε,Σατὰν
2549 829 2853 900 κακύμητι,
2878 831 2970 885 τὸν
2995 833 3184 886 ἄθλιον
3198 835 3280 899 είς
3311 838 3458 908 πυρὰ
3492 838 3743 910 βάλλειςξ

2145 917 2238 979 Εἰς
2271 917 2416 986 πυρὰ
2443 917 2538 972 καὶ
2567 917 2738 973 ὕδατα
2770 922 3063 990 κρυόεντα,
3083 925 3234 988 ὅπως
3270 945 3362 995 μιν
3379 928 3609 1003 ὀλέσσῃς

2146 1006 2504 1079 κληρονόμος
2530 1008 2690 1079 δαϊης
2721 1011 2786 1064 σὺ
2810 1013 3044 1082 καμίνου
3074 1014 3259 1080 ἔπλεο,
3289 1017 3482 1090 λῃστά,

2144 1098 2331 1167 Αὐτὰρ
2366 1099 2396 1152 ὁ
2422 1098 2757 1171 κληρονόμος
2783 1100 3067 1172 βασιλείας
3094 1107 3289 1160 ἔπλετο
3318 1109 3488 1174 θείας.

2429 1190 2538 1255 Εις
2560 1189 2679 1258 τὴν
2707 1193 2816 1245 τοῦ
2849 1193 3093 1262 κήνσου
3117 1197 3444 1255 ἀπόδοσιν.

2157 1279 2334 1349 Ἰχθὺς
2351 1279 2410 1333 τὺ
2441 1281 2753 1352 φασκὼλιόν
2785 1286 2902 1338 ὲστι
2935 1286 3013 1358 τῷ
3043 1288 3222 1359 Λόγῳ.

2147 1372 2480 1442 Ἀγκιστρον
2509 1375 2566 1427 at!
2605 1375 2775 1443 κλεῖς,
2814 1373 2895 1440 εἷς
2928 1383 3141 1451 στατὴρ
3186 1383 3246 1435 τὸ
3285 1384 3510 1454 χρυσίον
3537 1401 3552 1418 ’

2146 1463 2424 1531 Ἔμϐαλλε
2453 1462 2552 1528 τὰς
2576 1465 2747 1531 κλεῖς,
2781 1469 3096 1542 Πέτρε,τὴν
3125 1474 3301 1542 γάζαν
3332 1476 3447 1541 λύε,

2147 1555 2417 1609 Ἕκϐαλλε
2449 1555 2536 1611 τὸν
2563 1559 2833 1629 στατῆρα,
2871 1561 2963 1615 τὸν
2992 1563 3192 1631 κῆνσον
3222 1566 3393 1621 δίδου.

2743 1657 2850 1722 Εἰς
2878 1657 2946 1711 τὸ
2969 1659 3141 1714 αὐτό.

2141 1737 2221 1796 Ἶῐ
2258 1743 2310 1814 ῥ’
2341 1744 2424 1812 ὅγ’
2451 1745 2556 1799 ὑπὸ
2578 1747 2966 1818 σπλάγχνοισιν
2984 1750 3243 1805 ὲκεύθετο
3265 1753 3410 1827 ίχθύῖ
3440 1757 3665 1826 κῆνσος,

2143 1833 2254 1886 Καί
2278 1851 2370 1905 μιν
2396 1835 2567 1900 ἐειδες
2604 1838 2719 1892 ἄνω
2760 1840 2853 1894 διὰ
2888 1844 3105 1914 μακροῦ
3144 1845 3365 1916 βένθεος
3396 1848 3622 1920 ἂλμηςς

2143 1924 2214 1978 Ἦ
2244 1923 2310 1978 σύ
2347 1943 2439 1996 μιν
2465 1927 2856 1999 ἁμφιχάραξας
2880 1933 2997 2003 ἅμα
3021 1939 3407 2009 προστάγματι
3440 1940 3572 2012 θείῳ

2153 2014 2338 2086 ’Υγρῷ
2373 2016 2456 2070 ἐνὶ
2486 2020 2782 2093 σπλάγχνῳ
2808 2024 3216 2096 ἁλιθρέμμονος
3249 2030 3455 2100 ἰχθύος,
3483 2032 3657 2102 ἄναες

2492 2109 2600 2176 Είς
2627 2111 2734 2165 τὸν
2767 2117 3024 2184 νομικὸν
3045 2121 3372 2177 πλούσιον.

2140 2197 2205 2250 Ὦ
2235 2199 2424 2269 χρυσὲ,
2455 2200 2626 2254 κακὸν
2648 2203 2887 2274 ἄμαχον,
2919 2209 3107 2276 κακὸν-
3127 2211 3308 2280 μέγαι

2139 2292 2220 2342 Δι’
2251 2291 2311 2344 ὃν
2337 2293 2727 2348 κεκινδύνευκε
2762 2297 2862 2368 τὴν
2900 2304 3185 2374 σωτηρίαν

2147 2385 2209 2438 '0
2231 2387 2340 2440 τῶν
2370 2391 2614 2459 νομικῶν
2641 2393 2876 2448 ἐντολῶν
2907 2398 3102 2452 πασῶν
3129 2401 3328 2470 φύλαξ.

2138 2478 2229 2548 Μή
2264 2495 2357 2549 μοι
2397 2481 2611 2548 γένοιτο
2641 2483 2899 2552 πλοῦτος,
2930 2487 2998 2542 ἂν
3024 2495 3189 2563 στερῇ
3225 2493 3398 2551 Θεοῦι

2750 2578 2859 2644 Εἰς
2884 2579 2951 2632 τὸ
2985 2584 3158 2638 αὑτό.

2143 2658 2396 2726 Ὠφελες,
2421 2654 2466 2713 ὧ
2491 2663 2740 2731 πλούσιε,
2770 2670 3102 2742 πενέστερος
3126 2675 3303 2745 ἔμμεν
3336 2679 3595 2735 ἁπάντων
3616 2697 3635 2715 ⁶

2140 2752 2369 2820 Ὠφελες
2396 2755 2671 2811 ὲνδεέεσσι
2701 2761 2992 2832 συνιζέμεν
3028 2767 3396 2838 ἀνθρώποισι,

2135 2842 2290 2914 Μηδὲ
2315 2847 2496 2917 κομᾷν
2521 2853 2748 2918 χρυσοῖο
2774 2853 3119 2922 ταλάντεσιν,
3151 2861 3209 2925 ὃς
3242 2879 3302 2914 σε
3329 2865 3548 2920 κολούει

2135 2934 2360 3007 Χριστῷ
2380 2937 2476 3008 ἅμ’
2495 2940 2812 3012 ἐλθέμεναι,
2841 2951 3074 3019 σταυρὸν
3097 2951 3144 3006 δ’
3169 2953 3271 3008 ἀνὰ
3293 2951 3448 3027 ὦμον
3473 2957 3735 3028 ἀρέσθαι..

2145 3084 2345 3124 meum.
2380 3069 2519 3138 Quid
2555 3085 2606 3130 te
2657 3079 3004 3139 obtrudendo
3049 3097 3440 3158 praeceptorem
3471 3109 3660 3161 vexas,
3701 3111 3736 3150 ο

2142 3164 2466 3230 peregrine?
2505 3164 2768 3224 Votorum
2808 3184 3026 3231 tuorum
3062 3193 3288 3251 campos
3319 3181 3502 3241 factus
3533 3203 3594 3242 es
3618 3227 3636 3256 ,
3676 3189 3734 3246 in

2139 3254 2388 3322 proximo
2418 3259 2564 3314 salus
2593 3261 2833 3333 allulget.

2795 3354 2858 3410 In
2907 3359 3070 3416 idem.

2211 3435 2512 3507 Quorsum,
2547 3455 2762 3500 versute
2807 3449 3044 3518 daenmn,
3077 3453 3130 3507 in
3165 3454 3322 3524 ignes
3362 3459 3734 3519 miserrimum

2137 3528 2465 3597 praecipites,
2501 3541 2554 3586 et
2588 3537 2639 3588 in
2671 3552 2840 3607 aquas
2875 3539 3075 3612 frigore
3109 3547 3436 3604 horrentes?
3465 3550 3582 3617 Quo
3604 3569 3732 3609 eunt

2141 3617 2401 3674 conficias
2432 3622 2645 3677 scilicet
2676 3643 2689 3680 :
2724 3637 2777 3679 tu
2803 3631 3206 3690 ardentissima:
3263 3639 3500 3695 fornacis
3555 3642 3737 3699 haeres

2138 3707 2316 3763 factus
2343 3726 2423 3776 es,
2483 3729 2517 3766 ο
2549 3714 2885 3788 trifurcifer;
2923 3727 3025 3778 iSte
3057 3729 3208 3796 regni
3242 3729 3484 3785 caelestis
3515 3746 3732 3802 posscs-

2136 3802 2346 3856 sionem
2383 3803 2524 3858 iniit.

2586 3895 2652 3950 In
2688 3902 2873 3958 tributi
2918 3905 3257 3968 solutionem.

2192 3984 2365 4038 Piscis
2394 3991 2652 4057 marsupii
2717 3993 2889 4048 insmr
2920 4007 3005 4054 est
3046 3999 3221 4057 Verbo
3254 4003 3498 4068 Christo,
3533 4021 3730 4062 namus

2133 4071 2306 4125 instar
2332 4073 2590 4142 clavium,
2624 4079 2789 4136 sielns
2811 4084 2982 4138 instar
3012 4091 3128 4142 auri
3155 4107 3170 4156 ;
3199 4093 3439 4159 hamum,
3471 4112 3590 4164 qnze
3615 4107 3725 4153 tua:

2131 4164 2260 4214 sunt
2306 4162 2504 4231 claves,
2554 4167 2810 4236 immitte,
2853 4190 2886 4226 ο
2942 4175 3118 4242 Petre,
3173 4182 3324 4236 solve
3372 4162 3727 4254 mur-sopiunt,

2133 4259 2392 4309 staterem
2428 4257 2734 4330 producito,
2769 4281 2831 4321 ac
2863 4270 3081 4324 tandem
3116 4274 3377 4330 tributum
3414 4280 3615 4347 praebe.

2796 4377 2862 4432 In
2907 4383 3066 4438 idem.

2209 4457 2290 4510 An
2321 4456 2373 4510 in
2409 4459 2574 4528 piscis
2603 4465 2900 4526 interaneis
2934 4473 3023 4528 hic
3064 4477 3414 4537 delitescebat
3449 4501 3724 4548 nummus.

2136 4556 2190 4599 et
2217 4560 2338 4601 eum
2361 4550 2650 4608 desursum
2683 4557 2734 4611 in
2773 4576 2941 4616 maris
2967 4568 3237 4634 profundo
3271 4577 3725 4643 deprehemlisti?

2137 4652 2205 4690 an
2242 4653 2271 4688 a
2306 4649 2380 4705 te,
2407 4642 2591 4700 divino
2624 4654 2900 4718 rnandato,
2940 4657 3180 4718 insertus
3209 4676 3316 4729 est,
3416 4669 3528 4723 llex
3564 4671 3722 4726 Curi-

2137 4735 2212 4794 te,
2244 4737 2344 4786 sub
2380 4733 2614 4792 humidis
2643 4741 2808 4809 piscis
2840 4751 3036 4807 marini
3065 4755 3409 4816 visceribus?

2478 4848 2545 4905 In
2576 4854 2787 4910 divitem
2817 4859 2945 4932 legis
2971 4867 3382 4928 observatorem.

2207 4941 2248 4991 0
2280 4941 2476 4995 malum
2504 4945 2695 5014 ingens
2731 4962 2785 5006 et
2850 4956 3212 5027 ineluctabile,
3246 4971 3364 5022 auri
3421 4976 3719 5031 tenacitas!

2137 5043 2242 5138 quo
2274 5033 2324 5084 in
2355 5034 2546 5090 salutis
2583 5054 2698 5095 sum
2727 5046 3023 5106 discrimen
3063 5069 3286 5114 vocatus
3311 5074 3421 5130 est,
3449 5071 3538 5134 qni
3574 5070 3716 5138 lega-

2133 5120 2456 5217 lcsuom-nes
2526 5139 2918 5203 praeceptiones
3015 5146 3115 5200 rite
3166 5153 3555 5212 observaverat
3589 5120 3716 5217 :une

2132 5211 2266 5264 mihi
2301 5212 2521 5272 adﬂuant
2555 5223 2780 5292 divitiae,
2802 5235 3067 5302 Siquidem
3103 5239 3194 5295 Dei
3230 5247 3443 5312 privent
3471 5267 3714 5321 aspectu.

2796 5341 2864 5398 In
2895 5347 3056 5405 idem.

2201 5418 2344 5475 Bene
2381 5432 2556 5479 tecum
2589 5444 2766 5486 actum
2799 5439 2960 5506 foret,
2993 5444 3036 5496 si
3071 5450 3311 5504 ornninm
3338 5463 3710 5525 puiiptrrrimns

2128 5510 2360 5580 fuisses;
2389 5519 2668 5579 debuisses
2704 5527 2754 5580 in
2789 5531 3116 5598 plebeiorum
3150 5540 3428 5601 hominum
3455 5555 3594 5605 serie
3628 5571 3709 5609 re-

2125 5605 2364 5704 censeri,
2400 5625 2497 5664 nec
2530 5617 2645 5668 auri
2683 5620 2900 5677 talentis
2933 5632 3239 5695 superbire,
3278 5653 3399 5706 quae
3435 5644 3528 5695 tibi
3587 5655 3705 5699 runt

2123 5692 2534 5768 impedimento,
2559 5723 2668 5773 quo
2704 5712 2885 5769 minus
2915 5717 3190 5776 Christum
3215 5692 3490 5801 sequaris,
3524 5745 3579 5790 et
3610 5739 3705 5790 hu-

2125 5795 2286 5841 nserts
2317 5803 2533 5848 cru-em
2566 5797 2791 5863 bnjnles.
