4050 6388
398 292 535 357 1189

857 417 964 479 Εἰς
994 414 1111 480 τὴν
1134 416 1494 486 βαϊορόρον.

393 506 523 566 Ναὶ,
544 506 759 570 παῖδες,
786 508 865 569 είς
896 506 1121 577 ἔλεγχον
1157 510 1372 579 ἀνδρῶν
1401 514 1656 582 ἀφρόνων

396 597 577 665 Κλὰδη
608 596 907 666 φοροῦντες
938 598 980 669 -Ι-
1001 600 1281 668 εύλογείτε
1313 604 1408 656 τὴν
1433 605 1610 671 Λόγον
1630 620 1645 636 ·

391 683 502 736 Ναὶ
529 682 837 752 στρώννυτε
897 687 1191 754 ξύμπαντα
1218 694 1332 754 τοῖς
1368 693 1596 758 πέπλοις
1621 696 1808 763 τόπον,

403 775 493 838 Ὠς
535 774 669 845 μηδὲ
700 778 804 844 γῆς
828 776 857 828 ό
891 778 1073 841 πῶλος
1106 780 1280 849 αὐτῆς
1313 780 1591 850 θιγγάνοι.

1007 870 1050 921 Ε
1058 872 1113 936 ις
1141 872 1208 924 τὸ
1243 874 1413 928 αὐτό.

391 956 465 1009 0‘5
477 959 595 1009 ποτ’
619 956 833 1012 ἄνακτα
862 958 1126 1030 δέδορκας
1160 962 1303 1033 ὑπὲρ
1340 963 1522 1017 πώλου
1549 967 1793 1037 ἁδμῆτος

392 1050 633 1128 Κέλητα,
659 1049 955 1121 βρεφέεσσι
990 1055 1359 1125 κροτούμενον
1394 1059 1768 1128 ἀρτιγενέσσι,

392 1126 634 1211 ᾐτορθία
664 1143 856 1213 χερσὶν
888 1143 1108 1212 ἔχουσιν
1128 1146 1314 1218 ἐλαίης
1344 1126 1443 1218 ἡδέ
1479 1126 1783 1223 κυπείρου-ς

388 1234 626 1302 Χριστὸν
655 1233 869 1287 ἄνακτα
901 1235 1095 1289 θέασαι
1129 1238 1293 1307 ὑπεὶρ
1324 1239 1446 1293 ὄνου
1478 1242 1610 1314 ἄρτι
1641 1247 1882 1316 βεϐῶτα.

1247 301 1779 415 TETRASTtCl‘iA
1826 305 1903 368 IN
1948 308 2215 373 NOVU‘M
2253 314 2855 386 TESTAMEXTUM.

3536 326 3678 392 1190

2010 428 2057 485 Α
2088 426 2223 481 Οὐδὲ
2259 430 2368 501 γὰρ
2399 431 2456 486 ὲν
2487 432 2809 506 στελέχεσφι
2840 435 3017 504 συκῆς
3044 436 3192 493 πύκα
3221 436 3393 508 θυμὸς
3416 440 3638 511 ἀρήρει.

2089 513 2167 570 Ἦ
2204 522 2275 591 ῥα
2302 523 2489 589 φυτῶν
2516 526 2645 596 πέρι
2674 528 2775 595 μὲν
2801 528 2916 594 σέο,
2938 529 3146 599 Σῶτερ,
3180 533 3400 599 φροντὶς
3424 526 3602 598 ὀλίγη.

2100 611 2190 675 Ἐς
2214 615 2472 684 μερόπων
2493 617 2549 670 δέ
2573 621 2620 671 τ’
2649 619 2893 692 ὅνειαρ¹τ
2916 622 3180 692 ἀπείρονα
3208 624 3389 692 μήχεα
3421 624 3677 694 ῥάπτεις.

2233 730 2338 793 Είς
2369 729 2515 797 τοὺς
2542 732 2963 803 καλουμένους
2991 736 3081 801 είς
3109 734 3254 801 τοὺς
3282 732 3531 805 γάμους.

2088 844 2223 899 Θεοῦ
2255 846 2433 914 γάμος
2459 845 2519 899 τὺ
2554 848 2809 918 πρᾶγμα,
2845 848 2939 902 καὶ
2962 846 3189 901 καλοῦσί
3223 864 3281 901 σε
3302 863 3318 880 ο

2088 937 2160 991 Σὺ
2182 936 2239 991 δὲ
2271 937 2551 1011 προϐάλλῃ
2574 940 2674 1009 τὴν
2706 941 2963 1007 γυναῖκα,
2993 940 3122 1002 τοὺς
3149 938 3298 1011 βόας,

2087 1030 2195 1083 Τὸν
2230 1030 2419 1101 ἀγρὸν,
2458 1033 2536 1085 ίὸν
2557 1032 2658 1102 τῆς
2681 1032 2895 1102 φρενῶν
2922 1033 3216 1103 ὲλαφρίας.

2090 1124 2311 1187 ούδ“είς
2345 1124 2406 1177 τὸ
2429 1124 2647 1178 δεῖπνον
2673 1125 2748 1188 ὡς
2786 1126 2965 1178 ποδῶν
2995 1126 3145 1195 ἔχεις
3171 1128 3412 1198 τρέχεις.

2673 1244 2779 1309 Είς
2819 1243 2886 1296 τό
2918 1242 3092 1296 αὐτό.

387 1328 494 1392 Εἰς
518 1324 626 1378 τὸν
656 1326 921 1393 Χριστὸν
951 1326 1366 1407 ἐξελαύνοντα
1394 1332 1535 1399 τοὺς
1557 1336 1984 1407 θεοκαπήλους
2083 1331 2296 1402 Νύμφα
2319 1331 2479 1399 Θεοῦ,
2510 1333 2656 1401 μέγα
2694 1333 2868 1404 χαῖρ’,
2896 1332 3200 1403 Ἐκκλησία
3233 1333 3536 1401 ὀλϐιόγαμε
3557 1350 3571 1363 ·

1019 1399 1128 1451 τοῦ
1159 1400 1345 1467 ἱεροῦ.

384 1485 500 1541 Ναὶ
527 1485 724 1551 τύπτε,
749 1486 841 1540 ναὶ
874 1488 1072 1553 κόλαζε
1094 1488 1174 1559 τῷ
1199 1494 1524 1566 φραγγελίῳ

389 1582 529 1645 Τοὺς
555 1580 917 1646 κολλυϐιστὰς
952 1585 1077 1646 τοὺς
1116 1591 1669 1659 περιστερεμμιπέρους
1697 1608 1711 1624 .

389 1672 498 1726 Τοῦ
521 1672 628 1744 γὰρ
659 1672 877 1745 Πατρός
904 1692 999 1727 σου
1033 1678 1126 1729 καὶ
1156 1670 1292 1730 Θεοῦ
1322 1680 1422 1749 τὴν
1441 1682 1621 1737 οίκὶαν

391 1764 648 1821 Ποιοῡσιν
683 1763 1148 1838 οἶκονὲμπορίου,
1173 1770 1382 1840 Χριστέ
1421 1792 1551 1843 μου.

981 1864 1083 1928 Et;
1109 1863 1180 1917 τὸ
1208 1865 1380 1919 αὐτό.

390 1948 464 2002 Ού
502 1950 793 2022 προϐάτων
817 1969 902 2019 τε,
937 1952 1079 2022 βοῶν
1112 1972 1197 2022 τε,
1235 1956 1540 2012 πελειάδων
1566 1959 1615 2013 τ’
1646 1963 1943 2033 ἐρατεινῶν

388 2037 554 2106 Οἶκος
590 2040 689 2108 ὅδ’,
721 2043 861 2100 ἀλλά
904 2045 955 2100 τ’
976 2046 1216 2112 ἄνακτος
1246 2050 1381 2120 ἐμοῦ
1435 2054 1673 2125 Πατρὺς,
1716 2057 1974 2130 ἔμποροι,

1695 2146 1866 2221 [οἶκος
1887 2169 1903 2184 °

392 2230 599 2296 Ἐξιτε,
636 2232 670 2303 ἦ
704 2232 755 2303 ῤ’
792 2234 977 2305 ὑμέων
1005 2238 1129 2309 περλ
1162 2238 1348 2309 ὤμους
1382 2241 1577 2311 τύμμα
1612 2241 1881 2315 βαλοίμην

392 2321 598 2393 Σχοίνῳ
618 2324 699 2376 ὲνὶ
724 2323 991 2398 πλοκερῇ,
1024 2331 1166 2383 κατὰ
1194 2333 1251 2383 δὲ
1280 2332 1421 2404 χρόα
1456 2334 1622 2387 καλὸν
1655 2336 1818 2404 ίὰψω.

391 2433 496 2501 Εἰς
514 2434 712 2503 τὴν-ἐξ
732 2436 1022 2507 ἐπιταγῆς
1039 2442 1299 2509 Χριστοῦ
1324 2443 1734 2511 ξηρανθεῖσαν
1752 2445 1973 2513 συκῆν.

390 2529 560 2601 Πεινᾷ
588 2531 720 2595 Θεός
749 2552 864 2600 σου,
902 2535 1103 2605 λῷστε,
1130 2538 1230 2608 τὴν
1269 2539 1572 2610 σωτηρίαν,

386 2624 585 2689 Φαγεῖν
615 2624 672 2678 δὲ
695 2628 911 2696 καρπὸν
937 2630 1140 2701 ἀρετῆς
1176 2631 1241 2683 ἐκ
1267 2628 1362 2682 σοῦ
1395 2630 1540 2684 θέλει
1564 2647 1578 2661 ⁸

389 2714 462 2766 Σὺ
491 2715 618 2781 γοῦν
650 2718 791 2787 συκῆ
823 2721 1006 2785 γένοιο
1046 2724 1479 2793 καρπιμωτάτη,

388 2805 481 2875 Μὴ
512 2808 848 2879 καταραθῇς,
881 2813 973 2865 καὶ
999 2812 1175 2884 ψεγῇς
1203 2818 1539 2885 παραυτίκα.

1002 2907 1107 2970 Εἰς
1133 2905 1201 2959 τὸ
1234 2908 1402 2962 αὐτό.

388 2992 560 3045 Τίπτε
589 2994 761 3065 συκῆν
784 2996 1016 3066 ἀρήσαο,
1048 2996 1228 3069 οὕνεχ’
1253 3000 1301 3051 οἱ
1335 2999 1506 3053 ὤλετο
1550 3004 1796 3072 καρπός;

889 3155 955 3210 1η
986 3157 1276 3213 Homerum
1319 3163 1480 3217 diem.

462 3245 576 3308 Eia,
606 3249 784 3316 pueri,
811 3251 875 3303 ad
895 3253 1237 3322 coarguenda
1266 3253 1406 3309 male
1423 3255 1767 3311 cordatorum
1800 3258 1978 3313 humi-

390 3353 519 3392 uum
547 3337 771 3408 flagitia,
802 3340 999 3397 oblatis
1030 3343 1197 3398 ramis
1228 3342 1336 3399 Deo
1361 3347 1565 3416 gratias
1591 3351 1762 3417 agite;
1801 3350 1971 3403 heus!

387 3446 609 3485 onmem
650 3432 999 3487 vestimentis
1060 3436 1203 3489 viam
1255 3439 1510 3504 sternite,
1559 3449 1618 3492 ut
1681 3456 1750 3496 ne
1797 3441 1978 3511 pullus

386 3523 605 3592 quidem
641 3523 784 3578 asini
817 3533 977 3581 terra:
1005 3526 1184 3582 solum
1218 3530 1473 3599 attingat.

1044 3618 1108 3676 In
1155 3621 1316 3677 idem.

456 3704 842 3778 Numquamne
898 3726 1080 3781 regem
1124 3713 1310 3769 vidisti
1340 3730 1501 3786 super
1535 3718 1682 3787 pullo
1713 3719 1980 3776 indomito

388 3798 690 3863 sedentem,
724 3815 917 3857 recens
963 3812 1218 3860 natorum
1249 3806 1540 3863 infantium
1578 3809 1769 3876 plausu
1814 3826 1978 3866 exce-

386 3898 558 3956 ptum,
588 3906 697 3957 prae
725 3893 980 3949 manibus
1009 3895 1145 3950 oleae
1172 3910 1356 3953 ramos
1386 3905 1442 3953 et
1462 3899 1610 3969 junci
1638 3900 1834 3956 marini
1868 3902 1977 3957 cir-

385 3982 845 4040 cumferentinmi
874 3986 1160 4044 Christum
1200 4003 1382 4061 regem
1415 3993 1788 4063 contemplare
1816 3996 1976 4051 asino

386 4089 534 4127 nunc
569 4075 918 4133 insidentem.

389 4165 466 4217 0e
491 4162 702 4219 Christo
732 4168 1013 4238 sacrilegos
1035 4186 1061 4224 e
1082 4170 1288 4239 templo
1315 4172 1695 4229 nundinatores
1713 4174 1979 4246 ejiciente.

458 4257 567 4322 Age
596 4256 812 4323 caedito,
843 4258 928 4313 eia
956 4259 1182 4330 ﬂagellis
1209 4263 1586 4320 animadverte
1646 4268 1697 4321 in
1732 4282 1987 4321 nummu-

2084 1423 2328 1493 Νυμφίε,
2358 1426 2539 1494 χαῖρε,
2573 1425 2737 1493 Λόγε,
2764 1428 2925 1497 προτὶ
2955 1424 3001 1477 δ’
3039 1425 3216 1494 ἡμέας
3244 1424 3369 1495 ἄρτι
3402 1423 3624 1489 καλίξευ
3646 1439 3663 1455 ·

2084 1516 2313 1569 Δεῖπνον
2346 1516 2433 1567 ἐπ’
2460 1516 2787 1586 άμδρόσιον,
2811 1516 2873 1569 τό
2899 1533 2981 1570 σοι
3023 1518 3082 1578 ές
3112 1515 3291 1587 γάμον
3324 1516 3525 1588 ἄρτυνε
3564 1516 3674 1569 Πα-

3476 1611 3538 1660 1+.
3550 1624 3600 1660 ο.

3476 1611 3538 1660 τίκ
3586 1647 3600 1660 .

2086 1694 2297 1763 Ζεύγεα
2325 1695 2369 1747 δ’
2393 1695 2571 1766 ἄμμιν
2603 1697 2786 1769 ἔερρε,
2828 1699 3015 1770 δάμαρ
3052 1701 3228 1769 θάνοι,
3270 1608 3670 1773 άγρδςὶὅλιιῑτο.

2476 1812 2581 1878 Εἷς
2604 1812 2714 1878 τὰς
2741 1813 2888 1869 δέκα
2918 1815 3280 1884 παρθένους.

2084 1902 2182 1954 Ἂν
2202 1901 2511 1973 παρθένους
2538 1902 2790 1958 ἐκκλεισε
2816 1906 2857 1976 1-
2884 1906 2979 1960 τοῦ
3017 1907 3169 1961 θείου
3205 1907 3389 1987 γάμου

2084 1990 2307 2049 Ἐλαιον
2333 1996 2472 2050 ἀπὸν
2504 2000 2603 2052 καλ⁸
2635 1999 3018 2061 σκοτισθέντες
3051 2001 3259 2072 λύχνοι,

2083 2088 2150 2140 Τί
2184 2087 2371 2141 λοιπὸν
2399 2088 2688 2158 ἐργάσαιο,
2727 2091 2901 2163 πόρνη
2936 2092 3158 2162 καρδία,

2081 2180 2194 2234 Καὶ
2230 2180 2443 2252 μαχλὰς
2467 2181 2624 2251 οὖσα,
2660 2186 2755 2237 καὶ
2780 2184 2983 2256 λύχνου
3035 2184 3419 2256 στερουμένης

2678 2300 2785 2367 Είς
2812 2302 2880 2354 τὸ
2908 2301 3079 2355 αὑτό.

2080 2406 2439 2477 Παρθενικῶν
2470 2409 2673 2476 δαῖδες,
2703 2411 2848 2480 μέγα
2871 2412 3144 2496 λάμπετε,
3178 2414 3445 2483 λάμπετε,
3497 2414 3673 2470 πᾶσαι

2080 2497 2334 2568 Νυμφίου
2364 2500 2400 2572 -ι-
2426 2501 2817 2573 ποτιδέγμεναι
2851 2505 3181 2574 ἱμερόεσσαν
3212 2507 3391 2576 ἐρωήν

2079 2589 2268 2643 Νύκτα
2298 2591 2366 2645 δι’
2394 2592 2663 2664 ὀρφναίην
2685 2608 2698 2624 ο
2718 2595 2976 2669 ’ἀθρῶνδέ
3013 2614 3105 2665 μιν
3130 2598 3297 2665 ἐγγὺς
3331 2597 3503 2652 ίόντα.

2091 2682 2157 2736 'H
2192 2684 2479 2754 παρεοῦσα
2507 2685 2805 2756 πρόσελθε,
2834 2686 3007 2759 θύρας
3038 2689 3254 2742 κλεῖσον
3273 2688 3317 2741 δ’
3344 2688 3671 2754 ἀπεούσαις.

2432 2798 2539 2863 Εἰς
2565 2799 2683 2866 τὴν
2698 2798 3052 2869 μυροφόρον
3080 2798 3340 2867 πόρνην.

2084 2904 2265 2976 Κίρνα
2293 2906 2354 2960 τὸ
2391 2906 2564 2977 μῦρον
2587 2902 2663 2977 ’τῇ
2694 2911 2793 2980 ῥοῇ
2818 2908 2928 2964 τῶν
2958 2910 3213 2981 δακρύων
3238 2927 3254 2943 ο

2083 2996 2265 3059 Ποιείς
2297 2994 2408 3067 γὰρ
2438 2996 2571 3050 αὐτὸ
2604 2997 2960 3070 τιμιώτερον,
2989 3000 3176 3069 γύναι.

2000 3140 2045 3198 C
2082 3151 2351 3208 laboraret
2399 3153 2600 3224 inopia,
2636 3169 2757 3210 cum
2787 3156 2840 3209 in
2870 3156 2986 3225 ejus
3024 3165 3218 3211 trunco
3263 3172 3369 3211 non
3425 3157 3673 3225 apposite

2080 3243 2459 3301 conformatus
2488 3256 2637 3301 esset
2668 3248 2929 3302 animus?
2965 3249 3029 3303 de
3055 3248 3324 3303 fructibus
3369 3265 3503 3303 sane
3549 3265 3672 3315 per-

2084 3349 2277 3404 partun
2312 3336 2408 3390 tibi
2442 3351 2587 3392 curat
2609 3346 2713 3402 est,
2750 3353 2783 3393 ο
2821 3336 3098 3403 Servatur,
3140 3341 3239 3395 scd
3293 3342 3439 3395 circa
3495 3341 3673 3401 Immi-

2080 3442 2207 3482 num
2236 3427 2522 3483 utilitatem
2552 3428 2834 3485 sollicitior
2871 3431 3144 3496 invigilas.

2511 3520 2586 3575 De
2617 3522 2853 3577 invitatis
2899 3522 2969 3575 ad
3001 3523 3242 3592 nuptias.

2156 3611 2300 3667 Deus
2336 3612 2556 3682 epulum
2589 3613 2831 3682 nuptiale
2861 3622 3036 3683 parat,
3084 3615 3148 3667 ad
3200 3614 3345 3683 quod
3404 3617 3674 3671 imitatus

2092 3720 2151 3759 es
2179 3722 2194 3770 ;
2225 3719 2281 3758 ιιι
2316 3720 2442 3759 vero
2472 3706 2782 3777 conjugem,
2817 3707 2982 3762 boves
3046 3707 3254 3762 interea
3303 3710 3572 3773 causaris,
3618 3718 3673 3763 ct

2086 3811 2274 3867 agrum
2310 3798 2453 3868 (quae
2482 3798 2681 3854 mentis
2711 3809 2814 3854 tuae
2845 3800 3036 3869 rubigo
3066 3808 3172 3864 est,
3208 3815 3273 3854 ac
3301 3801 3538 3868 levitas),
3569 3817 3676 3858 nec

2087 3886 2140 3941 in
2178 3903 2414 3953 omnem,
2446 3900 2709 3958 quantum
2742 3890 2972 3960 pedibus
2996 3892 3325 3946 contendere
3351 3902 3524 3960 potes,
3547 3906 3679 3946 cur-.

2088 3979 2258 4034 riculn
2291 3996 2341 4034 te
2372 3980 2609 4038 confers.

2755 4074 2819 4128 In
2849 4076 3006 4129 idem.
3060 4108 3063 4113 λ

2159 4164 2319 4218 Salve
2336 4164 2650 4231 plurimum,
2673 4180 2706 4219 ο
2722 4180 2915 4234 sponsa
2941 4165 3170 4220 feliciter
3196 4165 3458 4232 Ecclesia;
3493 4164 3674 4239 salve,

2090 4254 2301 4323 Sponse
2336 4255 2431 4311 Dei
2464 4256 2725 4323 Verbum,
2764 4273 2969 4327 nosque
3002 4275 3147 4313 nunc
3197 4259 3416 4313 tandem
3452 4275 3581 4312 voca
3614 4261 3669 4313 in

395 4352 561 4408 turios
588 4354 680 4422 qui
731 4356 1012 4412 columbas
1048 4356 1403 4428 distrahunt;
1439 4359 1530 4416 Dei
1569 4361 1741 4425 enim,
1798 4361 1986 4429 mique
2092 4346 2397 4400 immortale
2431 4348 2758 4412 convivium,
2793 4348 2933 4416 quod
2959 4349 3054 4401 tibi
3090 4348 3142 4401 in
3169 4350 3380 4417 nuptias
3412 4350 3675 4413 instruxit

391 4442 640 4503 Parentis
668 4450 912 4517 domum,
935 4448 1153 4506 Christe
1178 4452 1272 4516 uti,
1305 4454 1356 4506 in
1385 4450 1565 4507 forum
1593 4453 1978 4524 negotiationis
2012 4482 2027 4536 1

2092 4435 2255 4491 Pater
2297 4455 2312 4489 :
2351 4453 2458 4507 quo
2507 4446 2567 4492 ut
2611 4438 3082 4512 inlrmnittamur,
3132 4445 3408 4508 facessunt
3463 4441 3674 4518 obices,

390 4537 704 4601 iuuttutant.

1053 4634 1119 4689 In
1153 4634 1310 4691 idem.

464 4720 578 4775 Non
618 4724 707 4779 bic
737 4725 945 4790 ovium,
983 4727 1169 4792 boum,
1203 4737 1294 4781 aut
1326 4727 1647 4783 amabilium
1680 4729 1977 4783 columba-

390 4826 508 4865 rmn
537 4815 845 4883 emporium
874 4826 975 4879 est,
1005 4817 1308 4880 institores,
1336 4819 1430 4873 sed
1463 4818 1624 4888 [tegis
1654 4818 1833 4876 Patris
1871 4820 1975 4874 mei

387 4901 765 4971 domicilium;
796 4904 924 4960 hinc
962 4921 1060 4960 vos
1094 4906 1326 4973 auierte,
1362 4907 1444 4961 vel
1482 4908 1537 4963 in
1583 4909 1842 4965 humeros
1888 4926 1978 4964 ve-

387 5004 535 5047 stros
569 4995 858 5051 immittam
908 4999 1137 5053 verbera
1200 5000 1443 5056 funiculo
1497 5001 1667 5056 textili
1704 5018 1811 5072 quo
1865 5003 1976 5059 cuti

390 5091 586 5139 vestrm
621 5087 827 5142 vibices
865 5088 1194 5158 imprimam.

553 5179 618 5230 In
649 5179 812 5249 ﬁcum
843 5183 1129 5249 imperante
1164 5182 1377 5238 Christo
1408 5199 1814 5243 exarescentem.

470 5268 638 5326 Tuam
678 5274 817 5329 Deus
847 5276 1077 5331 salutem
1110 5281 1304 5345 esurit,
1329 5296 1361 5335 ο
1396 5280 1536 5335 bone
1565 5284 1758 5349 amice,
1793 5294 1843 5339 et
1869 5284 1981 5337 vira-

393 5368 525 5418 ttttis
556 5381 621 5418 ex
651 5379 702 5420 te
732 5367 945 5423 fructus
973 5370 1176 5425 esitare
1209 5373 1459 5442 impense
1510 5376 1811 5431 desiderat.
1852 5377 1980 5431 Esm

392 5457 557 5523 igitur
592 5461 728 5511 licus
760 5459 1055 5517 uberrimis
1082 5472 1277 5519 onusta
1313 5465 1604 5535 fructibus,
1638 5483 1706 5524 ne
1735 5468 1871 5524 diris
1891 5472 1981 5524 des

391 5565 550 5605 vatus
577 5554 856 5623 ettemplo
894 5558 1205 5623 reprobere.

1056 5647 1122 5701 In
1151 5650 1308 5707 idem.

468 5737 743 5801 Quidnam
779 5740 904 5793 [icui
936 5741 1079 5796 male
1115 5753 1370 5811 precatus
1391 5734 1476 5815 es,
1521 5751 1666 5818 quod
1701 5751 1979 5805 fructuum

2085 4538 2306 4605 pereant
2334 4531 2449 4599 agri
2480 4546 2542 4585 ac
2572 4531 2851 4589 mulieres.

2569 4644 2647 4700 De
2674 4644 2850 4700 decem
2884 4647 3199 4715 uirginibus.

2163 4735 2221 4792 Si
2252 4736 2496 4808 virgines
2525 4737 2672 4807 ipsas
2701 4738 2903 4792 divinis
2932 4740 3171 4793 exclusit
3206 4739 3410 4810 nuptiis
3440 4738 3543 4793 olei
3574 4753 3675 4807 pe:

2083 4831 2260 4895 nuria,
2284 4841 2336 4884 et
2362 4831 2598 4886 lucernae
2622 4833 2933 4895 exstinctio,
2955 4832 3082 4901 quid
3103 4833 3359 4900 deinceps
3380 4833 3444 4886 de
3475 4840 3524 4886 te
3552 4832 3668 4908 fiet,

2080 4937 2114 4976 0
2146 4922 2326 4977 anima
2368 4922 2624 4976 meretrix
2658 4964 2670 4985 ,
2737 4938 2858 4975 cum
2915 4923 2993 4977 sis
3047 4935 3101 4976 et
3160 4925 3406 4976 adultera
3464 4932 3517 4974 et
3566 4921 3673 4989 olei

2088 5012 2303 5082 indiga?

2749 5104 2813 5160 In
2845 5105 3004 5159 idem.

2153 5193 2438 5261 Vmginum
2461 5195 2623 5259 faces,
2647 5195 2945 5250 luculenter
2959 5196 3188 5260 elucete,
3215 5206 3270 5248 ut
3293 5195 3669 5251 advenientem

2083 5302 2432 5358 praepropere
2493 5289 2783 5342 amabilem
2834 5287 3108 5357 Sponsum
3154 5288 3434 5356 accipiatis
3469 5304 3671 5344 concu-

2083 5380 2169 5434 bia
2222 5390 2403 5434 nocte.
2458 5379 2610 5435 llunc
2662 5380 2909 5449 proxime
2958 5380 3265 5435 venientem
3314 5396 3499 5437 cerno.
3538 5381 3672 5447 Qtttﬁ

2085 5473 2290 5529 adestis
2326 5473 2470 5531 intro
2499 5475 2686 5541 pedem
2722 5471 2944 5540 ponite,
2991 5481 3046 5527 et
3098 5473 3421 5529 absentibus
3476 5485 3668 5541 postes

2085 5566 2382 5620 occludite.

2084 5654 2150 5710 In
2184 5657 2459 5711 mulierem
2517 5656 2878 5726 peccatricem,
2928 5672 3045 5725 quae
3083 5668 3405 5725 unguentum
3460 5658 3664 5719 attulit.

2161 5746 2407 5801 Undante
2432 5748 2661 5817 lacryma
2674 5762 2789 5800 rum
2812 5744 2960 5800 fluxu
2986 5747 3666 5816 ιιιιειιεηιυιιιιιιιὶδοεήιιιιιί
