4050 6392
371 372 508 438 1193

976 487 1082 556 Εἰς
1106 489 1174 542 τὸ
1203 492 1364 550 αὐτὰ

367 577 612 648 Οὐρανδν
646 577 1071 648 ἁμφέπτυσσας,
1108 582 1392 651 ἀϐέλτερε,
1424 584 1450 653 1
1492 581 1627 654 πρός
1655 584 1724 652 ῥα
1750 580 1906 633 Θεοῖο

367 669 502 722 Θεῖα
535 672 806 740 πρόσωπα
845 671 1079 737 πτύσας,
1117 671 1154 727 ἃ
1189 675 1477 745 φωσφόρος
1503 674 1635 744 ἠΰτε
1664 671 1875 740 λάμψεν

372 760 568 827 Ὀρεος
596 761 738 829 ἀμφὶ
763 760 1020 830 κόρυμϐα
1051 761 1338 832 Θαϐωρίου
1360 779 1374 793 ⁸
1407 758 1442 833 ἦ
1468 765 1497 832 ῥ
1529 765 1619 830 ὅγε
1640 762 1856 831 βάλλεις

370 847 602 918 Πτύτμα
633 867 714 902 σοι
737 851 793 914 ὲς
809 850 870 903 τὸ
894 852 1187 921 πρόσωπον
1208 853 1491 906 ἐλεύσεται
1509 853 1646 907 ἄντα
1664 851 1943 906 κατελθόν.

642 943 750 1008 Εὶς
779 942 888 996 τὸν
904 944 1258 1011 ραπίσαντα
1285 945 1392 998 τὸν
1412 947 1694 1014 Χριστόν.

367 1033 433 1086 Τί
468 1033 577 1104 γὰρ
599 1031 876 1099 τοσοῦτον,
907 1034 1095 1101 Ὀζὰν,
1123 1036 1544 1107 ὲξαμαρτάνεις,

375 1127 468 1187 Ὦς
499 1125 850 1179 ὲκθανείσθαι
874 1128 972 1198 τῆς
991 1127 1233 1182 κιϐωτοῦ
1262 1128 1573 1198 θιγγάνωνς

367 1217 435 1270 τί
467 1216 512 1270 δ’
535 1219 595 1272 οὐ
630 1218 884 1270 τοσοῦτον
913 1221 1280 1288 πλημμελεῖς,
1311 1221 1588 1292 ὑπηρέτει,

379 1309 468 1373 Ὠς
497 1310 573 1380 μὴ
607 1309 913 1376 θανεῖσθαι,
940 1311 1076 1380 φεῦι
1105 1311 1356 1381 ῥαπίζων
1389 1312 1419 1384 ’ξ
1463 1314 1554 1367 τὸν
1587 1315 1763 1384 Λόγον
1789 1359 1801 1378 ,

967 1405 1072 1468 Εἰς
1102 1403 1168 1457 τὸ
1204 1405 1375 1460 αὐτό.

377 1494 683 1565 Ἀνστρεφε
713 1495 1083 1565 τολμήεσσαν,
1119 1497 1418 1562 ἀτάσθαλε,
1447 1501 1627 1569 χεῖρα,
1659 1497 1920 1568 θεράπον,

378 1587 709 1656 ’Δνστρεφε,
743 1588 866 1658 μηδ’
895 1587 1104 1642 ἐπίσειε
1138 1589 1368 1661 παρηῖδι
1407 1589 1808 1660 παμϐασιλῆος,

369 1677 564 1748 Φρίξον
587 1719 602 1746 ,
636 1680 664 1731 ὁ
697 1678 806 1747 γὰρ
837 1681 1106 1752 κρατέῃσι
1135 1682 1560 1752 κεραυνοφόρων
1583 1682 1884 1750 νεφελάων,

369 1768 462 1837 Μή
493 1784 550 1819 σε
575 1767 713 1841 βάλῃ
747 1771 1048 1840 πρηστῆρι.
1085 1773 1180 1824 καὶ
1205 1773 1376 1842 ἄγρια
1405 1772 1643 1826 δάκτυλα
1673 1772 1873 1843 καύσῃ.

761 1857 866 1924 Εἰς
890 1859 1007 1924 τὴν
1035 1859 1300 1929 ἄρνησιν
1329 1858 1579 1926 Πέτρου.

371 1947 446 2000 οὐ
474 1947 680 2016 Πέτρος
701 1941 881 2014 οὗτος,
909 1951 968 2014 ὃς
999 1949 1128 2022 χθὲς
1157 1951 1562 2022 ὲθρασυστόμει

381 2039 471 2100 Ὠς
492 2041 590 2092 οὐκ
613 2039 680 2093 ἂν
705 2041 1007 2111 ἀρνήσαιτο
1038 2040 1129 2094 τὸν
1155 2041 1479 2096 διδάσκαλον
1510 2059 1529 2109 ;

371 2127 486 2184 Νῦν
516 2129 709 2199 βλέψον
729 2129 894 2184 αὐτὸν
925 2130 1000 2194 ὡς
1031 2134 1359 2201 ἁπαρνεϊται
1389 2135 1594 2205 τρίτον.

372 2221 542 2272 Φωνεί
571 2221 616 2274 δ’
644 2221 917 2292 ἀλέκτωρ,
947 2221 1108 2288 γνοὺς
1130 2221 1185 2275 δὲ
1218 2222 1422 2292 Πέτρος
1449 2225 1696 2294 δακρύει.

975 2314 1082 2378 Εἰς
1109 2311 1174 2365 τὸ
1205 2314 1374 2369 αὑτό.

373 2401 543 2454 Δισσά
567 2401 665 2472 μὲν
689 2400 753 2456 ἐκ
784 2402 1089 2474 σ’ὲφόϐησε
1122 2403 1412 2474 κοράσσια,
1457 2405 1607 2459 ὄλϐιε
1650 2405 1845 2474 Πέτρε,

386 2495 631 2566 Ἀρνήσω
655 2494 710 2546 δὲ
736 2495 1077 2562 διδάσκαλον,
1103 2495 1163 2548 ὃν
1191 2495 1320 2567 πέρι
1365 2498 1526 2566 φίλαο
1549 2498 1799 2551 πάντων·

371 2587 558 2655 Αὐτὰρ
585 2584 735 2650 ἅπαξ
767 2585 815 2639 οἱ
837 2585 1080 2650 άπαντες
1105 2585 1430 2656 ἐπιχθονίων
1464 2587 1724 2657 βασιλῆες

373 2678 534 2731 Δεινά
561 2695 616 2730 σε
647 2677 818 2731 πολλὰ
847 2678 1126 2748 δράσειιεν,
1157 2678 1382 2749 ἀνήνεαι
1431 2680 1538 2733 οὐδ’
1568 2679 1656 2750 ἄρ’
1687 2681 1944 2734 ὲκεῖνον.“

410 2794 516 2858 Εἰς
543 2791 631 2855 τὸ,
667 2790 811 2846 Τίνα
840 2791 1151 2854 ἀπολύσω,
1186 2790 1498 2858 Βαραϐϐᾶν
1548 2791 1586 2860 ἣ
1625 2790 1923 2858 Χριστόν;

378 2885 572 2952 Ἀφες,
608 2883 830 2949 Πιλάτε,
854 2883 944 2936 τὸν
968 2883 1264 2955 Βαραϐϐᾶν
1299 2885 1357 2937 ὲν
1392 2883 1491 2953 βίῳ
1516 2898 1530 2912 ο

379 2977 548 3040 Ἴσως
581 2977 858 3047 μεταγνῷ,
888 2978 984 3031 καὶ
1031 2975 1171 3050 τύχῃ
1200 2976 1474 3047 σωτηρίας
1500 2993 1513 3006 .

1038 3133 1105 3187 In
1132 3133 1286 3187 idem.

1155 373 1685 435 TE'I‘RASTICHA
1719 373 1800 433 ΙΝ
1833 373 2104 435 NOVUM
2141 373 2736 434 TESTAMENTUM.

1973 490 2020 550 Α
2051 486 2328 557 Σταυροῦν
2357 485 2413 539 δὲ
2438 485 2527 538 τὸν
2550 478 2780 553 Σωτῆρα
2815 481 2890 552 μὴ
2921 479 3089 550 φειδὼ
3109 478 3301 550 λάϐῃς,

3484 365 3622 433 1194

2048 579 2311 648 Σταυροῖς
2346 577 2457 648 γὰρ
2483 576 2625 628 οὕτω
2659 575 2758 645 τὴν
2790 572 3246 643 ὲμὴνάμαρτίαν.

2617 669 2720 732 Εἰς
2745 665 2810 718 τὸ
2846 665 3015 720 αὑτό.
3648 709 3656 730 τ

2049 769 2114 821 Ὢ
2138 766 2353 836 φθόνος,
2385 760 2721 832 ἀνθρώποισι
2756 756 2926 818 πάθος
2963 756 3129 826 μέγα,
3163 754 3320 808 νοῦσε
3348 752 3608 824 κακίστη,

2049 859 2169 927 Πῦρ
2197 857 2371 921 ὀλοὸν,
2407 853 2697 922 πτολέμοιο
2727 851 2900 918 φάγον
2935 850 3135 918 στόμα,
3163 846 3356 899 τέκνον
3374 845 3623 914 ἐχίδνηςι

2055 953 2152 1004 Ὃν
2184 948 2272 1002 δία
2305 942 2666 1016 γραμματέες
2697 940 2934 1011 Χριστὸν
2963 940 3060 1010 μὲν
3090 937 3320 1004 ἔπεφνον
3355 936 3585 1006 Ἰησοῦν,

2049 1040 2344 1110 Βαραϐϐᾶν
2369 1038 2416 1091 δ’
2444 1036 2748 1094 ἀπέλυσαν,
2783 1031 3086 1087 ἀτάσθαλον
3114 1030 3309 1102 ἄνδρα,
3345 1029 3549 1098 φονῆα.

2111 1115 2120 1119 ’
2503 1131 2608 1191 Εἰς
2631 1127 2746 1194 τὴν
2773 1125 3144 1192 σταύρωσιν.

2051 1225 2317 1294 Εἵρχθης,
2350 1220 2643 1289 ὲπαίχθης,
2678 1215 3042 1288 ὲῤῥαπίσθης,
3076 1215 3279 1284 Χριστὲ
3305 1229 3438 1282 μουο

2057 1317 2118 1370 Ὀ
2140 1313 2374 1383 σταυρὸς
2405 1312 2570 1382 ἤρθη·
2596 1311 2761 1381 δεῦρο
2790 1310 2946 1377 γοῦν,
2977 1308 3180 1379 Σῶτερ,
3216 1306 3378 1373 πάθε,

2048 1402 2280 1466 Κεντοῦ,
2311 1399 2600 1470 προπηγοῦ
2642 1399 2720 1470 τῷ
2751 1399 2914 1470 ξύλῳ,
2939 1398 3104 1470 χολὴν
3139 1397 3262 1450 πίνε
3290 1437 3304 1461 ,

2051 1495 2159 1548 Καὶ
2185 1493 2397 1560 θνῆσκε·
2418 1491 2510 1545 τοῦ
2540 1491 2798 1554 θανόντος
2822 1489 3116 1560 ἀνθρώπου
3148 1489 3331 1558 χάριν.

2615 1587 2718 1651 Εἰς
2745 1585 2812 1639 τὸ
2835 1585 3009 1639 αὑτό.

2053 1677 2162 1730 Ποῦ
2198 1677 2357 1739 σέλας
2385 1678 2589 1748 ἠελίοιο
2611 1676 2858 1748 διῴχετο,
2891 1677 2985 1746 ἡδὲ
3028 1677 3264 1748 σελήνης
3291 1694 3306 1739 ;

2053 1771 2148 1834 Τίς
2181 1771 2238 1824 δέ
2263 1788 2323 1823 τε
2350 1771 2581 1842 λατομίη
2617 1771 2839 1832 πολιοὺς
2877 1769 3152 1840 ὲτμήξατο
3185 1769 3462 1840 πέτρους;

1975 1835 2020 1890 Β
2046 1863 2142 1926 Τίς
2170 1861 2228 1915 δὲ
2257 1835 2749 1931 καταφθιμένοισιν
2784 1835 3058 1925 ἐκέκλετο,
3082 1861 3150 1914 Ἀ
3163 1835 3394 1930 μπνῦτε,
3413 1855 3624 1925 νεκροί;

2049 1953 2292 2026 Χριστοῦ
2323 1957 2723 2024 καενοτόμησεν
2755 1954 2918 2022 ἁγνὸν
2967 1953 3160 2020 πάθος,
3184 1946 3229 2006 ὢ
3269 1951 3411 2016 ξένε,
3433 1949 3628 2003 ταῦτα.

2475 2046 2578 2110 Εις
2607 2045 2714 2098 τὸν
2742 2043 3176 2112 ἐνταφιασμόν.

2052 2138 2117 2190 Τί
2146 2137 2404 2207 δακρύεις
2438 2137 2720 2190 θάπτουσα
2749 2135 3006 2206 Χριστὸν,
3047 2131 3311 2205 Παρθένε,

2053 2230 2230 2282 Πάλαι
2264 2227 2510 2281 λαϐοῦσα
2540 2230 2639 2297 τῆς
2672 2229 2848 2296 χαρᾶς
2877 2227 2976 2291 τὰς
3011 2224 3251 2294 ἐγγύαςῖ

2053 2318 2350 2388 Οἰμωζέτω
2373 2319 2619 2384 θάνατος,
2661 2317 2827 2386 ’ᾼδης
2860 2305 3094 2370 κλαιέτω
3115 2329 3132 2347 °

2055 2411 2127 2464 Σὺ
2155 2410 2212 2464 δὲ
2236 2411 2476 2480 τριταῖον
2502 2409 2596 2462 τὸν
2631 2410 2722 2463 σδν
2757 2408 2886 2460 Υἱὸν
2924 2406 3168 2476 ὲκδέχου.

2623 2505 2729 2569 Εἰς
2752 2503 2816 2556 τὸ
2853 2503 3026 2556 αὑτό.

2058 2596 2280 2667 Τύμϐον
2311 2597 2394 2650 ἐνὶ
2423 2595 2805 2668 σφραγῑδεσσι,
2837 2593 3077 2663 δυσίεροι
3105 2590 3425 2664 άρχιερῆες,

2057 2689 2307 2752 Κλείετε,
2333 2690 2430 2742 καὶ
2459 2689 2657 2751 πολέας
2691 2687 3014 2756 περιίστατε
3044 2682 3416 2745 ἀσπιδιώταςο

2057 2780 2135 2832 Οὐ
2170 2781 2462 2849 σχήσουσιν
2489 2778 2722 2841 ἄνακτος
2754 2777 3144 2848 ἀνεγρομένοιο
3178 2774 3379 2846 ἐρωὴν,

2071 2871 2210 2924 Ἀλλ’
2276 2871 2441 2941 ᾍδου
2506 2887 2565 2922 τε
2626 2870 2800 2939 τάφου
2850 2885 2908 2920 τε
2979 2863 3638 2936 μοχλοὺςίῖκαταθραύσει

3294 2955 3418 3027 [ἀνα
3427 2957 3579 3020 στάς.

2061 3115 2402 3184 paenitudine
2424 3115 2620 3169 ductus
2646 3115 2872 3170 salutem
2906 3121 3308 3182 consequatur;
3334 3110 3483 3166 cruci
3509 3125 3639 3166 vero

453 3227 506 3282 ιη
534 3229 753 3291 emtum,
786 3241 1005 3291 νεςεηε,
1059 3229 1434 3295 conspucbas,
1494 3237 1548 3282 ω
1603 3229 1695 3299 (μή
1752 3228 1952 3284 Christi
1980 3191 2023 3248 (ἶ
2061 3209 2402 3263 Servatorem
2427 3209 2698 3280 configere
2728 3223 2791 3263 ne
2808 3207 3113 3273 detrectes;
3140 3205 3218 3260 sic
3243 3204 3388 3260 enim
3420 3213 3640 3273 peccata
3733 3239 3736 3242 ~

380 3323 618 3376 divinam
649 3321 843 3375 {aciem
874 3319 1049 3389 sputis
1090 3320 1510 3383 debonestabas,
1543 3334 1660 3388 qua:
1686 3336 1783 3375 ceu
1822 3321 1956 3376 luci—

382 3414 465 3467 fer
489 3413 737 3467 inclaruit
755 3413 808 3466 in
831 3426 1047 3466 summo
1074 3409 1346 3464 Thaboris
1364 3412 1563 3466 montis
1582 3414 1754 3478 apice.
1777 3410 1955 3474 Certe,

380 3506 526 3573 quod
557 3505 828 3566 immittis.
857 3519 920 3558 ex
952 3487 1180 3558 adverso
1204 3503 1415 3558 rediens
1459 3514 1698 3574 sputum,
1736 3515 1858 3559 tuas
1904 3505 1956 3558 in

384 3598 626 3653 cervices
658 3597 811 3652 refun
821 3597 999 3650 detur.

560 3689 738 3754 Deeo,
774 3689 868 3756 qui
903 3685 1170 3742 Christum
1199 3686 1252 3739 in
1286 3685 1476 3756 faciem
1509 3687 1779 3755 percussit.
1855 3727 1872 3740 .

453 3782 603 3848 Quod
643 3788 847 3835 tantum
882 3779 1060 3836 scelus
1129 3779 1388 3842 admittis.
1434 3795 1466 3834 ο
1496 3781 1626 3844 Oza,
1667 3789 1723 3832 ut
1765 3777 1846 3832 vel
1866 3790 1956 3832 “ex

382 3877 498 3930 solo
528 3890 669 3929 arcae
691 3883 946 3928 contactu
977 3872 1266 3926 moriaris?
1291 3872 1428 3938 Quid
1460 3882 1663 3926 tantum
1695 3872 1818 3924 mali
1853 3887 1957 3924 nou

384 3965 672 4028 admisisti,
707 3965 812 4018 vile
865 3965 1217 4033 mancipium,
1271 3973 1330 4016 ut
1377 3965 1426 4015 in
1483 3964 1716 4017 Verbum
1773 3963 1960 4031 alapas

385 4057 658 4128 inﬂigens,
690 4057 912 4122 malum,
943 4072 1050 4111 non
1084 4054 1363 4112 intereas?

1037 4147 1104 4202 Ιη
1139 4148 1301 4202 idem.

2060 3315 2177 3356 mea
2212 3300 2358 3355 cruci
2393 3298 2585 3368 atligis.

2728 3413 2786 3467 In
2819 3415 2977 3467 idem.

2121 3504 2166 3560 Ο
2213 3507 2434 3572 invidia,
2461 3507 2782 3562 mortalibus
2835 3507 3025 3575 ingens
3051 3505 3218 3558 animi
3249 3505 3424 3570 dolor,
3449 3505 3645 3558 exitia-

2061 3598 2129 3654 lis
2174 3601 2426 3665 morbus,
2473 3599 2612 3666 iguis
2643 3601 2822 3653 omnia
2871 3599 3206 3662 devastans,
3249 3613 3310 3652 os
3359 3597 3646 3652 discordiae

2065 3706 2254 3754 vorax,
2321 3692 2572 3759 genituen
2607 3693 2845 3760 viperze,
2889 3691 3044 3756 cujus
3092 3690 3356 3745 instinctu
3423 3690 3641 3744 Christo

2063 3774 2186 3832 Josu
2210 3778 2374 3832 vitatu
2393 3781 2711 3834 ademerunt
2735 3780 2955 3843 SCI'HWB,
2974 3779 3239 3846 Barabba,
3262 3779 3352 3850 qui
3380 3780 3646 3847 pessimus

2063 3879 2180 3927 erat
2211 3870 2498 3938 parricida,
2533 3871 2781 3926 liberato.

2605 3985 2670 4039 In
2699 3986 3115 4054 cruciﬁxionrm.

2143 4074 2200 4128 In
2231 4089 2510 4142 carcerem
2545 4087 2880 4146 compactus,
2921 4076 3150 4141 illusus,
3195 4077 3371 4146 alapis
3417 4074 3646 4132 affectus

2065 4183 2148 4232 es,
2176 4166 2393 4222 Christe
2421 4167 2528 4234 tui;
2562 4184 2696 4223 crux
2723 4169 2882 4224 modo
2911 4168 3052 4224 elata
3079 4178 3200 4236 est;
3241 4184 3339 4238 age
3389 4169 3572 4238 igitur,
3612 4183 3646 4220 ο

456 4238 796 4292 Temerarius
856 4252 1054 4291 manus
1105 4248 1251 4291 retro
1307 4245 1581 4299 converte,
1611 4235 1846 4326 impium
2066 4255 2443 4326 Redemptor;
2477 4266 2684 4326 parere,
2753 4257 3059 4321 stimulare,
3099 4235 3243 4325 ligno
3280 4235 3526 4325 alligi'tor,
3577 4253 3647 4310 {el

388 4328 594 4382 infante
625 4327 932 4394 servitium,
964 4341 1136 4395 neque
1160 4326 1270 4380 late
1301 4325 1578 4396 regnantis
1605 4324 1698 4379 Dei
1729 4324 1966 4380 maxillis
2069 4349 2216 4415 bibe,
2245 4324 2300 4403 ei
2323 4324 2521 4403 mon,“
2555 4348 2790 4404 hominis
2817 4363 2984 4404 causa
3023 4324 3254 4403 mortem
3283 4324 3500 4417 appete.

387 4420 646 4486 colaphos
691 4418 949 4490 impinge,
997 4419 1092 4474 sed
1142 4420 1474 4474 exhorresce
1525 4415 1769 4488 (nebulis
1814 4417 1964 4472 enim

392 4509 1033 4628 ἐἶῗτῗξῗῗῗξῗξῖ
1057 4519 1256 4628 ait}:
1272 4509 1577 4628 lii-“1221b”
1622 4523 1796 4576 Ignem
1841 4523 1964 4578 per-
1996 4529 2042 4586 Β
2136 4561 2252 4628 Quo
2277 4560 2406 4614 solis
2459 4557 2858 4626 etluntejubar
2894 4555 3147 4612 evanuit?
3173 4555 3306 4622 Quis

386 4603 586 4668 mittat,
613 4613 665 4657 et
710 4601 1035 4672 pra‘feroces
1067 4611 1262 4656 exurat
1286 4615 1498 4655 manus.

880 4711 956 4767 De
999 4712 1146 4767 Petri
1175 4712 1470 4783 negatione.

459 4806 540 4858 Au
573 4804 663 4858 ille
686 4803 896 4872 Petrus,
921 4805 1013 4874 qui
1041 4804 1159 4858 heri
1191 4803 1418 4858 ﬁdenter
1441 4803 1784 4872 loquebatur,
1818 4802 1963 4856 tutu-

392 4911 512 4950 rum
568 4911 871 4964 nunquam,
922 4907 980 4950 ut
1029 4895 1378 4965 praeceptoris
1414 4909 1608 4950 nomen
1655 4894 1946 4962 abjuraret?

391 5002 541 5042 nunc
577 4995 636 5040 ut
667 5003 790 5042 eum
834 4988 995 5043 tertio
1031 4997 1290 5058 perneget
1321 5025 1337 5052 ,
1375 4985 1780 5050 animadverte;
1840 4988 1960 5051 sed,

392 5089 625 5134 canente
661 5079 822 5148 gallo,
852 5079 916 5132 ad
943 5095 1000 5134 se
1031 5095 1280 5136 reversus
1328 5078 1521 5133 Petrus
1559 5093 1741 5132 amare
1792 5078 1957 5132 ﬂevit.

1047 5172 1115 5226 In
1147 5175 1305 5228 idem.

427 5263 556 5319 Duae
589 5275 637 5318 te
671 5265 859 5334 puellae
888 5275 1327 5328 conterruernut,
1353 5265 1505 5319 l-eate
1541 5264 1719 5331 Petro,
1753 5277 1965 5336 etprae-

393 5366 690 5424 ceptoretn,
719 5372 876 5425 quem
905 5358 1105 5411 eximie
1141 5373 1250 5426 prae
1295 5358 1544 5409 omnibus
1574 5359 1815 5421 amabas,
1853 5357 1967 5426 eju-

395 5451 570 5504 rasti:
626 5451 719 5503 sed
764 5467 885 5504 cum
939 5466 1126 5503 munes
1176 5450 1398 5502 omnino
1454 5449 1760 5502 mortalium
1813 5464 1968 5519 reges

392 5542 449 5597 in
487 5551 537 5596 te
565 5541 904 5597 atrocissime
937 5543 1188 5604 srcvieut,
1219 5556 1339 5594 eum
1388 5555 1490 5592 non
1525 5552 1819 5609 negaturus
1850 5555 1928 5594 es.

523 5634 588 5688 In
618 5635 750 5688 illud
783 5651 800 5688 :
835 5635 996 5699 Quem
1031 5634 1172 5686 vobis
1199 5634 1481 5696 diutinam,
1519 5631 1818 5684 Burabbam

985 5722 1052 5758 an
1082 5702 1382 5756 Christum?

469 5798 687 5855 Dimitte
711 5799 1033 5861 liarabltam,
1066 5807 1121 5847 ιιι
1154 5796 1320 5853 νὶνςιι,
1353 5809 1383 5845 0
1415 5793 1620 5859 Pilato;
1660 5794 1771 5850 fors
1805 5802 1968 5850 estut

765 5897 1034 5955 PATROL.
1066 5894 1159 5953 (in
1223 5892 1535 5951 CKXXlIl.

2717 4463 2782 4518 In
2827 4462 2986 4517 idem.

3351 4555 3648 4610 albicantes

2066 4665 2096 4704 e
2124 4649 2424 4704 saxifodina
2447 4647 2652 4716 lapides
2675 4646 2897 4702 secuit?
2959 4647 3092 4712 Quis
3115 4646 3218 4698 vita
3249 4642 3648 4707 functisedixit,

2069 4741 2374 4812 Respirate,
2403 4741 2648 4794 mortui?
2694 4739 2816 4793 llaec
2861 4739 3182 4793 intemerata
3212 4737 3414 4794 Christi
3470 4736 3650 4806 passio

2068 4843 2315 4889 recenter
2348 4842 2567 4900 operata
2597 4839 2702 4894 85‘,
2727 4844 2759 4884 0
2789 4830 3010 4900 hospes.

2489 4944 2561 4997 De
2616 4944 2968 4998 lumnlatt’one
3000 4943 3220 4998 Cltristt'.

2143 5038 2280 5105 Quid
2316 5037 2366 5090 iu
2402 5036 2715 5103 sepeliendo
2741 5035 2882 5090 Filio
2922 5036 3261 5104 lacrymaris,
3295 5033 3477 5102 Virgo,
3522 5045 3643 5084 cum

2072 5129 2282 5198 pridem
2317 5126 2497 5195 gaudii
2533 5125 2926 5194 promissiones
2952 5123 3270 5193 acceperis?
3298 5137 3444 5175 mors
3489 5121 3645 5190 iuge-

2070 5229 2183 5274 mat
2235 5218 2412 5287 pctius
2438 5257 2453 5280 ,
2477 5217 2754 5269 tristentur
2785 5215 2940 5269 inferi
2973 5231 2988 5280 ;
3021 5225 3188 5283 tuque
3239 5213 3398 5268 tertio
3436 5213 3523 5266 die
3557 5211 3646 5266 Fi-

2071 5312 2201 5366 lium
2236 5322 2384 5365 tuum
2424 5307 2725 5362 Letabunda
2760 5307 2966 5376 excipe.

2730 5422 2789 5478 In
2819 5424 2977 5474 idem.

2145 5519 2405 5589 Sacrilegi
2433 5520 2759 5576 sacerdotes.
2783 5505 3306 5582 annulo'sepulcrum
3338 5514 3642 5583 obsignate,
3715 5586 3718 5588 γ

2072 5618 2128 5662 ct
2183 5618 2511 5661 scutatorum
2565 5607 2790 5661 militum
2824 5605 3100 5656 cohortem
3140 5603 3509 5666 circumdate;
3556 5619 3644 5656 re-

2074 5699 2346 5768 surgentis
2389 5695 2555 5766 Regis
2609 5696 2943 5763 eruptionem
3000 5709 3102 5746 non
3152 5693 3506 5757 cohibebtmt,
3548 5695 3644 5748 sed

2075 5803 2356 5860 cutel‘gt'ns
2392 5787 2596 5842 inferos
2636 5797 2684 5843 et
2742 5785 2976 5854 sepulcri
3001 5787 3250 5854 repagula
3285 5782 3602 5853 perfringet.

3167 5881 3243 5939 38
