4050 6402
436 349 584 414 llthl

446 468 536 520 Ἐν
565 467 608 519 δ’
638 468 844 537 ἀγορὴν
880 467 1166 538 συνάγειρε
1214 469 1480 540 γεραιήνς
1509 465 1610 525 Οἷα
1631 471 1685 523 δὲ
1719 471 1945 539 βάσκει;

443 559 603 628 δεῦρο
628 559 987 628 περιστάντες
1016 578 1130 628 μιν,
1163 561 1491 632 ἀκουσόμεθ’
1531 563 1559 615 ὅ
1595 581 1644 615 τι
1669 562 1905 616 κελεύει.

465 651 509 701 II
541 648 588 718 ῤ’
616 649 711 717 ὅγε
742 651 871 714 παῖς
888 649 1020 714 Θεός
1052 652 1192 715 ἐστι,
1219 651 1354 705 Θεοῦ
1385 653 1443 706 δέ
1471 671 1528 707 τε
1559 655 1781 725 ῥήματα
1810 653 2014 722 φαίνει.

441 763 533 826 Εἰς
552 762 618 814 τὸ
635 764 787 815 κατὰ
811 763 918 816 τὸν
943 763 1171 818 δοῦλον
1193 765 1298 819 τοῦ
1322 766 1771 836 ἑκατοντάρχου
1796 767 2011 836 θαῦμα.

443 852 642 923 Ἔχεις,
676 855 1066 927 ἑκατόνταρχε,
1098 857 1193 912 τὸν
1223 857 1408 912 δοῦλον
1440 859 1627 922 πάλιν,

443 945 532 997 Ἐν
564 946 700 1010 ζῶσι
731 947 823 1001 τὸν
852 948 1078 1002 θανόντα
1104 966 1117 980 ·
1160 951 1233 1020 μὴ
1260 951 1444 1005 τοίνυν
1468 951 1653 1006 θλίϐου
1680 971 1694 986 ο

442 1037 539 1090 Γοῦ
571 1037 928 1110 ζωοποιρόχου
966 1043 1076 1112 γὰρ
1108 1042 1358 1106 ἐλθόντος
1390 1045 1592 1112 Λόγου,

441 1127 640 1191 ιιόσους
679 1129 744 1182 ἂν
773 1133 942 1200 ἐχρῆν
971 1131 1343 1201 δραπετεῦσαι
1371 1133 1673 1200 θανάτους;

1035 1223 1141 1290 Εἰς
1171 1225 1238 1278 τὸ
1266 1227 1437 1282 αὐτό.

461 1313 654 1381 Ορφνα
679 1313 1093 1384 νυκτεσίφοιτος
1117 1317 1416 1388 ἀπήλυθεν,
1437 1319 1556 1374 ούδέ
1586 1321 1637 1373 θ’
1669 1322 1878 1394 ὑπέστη

443 1403 651 1457 ’Λντίον
677 1404 890 1473 ἠελίου,
921 1406 1072 1479 δεινὴ
1101 1409 1158 1462 δέ
1196 1427 1286 1479 μιν
1315 1410 1508 1465 ἔλλαϐε
1538 1414 1703 1482 φύζα,

440 1495 544 1546 Καὶ
582 1495 815 1560 θάνατος
839 1497 1243 1568 βραπέτευσεν,
1274 1503 1412 1572 ,ἐπεὶ
1444 1505 1614 1568 πέλας
1663 1507 1836 1561 εἴδετο
1878 1510 2014 1580 Χρι-

1752 1599 1902 1671 [στάν

440 1672 555 1746 ζωὴ
579 1675 685 1746 γάρ
714 1677 982 1752 τελέθῃσι,
1017 1681 1182 1754 θεινῆς
1213 1684 1269 1738 δέ
1299 1703 1393 1739 κεν
1413 1687 1610 1742 ἔπλετο
1629 1689 1825 1761 λυτήρ.

673 1790 779 1856 Εἰς
807 1793 921 1860 τὴν
947 1795 1193 1864 Μάρθαν
1227 1801 1325 1853 καὶ
1357 1803 1473 1868 τὴν
1503 1804 1756 1870 Μαρίαν.

442 1880 506 1934 Ἦ
530 1883 751 1952 Μάρθα,
777 1888 865 1937 ναὶ
897 1885 936 1956 ’ξ-
961 1889 1222 1955 πύκτευε,
1247 1893 1339 1944 καὶ
1363 1892 1620 1959 διακόνει,

437 1975 610 2029 Καλὸν
647 1977 880 2043 ξενίζειν
907 1980 1000 2034 τὸν
1035 1981 1189 2046 Θεὸν,
1217 1985 1291 2055 μὴ
1320 1985 1580 2058 διστάσῃς
1603 2001 1620 2017 ⁸

437 2064 507 2117 Ἦ
533 2068 790 2139 Μαριὰμ,
812 2071 977 2125 ἄκουε
1006 2073 1102 2127 τοῦ
1134 2075 1476 2132 διδασκάλου·

434 2161 570 2215 Θεοῦ
607 2163 756 2234 λόγοι
789 2166 898 2236 γὰρ
929 2167 1006 2232 ὡς
1035 2171 1260 2236 γλυκεῖς
1283 2172 1424 2243 ὑπὲρ
1457 2175 1600 2245 μέλι.

1029 2261 1138 2328 Εἰς
1178 2263 1245 2316 τὸ
1268 2265 1440 2320 αὑτό.

436 2343 536 2406 Jb;
563 2347 733 2412 πόδας
757 2349 1120 2419 ἀμφέπτηξεν
1143 2355 1338 2423 Ἀδὰμ,
1370 2358 1499 2428 περὶ
1530 2359 1574 2414 δ’
1603 2360 1643 2430 ’ξ-
1679 2359 1868 2433 ἔτρεεν
1895 2359 2006 2420 Εὗα

436 2434 682 2504 Δειελινῷ
708 2439 870 2508 προτὶ
905 2442 1080 2510 κῆπον
1103 2443 1518 2514 ὁδοιπορέοντος
1547 2448 1808 2515 ἄνακτος,

435 2525 545 2579 Νῦν
567 2528 801 2600 Μαριὰμ
833 2533 1073 2603 κατέχει,
1104 2535 1196 2588 καὶ
1220 2537 1277 2590 ἐν
1299 2537 1450 2606 σφίσι
1468 2540 1652 2611 χείλεα
1687 2543 1906 2612 βάπτει,

440 2617 532 2672 Ἐν
567 2619 624 2673 δέ
657 2637 718 2673 τε
747 2621 1114 2688 δεσποσύνους
1145 2626 1248 2679 ὑπὸ
1286 2629 1462 2696 λέξεις
1488 2631 1651 2688 οῠασι
1692 2635 1899 2705 βάλλει.

537 2737 644 2802 Εἰς
671 2737 781 2790 τὸν
805 2734 878 2794 οὗ
910 2741 1259 2810 εὐφόρησεν
1292 2743 1330 2811 ἠ
1358 2743 1520 2815 χώρα
1547 2750 1872 2808 πλούσιον.

438 2827 473 2877 Γ
481 2825 496 2876 ί
525 2827 702 2882 ταῦτά
725 2846 828 2894 σοι,
853 2831 1102 2896 πλούσιε,
1132 2835 1226 2888 καὶ
1258 2837 1476 2906 φρενῶν
1508 2840 1679 2912 πένης
1705 2859 1721 2909 ;

441 2912 618 2985 Ἀμᾷς
644 2918 745 2986 μὲν
777 2919 946 2990 ἀδράν
981 2921 1217 2993 εὔφορον
1238 2927 1547 2997 γεωργίαν,

436 3007 653 3072 Κτίζεις
674 3009 732 3063 δὲ
765 3013 988 3081 μείζους
1018 3014 1326 3086 ἀποθήκας.
1361 3019 1535 3086 Ἀλλ’,
1561 3022 1754 3093 ἄφρον,

435 3180 590 3235 porro
608 3167 887 3238 loquitur?
916 3171 1050 3228 heus
1081 3175 1267 3232 adeste
1288 3178 1726 3249 circumstantes,
1748 3184 2009 3254 quidquid
2037 3165 2080 3222 ο

434 3267 772 3334 praeceperit,
805 3267 1175 3326 inaudiamus.
1211 3273 1352 3329 Sane
1399 3278 1543 3332 enim
1579 3294 1711 3348 puer
1740 3281 1839 3336 iste
1871 3280 2010 3338 Deus

434 3361 535 3417 est,
570 3363 625 3409 et
664 3355 756 3411 Dei
789 3372 1074 3415 sermones
1107 3362 1386 3432 explanat.

606 3468 680 3523 De
732 3473 988 3528 miraculo
1013 3492 1136 3546 erga
1163 3481 1485 3534 centurionis
1539 3481 1824 3550 famulum.

493 3558 684 3616 Habes
719 3563 918 3620 iterato
944 3583 1166 3622 servum
1200 3580 1372 3636 tuttm,
1403 3588 1434 3628 ο
1464 3576 1716 3631 centurio
1746 3619 1760 3643 ,
1799 3579 2008 3635 redivi-

437 3665 582 3717 vum,
614 3657 704 3720 qui
734 3654 874 3709 diem
899 3659 1132 3724 obierat;
1152 3677 1319 3730 quare
1339 3679 1405 3718 ne
1430 3666 1650 3722 tristitia
1677 3670 2006 3740 conllciaris;

437 3755 554 3794 eum
578 3743 745 3809 enim,
775 3747 864 3815 qui
900 3749 1063 3802 vitam
1099 3753 1318 3819 praebet,
1353 3754 1494 3810 Deus
1525 3757 1763 3814 Verbum
1809 3762 1860 3816 in
1901 3773 2011 3818 ter-

434 3843 546 3884 ram
577 3834 805 3900 venerit,
835 3848 965 3906 quot
997 3841 1189 3896 mortis
1218 3859 1417 3913 genera
1456 3847 1630 3914 fugari
1659 3865 1875 3920 aequum
1893 3855 2011 3909 est?

1097 3929 1164 3986 In
1196 3934 1352 3991 idem.

1654 356 2045 418 THEODORI
2091 356 2494 418 PRODROMI

3567 361 3703 430 1200

2048 474 2092 528 Α
2123 470 2232 542 Τὴν
2265 471 2551 544 ἀποθήκην
2588 473 2739 539 κτίζε
2775 477 2884 529 τῶν
2913 476 3020 529 σῶν
3049 475 3270 529 ὀστέων.

2720 590 2825 654 Εἰς
2863 588 2930 641 τὸ
2963 588 3136 642 αὐτό.

2121 679 2322 748 Δέρκεο
2351 679 2440 733 τὸν
2465 678 2727 748 δομέοντα
2755 679 3088 750 νεοδμήτους
3131 675 3420 743 ἀποθήκας

2118 770 2406 835 Πλούσιον,
2438 770 2496 833 ὃς
2523 770 2657 825 πολὺ
2689 771 2862 841 τραχὺ
2895 770 2959 823 τὸ
2991 770 3143 839 λήϊον
3169 761 3281 820 οἷον
3307 766 3520 834 ἀμᾶται
3543 780 3556 795 ο

2119 856 2288 924 Οὗτος
2315 861 2606 925 ἀθανάτοις
2637 864 2734 932 μὲν
2757 863 3011 915 ἐέλπεται
3041 859 3238 931 ἔμμεν’
3258 861 3467 929 ὁμοῖος,

2131 955 2294 1010 Ἀλλά
2315 954 2340 1007 ὲ
2363 953 2459 1019 νὺξ
2485 955 2752 1026 ἐπίκηρον
2781 954 3063 1022 ὲλέγξεται
3095 954 3128 1024 ή
3163 950 3471 1023 παρεοῦσα.

2519 1069 2625 1133 Εἰς
2658 1066 2773 1135 τὴν
2796 1067 3306 1133 συγκύπτουσην.

2116 1177 2189 1234 Ὦ
2220 1182 2419 1251 γραῦς,
2455 1185 2723 1252 χρεώστει
2751 1186 2817 1254 τῇ
2855 1183 3009 1253 ρἀει
3049 1181 3266 1253 μακρὰν
3289 1179 3472 1251 χάριν.

2129 1274 2217 1336 Ὡς
2247 1275 2530 1343 αὐτοφυῶς
2554 1278 2879 1346 προσκυνεῖς
2910 1276 2987 1350 τῷ
3010 1276 3280 1346 Δεσπότῃ.

2118 1367 2311 1419 Τοίνυν
2336 1369 2402 1420 σὺ
2436 1369 2532 1421 μὲν
2565 1368 2760 1439 λύθητι
2795 1367 2888 1421 τοῦ
2914 1369 3144 1433 πάθους,
3184 1367 3371 1436 γύναι,

2131 1459 2190 1514 '0
2211 1461 2260 1514 δ’
2290 1461 2742 1532 ἀρχισυνάγωγος
2773 1464 3181 1532 ἀντιπασχέτω.

2681 1572 2810 1640 Ἐἰς
2842 1577 2907 1630 τὸ
2939 1577 3110 1631 αὐτό.

2120 1663 2443 1733 Ἀνθρωπόν
2468 1665 2514 1718 e‘
2541 1666 2773 1736 ὲδὸμησε
2809 1667 2960 1731 Θεὸς,
2994 1667 3179 1735 γύναι,
3215 1667 3352 1736 ὀρθά
3384 1665 3656 1738 βεϐῶσαν,

2119 1757 2363 1826 Ζωοὸίην
2393 1757 2448 1810 δέ
2491 1775 2548 1809 σε
2574 1759 2747 1822 πάθος
2784 1760 3037 1829 ἐδείματο
3073 1761 3130 1822 ἐς
3153 1760 3319 1830 χθόνα
3352 1758 3614 1828 κάμψανο

2132 1847 2293 1901 Ἀλλά
2322 1848 2374 1917 γ’
2403 1847 2534 1915 ἄναξ
2567 1848 2793 1919 ὤρθωσε
2827 1850 2960 1914 Θεὸς
2997 1851 3183 1915 πάλιν,
3221 1849 3420 1921 αἰθέρα
3460 1850 3516 1902 δὲ
3546 1849 3660 1920 πρὸ

2120 1941 2469 2010 Δερκομένην
2506 1941 2753 2011 ἐποίησε,
2790 1944 2949 2014 ῥάχιν
2970 1942 3024 1996 δ’
3051 1943 3344 2013 ἀπάμερσε
3378 1941 3653 2012 κύφωνος.

2578 2057 2645 2110 El
2652 2076 2682 2121 ς
2733 2057 2841 2110 τὸν
2875 2055 3230 2125 ὐδρωπικόν.

2131 2166 2463 2238 Ὕδρωπικὲ,
2503 2169 2774 2239 πρόσελθε
2800 2171 2878 2241 τῷ
2901 2170 3023 2242 Θεῷ
3062 2171 3244 2240 Λόγῳ,

2117 2261 2416 2314 Πίστευσον
2444 2261 2614 2332 αὐτῷ,
2651 2262 2746 2316 καὶ
2773 2264 3012 2333 ποταμοὶ
3043 2263 3252 2325 κοιλίας

2117 2351 2230 2421 Τῆς
2260 2352 2358 2422 σῆς
2385 2354 2807 2424 ἀποῤῥεύουσιν,
2836 2354 2912 2418 ὡς
2944 2355 3108 2418 αὐτὸς
3131 2354 3322 2423 λέγει·

2067 2445 2074 2458 "
2117 2445 2190 2498 Ού
2215 2443 2475 2514 ψεύσεται
2505 2446 2614 2516 γὰρ
2639 2447 2741 2517 τῆς
2766 2445 3028 2517 ἀληθείας
3064 2450 3263 2517 στόμα.

2680 2563 2785 2629 Εἰς
2832 2561 2898 2616 τὸ
2941 2563 3112 2616 αὐτό.

2118 2653 2380 2724 Κύμασιν
2409 2655 2547 2724 ἀμφ’
2582 2655 2790 2708 ὑδάτων
2825 2655 2925 2724 μὲν
2972 2655 3158 2717 Ἰωνᾶς
3191 2655 3386 2724 εὕρετο
3414 2656 3623 2725 τύμϐον
3644 2676 3661 2691 ο

2119 2747 2266 2816 Πλὴν
2295 2747 2390 2799 καὶ
2419 2749 2446 2800 ὁ
2475 2747 2770 2815 ὑδροπικὸς
2801 2748 2925 2799 ποτὶ
2957 2746 3192 2816 γαστέρι
3226 2746 3396 2800 ὕδατα
3426 2748 3586 2816 θάψε.

2118 2839 2320 2908 Πρῶτα
2352 2839 2451 2908 μὲν
2471 2835 2563 2893 οὖν
2595 2839 2806 2904 ὲσάωξε
2831 2839 3026 2911 νεκρὸν
3059 2838 3213 2902 Θεὸς,
3249 2840 3314 2891 ἐκ
3339 2839 3382 2891 δ’
3417 2840 3515 2904 ἄγε
3555 2841 3690 2908 τύμ-

3493 2930 3586 2984 ϐου
3606 2946 3621 2962 ⁸

3493 2930 3608 2984 ὁουλ

2121 3023 2284 3092 Ἀρτι
2315 3021 2372 3074 δὲ
2400 3020 2606 3092 τύμϐον
2639 3021 2834 3087 ἔσωσε,
2870 3021 3065 3092 νεκρὸν
3092 3021 3137 3075 δ’
3161 3021 3380 3077 ἀπέωσε
3411 2929 3608 3094 φύνῆα.

2765 3178 2832 3234 1η
2871 3179 3029 3235 idem.

2185 3294 2338 3350 Hunc
2373 3305 2631 3350 coutuere
2697 3309 2838 3350 nova
2880 3304 3288 3352 construentem
3322 3297 3516 3351 horrea
3551 3295 3686 3351 divi-

2116 3397 2244 3446 tem.
2283 3387 2372 3456 qui
2434 3387 2694 3442 anhelans
2745 3385 3071 3456 multiplices
3127 3388 3416 3453 colligebat
3461 3387 3693 3459 fruges;

2111 3481 2198 3534 hic
2228 3495 2284 3534 se
2314 3479 2696 3534 immortalium
2726 3490 3036 3535 consortem
3077 3480 3317 3536 futurqu
3356 3483 3688 3544 conﬁdebat,

2112 3586 2270 3640 quem
2305 3571 2466 3627 morti
2501 3571 2794 3626 obnoxium
2829 3587 2932 3626 nox
2969 3575 3216 3628 proxima
3248 3573 3558 3628 convincet.

2567 3665 2632 3715 1η
2654 3664 2922 3717 mulierem
2955 3671 3245 3720 incurvam.

2184 3772 2336 3829 Dorsi
2367 3774 2444 3828 tui
2478 3775 2746 3829 vertebris
2798 3775 3070 3844 ingentem
3126 3777 3293 3830 debes
3349 3777 3612 3845 gratiam,
3659 3791 3692 3829 ο

2112 3865 2558 3935 vetula;quippe
2611 3880 2730 3934 quae
2768 3867 2885 3920 sine
2936 3878 3077 3933 arte,
3137 3867 3234 3922 sed
3295 3868 3412 3936 ipso
3447 3868 3694 3937 corporis

2110 3957 2300 4013 habitu
2336 3958 2500 4013 Deum
2529 3957 2723 4014 adores
2756 3976 2770 4013 :
2801 3968 3091 4030 eapropter
3123 3961 3314 4014 morbo
3347 3960 3524 4016 soluta
3573 3968 3694 4015 esto

502 4013 716 4124 Caligo.
747 4026 1014 4075 nocturna
1065 4027 1308 4092 evanuit,
1341 4031 1642 4086 subsistere
1684 4047 1793 4088 non
1823 4036 2009 4094 valens
2110 4050 2330 4116 mulier,
2365 4061 2683 4122 grumpatur
2727 4013 2884 4108 licet.
2911 4013 2992 4108 acr
3028 4052 3326 4109 reluctetur
3386 4053 3690 4124 Synanogze

434 4120 611 4162 coram
635 4109 774 4175 sole,
805 4127 913 4179 quo
944 4115 1218 4185 rutilante,
1249 4121 1548 4178 vehemens
1595 4140 1715 4179 eam
1749 4125 1875 4197 fuga
1911 4130 2008 4184 iu-

435 4198 595 4255 vasit.
667 4200 814 4258 Mors
869 4204 1079 4277 aufugit
1135 4209 1275 4280 ipsa,
1343 4227 1464 4267 cum
1533 4231 1700 4286 prope
1729 4219 2005 4276 Christum

433 4292 720 4361 persensit,
758 4296 850 4364 qui
884 4298 994 4351 vita
1022 4309 1124 4364 est,
1157 4311 1213 4356 et
1237 4318 1265 4355 a
1298 4315 1473 4359 utorte
1504 4305 1752 4365 homines
1781 4311 2003 4382 eripuit.

868 4407 947 4464 De
996 4407 1214 4466 Martha
1247 4423 1297 4468 et
1360 4415 1562 4472 Maria.

2111 4145 2393 4216 princeps.

2772 4234 2838 4289 In
2871 4235 3030 4291 idem.

2177 4348 2341 4414 Deus,
2373 4356 2430 4401 ut
2455 4356 2631 4402 erecta
2667 4347 2968 4413 iucederes,
3010 4347 3158 4414 fecit,
3192 4363 3224 4402 ο
3251 4347 3481 4414 mulier;
3509 4347 3602 4404 sed
3635 4355 3690 4402 te

2111 4440 2335 4496 morbus
2370 4439 2533 4494 vitam
2567 4454 2688 4494 cum
2722 4439 2908 4494 labore
2942 4439 3247 4495 trahentem
3277 4439 3330 4494 in
3363 4449 3567 4494 terram
3600 4439 3689 4494 in-

496 4496 574 4552 lta
607 4513 741 4554 sane
769 4499 1000 4556 sollicita
1034 4505 1178 4559 circa
1244 4507 1479 4576 plurima
1529 4509 1744 4567 labores
1785 4527 1850 4568 ac
1889 4527 2007 4569 ser-
2035 4506 2082 4562 D
2111 4533 2378 4588 curvavit,
2420 4532 2560 4587 Deus
2588 4546 2714 4586 νει-ο
2746 4531 2852 4586 late
2883 4532 3159 4600 imperans
3191 4541 3242 4587 te
3269 4531 3453 4587 denuo
3488 4532 3688 4596 erexit.

434 4587 576 4653 vias,
614 4604 648 4644 o
673 4588 918 4658 Martha;
951 4594 1304 4650 honorificum
1325 4608 1410 4653 est
1445 4599 1612 4655 Deum
1639 4604 1909 4670 excipere,
1937 4620 2006 4660 ne

434 4679 692 4747 dubites;
739 4691 797 4736 tu
850 4697 1002 4750 vero,
1059 4685 1251 4754 Maria,
1311 4689 1530 4760 Christo
1567 4691 1806 4763 loquenti
1842 4710 2004 4751 aures

425 4771 688 4839 intende;
751 4789 876 4830 nam
912 4776 1009 4831 Dei
1057 4781 1223 4834 verba
1263 4781 1505 4839 dulciora
1541 4795 1670 4841 sunt
1701 4803 1868 4858 super
1898 4787 2001 4842 mel

433 4873 476 4916 at
511 4863 711 4919 favum.

1086 4966 1152 5022 1η
1188 4970 1341 5025 idem.

2110 4637 2164 4684 et
2195 4627 2391 4684 caelum
2449 4640 2612 4697 posse
2661 4625 2800 4680 tueri
2850 4625 3204 4696 gratiﬁcatus,
3263 4624 3483 4695 spinam
3537 4625 3688 4681 dorsi

2111 4719 2272 4790 gibbo
2305 4717 2570 4774 liberavit.

2665 4827 2729 4884 In
2761 4829 3126 4899 hydmpicum.

2184 4948 2260 5002 Ad
2292 4947 2458 5002 Deum
2488 4945 2720 5001 Verbum
2752 4945 3045 5009 accedesis,
3071 4961 3102 5000 ο
3133 4944 3448 5016 hydropice,
3482 4944 3532 4998 in
3559 4957 3683 4999 eum

497 5048 664 5119 Cujus
696 5057 973 5112 metuebat
999 5045 1162 5129 pedes
1191 5063 1432 5116 Adamus
1465 5071 1520 5118 et
1550 5061 1684 5130 Eva,
1719 5063 1785 5118 ad
1839 5063 2006 5120 meri-
2108 5041 2268 5142 fidem
2296 5036 2468 5142 adiice
2489 5045 2648 5142 3__"““
2677 5034 2824 5089 “um
2860 5037 2928 5142 d'e
2963 5045 3295 5142 νθηίξθοωο
3331 5035 3591 5142 ἀθηίξθηίς
3625 5044 3682 5088 ¹³ί

431 5142 569 5197 diem
601 5145 1000 5205 deambulanus
1031 5152 1084 5205 in
1120 5153 1277 5208 homo
1307 5154 1471 5222 Regis
1502 5155 1618 5220 Dei,
1656 5129 1800 5208 hunc
1831 5154 1999 5210 Maria
2110 5136 2342 5204 ipsemet
2370 5129 2648 5200 loquitur;
2679 5144 2780 5187 nec
2807 5130 2952 5185 enim
2991 5130 3236 5186 veritatis
3267 5145 3329 5185 os
3361 5129 3526 5185 verba
3556 5129 3688 5183 dare

432 5236 799 5304 amFlectitur,
865 5243 1064 5312 quibus
1128 5245 1244 5316 figit
1301 5247 1513 5310 oscula,
1573 5249 1691 5318 ejus
1743 5258 2003 5315 praeterea
2111 5230 2415 5282 consuevi"

431 5330 631 5386 tteriles
662 5347 946 5390 sermones
980 5337 1204 5394 auribus
1235 5339 1495 5395 immittit.

479 5419 556 5474 De
581 5421 758 5484 divite,
793 5425 944 5492 cujus
977 5444 1102 5496 ager
1136 5430 1429 5484 uberrima;
1468 5431 1646 5500 fruge;
1675 5434 1953 5501 afferebat,
2180 5429 2324 5483 luter
2369 5431 2639 5486 undarum
2692 5429 2886 5483 fluctus
2937 5428 3182 5497 sepultus
3229 5435 3312 5482 est
3363 5425 3554 5490 Jonas,
3591 5426 3689 5479 sed

503 5513 643 5578 Quid
673 5514 822 5571 istaec
856 5529 1104 5585 prosunt,
1166 5538 1198 5576 ι)
1235 5522 1468 5578 fortunis
1499 5523 1724 5580 affluens
1755 5537 1809 5580 et
1857 5543 2008 5581 men-

2116 5521 2440 5592 hydropicus
2472 5524 2523 5578 in
2553 5539 2651 5578 suo
2681 5533 2868 5578 ventre
2895 5523 3065 5575 undas
3092 5521 3338 5590 sepelivit
3375 5537 3390 5574 :
3425 5535 3488 5574 ac
3520 5518 3692 5588 primo

433 5605 504 5658 tis
535 5605 924 5675 inops?lletis
993 5616 1200 5682 amplas
1244 5626 1298 5671 et
1351 5617 1611 5673 fecundas
1672 5631 1903 5690 segetes,
1956 5630 2011 5676 et
2109 5619 2327 5688 quidem
2379 5619 2516 5671 Deus
2553 5616 2703 5670 Jonae
2755 5630 2953 5683 corpus
3011 5613 3220 5666 tumulo
3253 5628 3352 5666 suo
3385 5620 3687 5711 extracutm

434 5709 582 5751 t'aSta
609 5699 800 5756 condis
827 5701 1040 5768 horrea;
1075 5706 1194 5772 sed,
1232 5723 1263 5759 ο
1293 5708 1506 5774 stolide,
1537 5710 1801 5766 fabricare
1837 5712 2009 5782 potius
2112 5709 2350 5764 servavil
2376 5727 2389 5773 ;
2420 5709 2527 5774 iam
2558 5723 2688 5761 νθτο
2719 5707 3027 5774 δοθυ¹ο¹¹¹¹¹η
3065 5705 3240 5770 ipsum
3279 5712 3480 5770 50m”:
3534 5702 3693 5770 ³Ψ¹Ῐ⁵

433 5787 638 5840 ossium
681 5799 896 5845 tuorum
935 5798 1287 5850 sandauilam.
2114 5803 2401 5854 hmniciilis
2434 5803 2538 5851 vita
2572 5802 2883 5852 carentibus
2914 5799 3198 5854 extractis.

2766 5311 2829 5368 In
2860 5311 3018 5366 idem.
