4050 6392
327 379 456 448 1201

849 501 950 566 Εἰς
985 498 1090 552 τὸν
1122 498 1383 554 ἄσωτον.

321 591 435 660 Τὴν
461 590 559 661 σὴν
587 590 997 661 δαπανήσαντα,
1037 592 1242 662 Σῶτερ,
1277 593 1487 658 οὐσίαν,

323 681 438 734 Καὶ
470 682 1007 752 χοιροῦοσκήσαντα,
1035 683 1172 754 πλὴν
1207 685 1519 754 στρανρέντα
1561 702 1630 756 με

322 774 500 836 Φιλεῖς
528 774 806 839 ὑπαντῶν,
839 773 936 827 καὶ
967 777 1192 846 κρατεῖς
1223 776 1314 828 ὑπ’
1339 776 1612 844 ἀγκάλην.

325 866 391 918 Ὠ
425 865 718 937 σπλάγχνα
747 868 952 938 πατρός
981 869 994 922 l
1021 868 1105 929 τίς
1132 867 1346 938 φρονῶν
1381 869 1710 936 ἀπελπίσει;

897 962 1003 1026 Εἰς
1047 964 1112 1014 τὸ
1149 961 1318 1015 αὑτό.

322 1052 619 1123 Δεξιτερὴν
650 1052 914 1121 παλάμην
951 1068 1041 1122 μοι
1063 1051 1152 1102 ἐπ’
1181 1052 1393 1122 αὐχένι,
1421 1053 1636 1116 τέκνον,
1669 1055 1904 1126 ἀνάρτα,

327 1145 498 1208 Ἰζεο,
536 1145 628 1198 τδν
651 1143 941 1197 δακτύλιον
976 1143 1116 1212 ἀμφ’
1149 1143 1215 1197 ὲά
1245 1144 1487 1197 δάκτυλα
1536 1146 1758 1214 βάλλευ.

325 1235 522 1305 Δμῶες
549 1235 698 1307 ἐμοὶ,
733 1235 826 1287 τὸν
859 1235 1084 1307 ἄριστον
1125 1237 1332 1306 ξκρίοφι
1361 1235 1561 1290 θύσατε
1593 1237 1830 1308 μόσχον’

325 1326 540 1397 Νεκρὸς
576 1329 604 1381 ὁ
635 1329 762 1391 παῖς
787 1326 906 1380 ποτ’
945 1326 1041 1397 ἔην
1074 1328 1169 1382 καὶ
1201 1327 1490 1399 ἄμπνυτο·
1517 1329 1742 1400 χαίρετε
1770 1329 1906 1384 πάν-

1697 1417 1811 1489 [τες

525 1509 631 1576 Εἷς
659 1508 768 1562 τὸν
800 1509 1119 1575 πλούσιον,
1153 1509 1252 1563 καὶ
1285 1509 1396 1564 τὸν
1422 1509 1709 1579 Λάζαρον.

336 1602 402 1658 '0
427 1601 684 1665 πλούσιος
718 1600 848 1667 ζῶν,
875 1601 970 1654 καὶ
994 1601 1328 1672 τελευτήσας
1353 1602 1546 1674 πένης,

322 1694 433 1748 Τὸν
458 1693 638 1757 ζῶντα
665 1695 765 1765 μὲν
794 1695 1004 1764 πένητα
1036 1695 1199 1765 μέχρι
1227 1697 1326 1750 καὶ
1349 1696 1618 1767 τρύφους,

322 1785 570 1838 Θανόντα
598 1784 657 1836 δὲ
683 1784 960 1848 πλούσιον,
1001 1786 1248 1858 αἰτήσεις
1290 1785 1456 1856 ὕδωρ,

336 1874 480 1928 Ἀλλ’
508 1875 569 1928 οὐ
604 1873 810 1946 λάϐῃς·
843 1873 903 1926 τδ
931 1875 1121 1942 χάσμα
1148 1876 1245 1928 καὶ
1275 1876 1384 1948 γὰρ
1418 1877 1493 1940 ὡς
1533 1879 1699 1946 μέγα.

908 1965 1011 2029 Εἰς
1043 1963 1110 2018 τὸ
1139 1966 1307 2019 αὐτό.

322 2056 557 2110 Πλούσιε
579 2055 713 2126 τῷδε
736 2055 931 2124 πένητι
958 2057 1102 2109 δίδου
1138 2056 1375 2127 τρύφος’
1411 2057 1634 2109 ἔσσεται
1672 2052 1831 2126 ἦμαρ

333 2148 576 2202 Ὃππότε
600 2149 695 2201 κέν
731 2165 824 2218 μιν
851 2147 1036 2218 ἀρήσῃ
1063 2148 1218 2219 ὑγρῷ
1243 2150 1375 2219 περὶ
1398 2148 1576 2218 χεῖλος
1609 2147 1832 2216 ἀλεῖψαι

324 2241 546 2305 ’Υδατι,
577 2239 877 2308 καιομένην
905 2239 961 2293 δὲ
988 2241 1123 2311 πυρὶ
1143 2240 1500 2311 δροσίσασθαι
1526 2239 1805 2308 γλῶσσαν.

337 2331 503 2386 Ἀλλά
530 2333 556 2385 ἑ
585 2332 772 2402 χάσμα
802 2331 1051 2385 κολούσει
1079 2331 1370 2403 ὑπέρμεγα
1403 2332 1571 2401 ἐγγὺς
1597 2332 1834 2386 ἱκέσθαι.

661 2424 763 2489 Εις
803 2424 1078 2488 ίαθέντας
1101 2420 1250 2476 δέκα
1277 2423 1561 2492 λεπρούς.

337 2512 399 2567 '0
423 2513 772 2585 Σαμαρείτης
800 2514 1119 2583 εὐχαριστεῖ
1148 2513 1227 2584 τῷ
1255 2514 1443 2584 Λόγῳ,

340 2604 402 2658 '0
433 2604 801 2675 Σαμαρείτης,
827 2605 954 2669 τοὺς
979 2605 1035 2659 δὲ
1065 2604 1286 2669 λοιποὺς
1311 2608 1472 2661 ἐννέα

329 2696 493 2765 Δεινὴ
524 2697 783 2767 συνέσχεν
811 2697 1142 2768 ἀχαριστίας
1177 2697 1334 2763 νόσος
1354 2713 1368 2728 ⁸

334 2787 516 2844 Ὄλοιν
529 2806 582 2844 το
611 2791 797 2854 κακῶς
832 2791 926 2844 καὶ
950 2790 1286 2861 λεπρωθείεν
1320 2792 1508 2848 πάλιν.

853 2884 957 2949 Εις
990 2883 1082 2950 τὸ,
1103 2885 1368 2952 Χαίρετε.

329 2973 547 3032 Δώδεκα
573 2974 672 3044 μὲν
697 2975 956 3046 Χριστοῖο
983 2975 1238 3046 μαθητῶν
1268 2976 1447 3032 ἔπλετ’
1469 2980 1722 3052 ἀριθμὸς,

933 3134 1011 3190 De
1038 3135 1279 3204 prodigo.

399 3225 502 3291 Qui
536 3236 655 3281 luas
685 3225 970 3294 abligurivi
1002 3226 1308 3293 facultates,
1340 3245 1371 3284 ο
1401 3231 1670 3297 Salvator,
1691 3241 1745 3289 et
1777 3249 1903 3288 scn-

331 3333 425 3372 Sus
457 3334 608 3373 meos
637 3335 735 3372 ceu
765 3334 961 3388 porcos
994 3319 1136 3388 pavi,
1199 3323 1266 3376 ad
1298 3331 1348 3376 te
1379 3334 1558 3378 tamen
1600 3341 1904 3392 regressum

334 3414 544 3464 obviam
576 3428 900 3482 progressus
927 3417 1302 3484 amplecteris,
1339 3427 1392 3474 et
1427 3421 1530 3475 sub
1560 3421 1701 3478 ulnis
1731 3423 1904 3490 foves,

327 3501 372 3554 υ
404 3498 582 3558 Patris
613 3503 820 3558 viscera
847 3506 860 3557 ί
893 3505 1015 3573 quis
1042 3516 1301 3574 praeterea
1349 3524 1498 3579 spem
1532 3512 1804 3582 deponat?

995 3617 1064 3672 In
1096 3621 1254 3674 idem.

404 3709 657 3766 Dextram
688 3727 904 3767 manum
935 3714 1072 3768 meis
1123 3715 1432 3770 cervicibus
1476 3719 1756 3787 appende,
1808 3722 1907 3787 fili,

328 3801 658 3872 sede,inque
685 3803 878 3874 digitos
902 3805 1160 3859 annulum
1187 3806 1442 3862 immitte.
1479 3808 1625 3864 lleus
1656 3813 1670 3866 ι
1698 3811 1906 3880 famuli,

327 3903 602 3961 arreptum
638 3909 704 3950 ex
753 3897 964 3952 stabulo
1019 3897 1246 3953 vitulum
1299 3901 1551 3956 occidite.
1615 3902 1910 3962 Defunctus

333 3992 464 4040 ante
487 3985 631 4040 ﬁlius
654 3995 792 4052 erat,
831 4002 937 4054 quo
967 3988 1206 4043 redivivo
1232 4003 1419 4046 omnes
1443 3994 1727 4052 exsultate.

806 4077 884 4134 De
911 4080 1071 4134 divite
1103 4090 1153 4135 et
1186 4080 1425 4138 Lazaro.
1585 4072 1587 4075 l

397 4166 501 4235 Qui
525 4167 654 4223 dum
679 4169 888 4225 viveres
909 4185 1030 4226 eras
1047 4173 1219 4237 dives,
1235 4182 1290 4227 et
1315 4184 1434 4243 post
1454 4176 1658 4232 obitum
1684 4193 1908 4250 pauper,

325 4275 474 4326 eum,
505 4260 596 4331 qui
627 4261 756 4316 dum
789 4261 1016 4330 viveret,
1052 4265 1271 4332 itaerat
1303 4267 1477 4336 inops,
1511 4278 1570 4321 ut
1591 4284 1659 4324 ne
1696 4271 1906 4326 frustu-

327 4354 438 4406 lnm
466 4353 622 4420 panis
650 4352 894 4419 haberet,
931 4355 1024 4409 sed
1068 4353 1195 4409 dum
1268 4357 1403 4411 obiit
1453 4359 1910 4430 locupletissimus

328 4445 526 4509 evasit,
577 4459 777 4514 aquam
826 4445 1066 4513 rogabis,
1109 4446 1251 4500 haud
1310 4459 1686 4518 accepturus;
1746 4462 1906 4508 terrm

328 4537 527 4608 quippe
557 4537 738 4592 hiatus
767 4537 1160 4608 impedimento
1183 4546 1286 4605 est,
1318 4555 1387 4594 ne
1410 4541 1618 4597 audiat.

981 4626 1049 4682 In
1090 4628 1250 4684 idem.

394 4718 531 4776 lluic
546 4735 719 4792 egeno
739 4720 967 4776 frustum
998 4722 1158 4790 panis
1185 4736 1374 4791 eroga,
1395 4738 1428 4778 ο
1453 4723 1626 4792 dives;
1657 4727 1764 4782 erit
1785 4742 1907 4783 cum

328 4829 454 4872 eum
486 4813 798 4884 precaberis
825 4821 914 4866 tua
946 4813 1151 4867 circum
1182 4813 1322 4869 labia
1363 4816 1608 4871 humenti
1641 4831 1779 4888 aqua
1809 4821 1911 4874 illi-

327 4919 482 4969 nere,
507 4911 564 4958 et
588 4911 839 4958 exustam
864 4901 1098 4957 ﬂammis
1124 4904 1363 4973 linguam
1409 4906 1667 4977 irrigare;
1697 4910 1814 4974 sed,
1843 4911 1912 4966 ad

330 5010 386 5055 te
419 5011 490 5052 ne
517 4996 768 5067 proxime
817 4995 1065 5061 accedat,
1123 4996 1316 5067 ingens
1376 5007 1648 5056 terrarum
1706 5017 1910 5075 vorago

327 5089 664 5160 prohibebit.

582 5182 645 5237 In
676 5183 852 5237 decem
883 5183 1112 5252 leprosos
1140 5199 1173 5236 a
1195 5181 1404 5238 Christo
1434 5195 1676 5243 sanatos.

408 5273 633 5329 Gratias
658 5273 883 5328 Christo
920 5275 1170 5344 rependit
1221 5274 1625 5340 Samaritanus,
1665 5276 1911 5332 Samari-

327 5377 488 5422 tanus
518 5365 769 5432 tantum],
815 5374 1042 5420 caeteros
1068 5381 1196 5421 vero
1247 5381 1440 5422 novem
1488 5369 1687 5438 ingrati
1742 5372 1913 5426 animi

328 5459 551 5513 morbus
596 5457 896 5514 incessivit.
959 5457 1276 5529 Dispeream
1303 5461 1532 5529 utinam,
1578 5477 1640 5518 ac
1697 5479 1911 5520 rursum

325 5553 474 5621 lepra
509 5551 913 5608 suffundantur.

980 5635 1049 5692 In
1077 5637 1236 5692 idem.

397 5731 774 5790 Duodenarius
820 5738 942 5787 erat
983 5731 1372 5801 discipulorum
1445 5747 1724 5802 numerus,
1769 5751 1905 5806 quo-

326 5842 452 5884 rum
487 5826 815 5882 deterrimus
847 5840 987 5880 unus
1025 5825 1284 5882 Iscariota
1323 5826 1513 5894 periit;
1560 5828 1716 5885 denis
1786 5846 1911 5887 vero

1170 381 1698 442 TE'I‘RASTI'CHA
1740 381 1819 441 ΙΝ
1865 381 2128 442 NOVUM
2167 379 2764 442 TESTAMENTUM.

1938 499 1984 554 A
2013 497 2104 562 Εἷς
2128 498 2173 552 δ’
2204 499 2310 572 ἄρα
2341 498 2449 551 τῶν
2476 497 2692 562 ὲξώλετ⁹
2723 495 3015 565 ἀϐέλτερος
3052 491 3408 563 Ἰσκαριώτης
3432 509 3445 521 ’

1934 4538 1986 4598 D

3447 375 3600 438 1202

2012 592 2267 662 Λεπροὺς
2292 592 2337 644 δ’
2363 589 2493 646 αὖτε
2524 592 2656 644 δέκα
2688 588 2927 660 Χριστοῦ
2953 587 3112 659 χέρες
3153 587 3398 657 ἱήσαντο,

2016 681 2110 748 Εἷς
2141 685 2190 737 δί
2221 686 2270 737 oi
2296 683 2426 737 αὖτε
2450 682 2738 754 προσῆλθ’,
2771 684 2819 734 οἱ
2842 681 2888 733 δ’
2911 681 3072 734 ὲννέα
3102 678 3302 741 πάντες
3323 678 3588 731 ἀπέσταν.

2166 780 2270 844 Εἰς
2299 778 2409 832 τὸν
2436 777 2832 846 φαρισσαῖον,
2879 773 2976 828 καί
3005 772 3116 827 τὸν
3153 771 3447 840 τελώνην.

2014 871 2078 923 Ὢ
2104 870 2295 941 χρῆμα
2332 869 2530 922 σεπτὸν
2561 858 2869 937 πανσθενὴς
2893 864 3218 932 ταπεινότης
3241 865 3255 918 l

2013 965 2086 1016 Σὺ
2120 964 2211 1016 καὶ
2245 962 2382 1032 μόνη
2413 960 2668 1033 παροῦσα
2695 960 2890 1024 σώζειν
2923 959 3155 1030 ίσχύεις,

2012 1057 2122 1110 Καὶ
2154 1057 2230 1126 μὴ
2263 1055 2516 1126 παροῦσα
2556 1055 2721 1108 πάλιν
2749 1053 2962 1117 ὀλλύεις
2989 1054 3127 1123 μόνη
3148 1069 3164 1085 ο

2012 1145 2094 1203 Τά
2130 1147 2230 1201 τοῦ
2265 1147 2498 1200 τελώνου
2535 1148 2624 1201 καὶ
2649 1145 2980 1220 Φαρισσαίου
3005 1145 3170 1212 λέγω.

2600 1238 2702 1304 Είς
2737 1238 2802 1291 τὸ
2835 1237 3007 1290 αὐτό.

2016 1333 2213 1403 ’Δνδρε
2249 1332 2343 1386 δύο
2367 1331 2528 1402 προτὶ
2561 1332 2729 1400 σηκὸν
2752 1330 3043 1398 ἀμείϐετον
3077 1327 3225 1398 ἴχνια
3249 1325 3467 1396 ταρσῶν
3485 1336 3503 1354 ⁸

2009 1427 2106 1480 Χὼ
2139 1425 2240 1495 μὲν
2274 1423 2372 1494 ἔην
2402 1425 2664 1492 ἀρετῇσιν
2700 1419 2787 1473 ἐπ’
2816 1419 3028 1488 ὀφρύας
3065 1416 3221 1487 occsa”
3251 1415 3475 1484 ἀείρων,

2010 1519 2197 1588 Αὐτὰρ
2221 1516 2304 1584 ὅγ’
2334 1514 2680 1585 ἀμπλακίῃσι
2709 1512 2853 1566 κατὰ
2885 1510 3074 1582 χοονδς
3101 1509 3331 1580 ὄμματα
3354 1506 3519 1574 πῆγε’

2012 1611 2122 1666 Καί
2155 1608 2204 1680 ῤ’
2230 1611 2258 1663 ὁ
2285 1609 2455 1672 κακὸς
2479 1608 2707 1676 νόστησε
2734 1605 3074 1673 δικαιότερος
3097 1604 3192 1655 καὶ
3224 1599 3449 1671 ἀρείων.

2495 1699 2600 1764 Εἰς
2632 1697 2739 1752 τὸν
2765 1700 2888 1750 Ζακ
2893 1696 3088 1764 χαῖον.

2013 1795 2253 1863 Ζακχαῖε
2286 1791 2472 1862 μικρὲ,
2513 1775 2813 1861 μικρὸςῶν
2843 1789 2905 1842 τὸ
2940 1785 3190 1856 σαρκίον,

1936 1859 1979 1915 Β
2019 1859 2254 1957 ’Υψηλὸς
2283 1859 2331 1937 εἳ
2355 1859 2416 1938 τὸ
2451 1859 2671 1953 πνεῦμα
2697 1881 2793 1936 καὶ
2816 1879 3016 1950 κέδρου
3037 1877 3231 1930 πλέον·

2011 1977 2239 2031 Ἀνελθε
2268 1975 2451 2031 λοιπὸν
2477 1975 2576 2044 τὴν
2602 1975 2773 2043 συκῆν
2798 1972 2962 2042 τάχος
2993 1970 3182 2039 τάχος,

2008 2071 2120 2142 Τὴν
2147 2068 2394 2140 ἄμπελον
2426 2069 2483 2123 δὲ
2512 2068 2611 2140 τὴν
2646 2065 2908 2137 ἀληθινὴν
2931 2062 3116 2134 βλέπε.

2595 2159 2791 2224 Ειςτὸ
2839 2157 3008 2211 αὑτό.

2009 2253 2076 2308 El
2099 2270 2180 2306 σοι
2201 2253 2282 2306 ὲνὶ
2307 2251 2571 2322 στήθεσφι
2603 2249 2768 2313 πόθος
2798 2247 2930 2300 πέσε
2961 2245 3198 2317 Χριστὸν
3229 2245 3460 2306 ἰδέσθαι.

2022 2345 2368 2417 Ἀμπλακίης
2389 2342 2730 2411 πολύφυλλον
2753 2339 3027 2410 ὑπέρϐαθι
3061 2338 3442 2408 συκομοραίην
3470 2353 3483 2366 ·

2021 2439 2111 2492 Ἐν
2137 2436 2290 2509 χθονὶ
2311 2436 2419 2506 γὰρ
2442 2432 2727 2503 στείχοντα
2757 2430 3042 2504 ἀμήχανόν
3069 2430 3219 2481 ἐστιν
3251 2428 3473 2482 ἰδέσθαι,

2010 2526 2164 2594 Εἶδος
2194 2527 2490 2598 θειότερον,
2517 2523 2937 2593 κεκαλυμμένον
2963 2523 3088 2592 ὴὲρι
3117 2519 3308 2589 πολλῇ.

2279 2623 2384 2686 Εἰς
2417 2621 2531 2686 τὴν
2577 2606 2896 2681 ἐξαίτησιν
2919 2614 3027 2667 τοῦ
3063 2609 3322 2668 Σατανᾶ.

2011 2717 2214 2781 Δίτεῖς,
2247 2713 2488 2775 Σατανᾶ,
2519 2707 2783 2772 σινιάζειν
2817 2708 2910 2761 τὸν
2935 2708 3144 2776 Πέτρον

2020 2812 2110 2873 Ὦς
2140 2810 2285 2861 σῖτον
2310 2823 2326 2872 ;
2362 2803 2529 2870 Αίτῶ,
2559 2801 2730 2872 φησίν
2757 2817 2769 2832 ’
2803 2796 2902 2853 εἶτ’
2936 2799 3038 2851 οὐκ
3068 2798 3302 2870 αἰσχύνῃ
3323 2837 3340 2864 ,

2011 2900 2175 2972 Κακὴ
2206 2897 2447 2968 κεφαλὴ,
2476 2897 2566 2949 τὸν
2585 2895 2641 2949 δὲ
2666 2893 2872 2963 Πέτρον
2894 2893 2956 2945 οὐ
2981 2891 3208 2960 τρέμεις
3237 2929 3254 2956 ,

2010 2993 2104 3062 Μὴ
2137 2990 2418 3059 σινιασθῇς
2451 2985 2655 3057 μᾶλλον
2690 2985 2724 3055 ἢ
2768 2984 3054 3054 σινιάσηξς

2013 3149 2244 3221 leprosis
2300 3162 2496 3202 manus
2549 3144 2752 3201 Christi
2807 3144 3092 3198 medicata:
3138 3150 3310 3208 sunt,
3360 3157 3594 3211 quorum

2016 3225 2566 3312 unusigratulaturus
2592 3237 2847 3302 accessit,
2877 3236 3092 3291 caeteris
3116 3235 3372 3291 omnibus
3405 3235 3600 3287 absce-

2011 3335 2282 3391 dentibus.

2371 3425 2444 3480 De
2491 3425 2767 3480 Pharis-(ra
2803 3434 2850 3479 et
2885 3424 3200 3478 l’ublicano.

2088 3519 2134 3575 0
2166 3533 2253 3573 res
2298 3531 2558 3587 perquam
2613 3517 2869 3584 pretiosa,
2927 3513 3224 3569 fortissima
3269 3510 3592 3566 humilitas!

2016 3613 2154 3667 inte
2183 3610 2267 3665 vel
2308 3609 2420 3663 sola
2461 3617 2749 3678 praesente,
2795 3607 3002 3662 servari
3050 3620 3211 3676 posse
3259 3605 3422 3659 situm
3473 3611 3598 3664 est;

2014 3719 2248 3772 cumque
2278 3701 2362 3756 vel
2388 3703 2540 3766 abes,
2611 3699 2728 3755 sola
2765 3699 2992 3768 perdere
3024 3707 3180 3769 potes
3209 3714 3224 3752 :
3267 3696 3319 3751 id
3348 3693 3494 3766 quod
3532 3709 3600 3747 ex

2011 3794 2081 3850 iis
2120 3792 2404 3863 intelligo,
2479 3805 2600 3860 quae
2649 3789 2937 3845 Pharisaeo'
2981 3799 3036 3844 et
3086 3788 3375 3860 publicano
3420 3785 3600 3843 conti-

2012 3893 2226 3958 gerunt.

2667 3974 2733 4029 In
2769 3975 2928 4029 idem.

2091 4069 2204 4125 Duo
2230 4067 2330 4122 viri
2356 4067 2554 4144 pedum
2581 4063 2950 4136 glomerantes
2982 4065 3208 4132 vestigia
3251 4064 3304 4117 in
3331 4061 3596 4129 templum

2014 4170 2076 4212 se
2121 4154 2512 4216 conferebant;
2539 4166 2774 4220 quorum
2814 4149 2986 4204 altero
3035 4164 3148 4219 prce
3193 4147 3485 4202 virtutibus
3531 4145 3591 4199 in

2017 4245 2216 4301 ctelum
2240 4243 2531 4313 supercilia
2557 4242 2802 4308 tellente,
2835 4240 2971 4298 alter
3029 4241 3098 4295 ob
3137 4239 3373 4310 piacula,
3409 4237 3600 4292 oculos

2013 4337 2162 4393 humi
2189 4337 2484 4408 deligabat;
2506 4335 2708 4406 quique
2736 4332 2912 4388 malus
2929 4341 3172 4399 venerat,
3195 4331 3388 4387 melior
3414 4345 3478 4385 ac
3511 4329 3600 4399 ju-

2013 4429 2152 4485 stior
2185 4441 2464 4498 regressus
2491 4437 2602 4482 est.

2623 4517 2702 4573 De
2751 4516 3000 4574 Zachazo.

2016 4635 2027 4669 ;
2085 4611 2290 4668 Pusille
2304 4611 2556 4675 Zacltaee,
2587 4623 2817 4679 corpore
2843 4609 3064 4679 quidem
3093 4608 3299 4672 brevis,
3325 4607 3418 4662 sed
3449 4605 3606 4674 cujus

2017 4700 2103 4754 vel
2130 4702 2293 4755 cedro
2321 4698 2607 4755 sublimior
2631 4708 2715 4753 est
2743 4702 2979 4761 animus,
3003 4699 3238 4754 ascende
3263 4712 3422 4766 quam
3452 4696 3602 4750 citis-

2019 4792 2155 4846 sime
2205 4798 2359 4861 potes
2409 4805 2780 4859 sycomorum,
2816 4789 3123 4856 Christum,
3146 4790 3256 4861 _qui
3296 4803 3424 4844 vera
3472 4788 3602 4841 vitis

2018 4893 2122 4950 est,
2152 4892 2520 4954 spectaturus.

2683 4988 2749 5043 In
2779 4989 2941 5045 idem.

2092 5081 2147 5135 Si
2177 5080 2272 5136 tibi
2297 5081 2350 5135 in
2384 5089 2620 5136 mentem
2646 5082 2850 5138 Christi
2875 5079 3092 5138 videndi
3123 5078 3326 5150 cupido
3359 5078 3600 5142 venerit,

2021 5171 2340 5226 umbrosam
2375 5172 2734 5242 malignitatis
2757 5187 3108 5243 sycomorum
3163 5168 3597 5242 supergredere;

2019 5278 2123 5323 nec
2148 5264 2292 5319 enim
2321 5263 2390 5325 ei,
2417 5267 2506 5334 qui
2536 5280 2632 5334 per
2660 5276 2858 5320 terram
2888 5266 3155 5334 graditur,
3189 5265 3348 5319 datur
3378 5278 3602 5319 cernere

2021 5353 2258 5409 divinam
2286 5353 2504 5420 faciem,
2533 5357 2700 5410 multa
2745 5356 2976 5426 caligine
3003 5355 3411 5412 circumfusam.

2486 5463 2564 5518 De
2597 5463 2816 5518 Satanae
2862 5464 3146 5534 postulato.

2093 5555 2257 5618 Petis,
2289 5555 2483 5624 Satan,
2503 5557 2721 5611 Petrum
2743 5558 3007 5626 cribrare,
3040 5573 3138 5614 ceu
3167 5559 3434 5614 triticum?
3451 5558 3600 5623 Peto,

2022 5649 2266 5718 inquam.
2314 5648 2508 5706 Annon
2557 5665 2688 5706 vero
2721 5661 2772 5706 te
2801 5655 2967 5721 pudet
2999 5653 3347 5708 deterrimum
3389 5654 3599 5722 caput?

2022 5755 2122 5795 nec
2142 5740 2360 5794 Petrum
2384 5741 2560 5811 ipsum
2585 5741 2952 5813 formidas,ne
2983 5757 3037 5804 tu
3067 5755 3118 5803 te
3145 5746 3381 5803 cribrcre
3399 5746 3602 5813 potius,

2022 5846 2184 5902 quam
2216 5845 2338 5886 eum
2372 5833 2624 5890 cribrcs?
