4050 6406
436 369 576 432 19.03
1639 375 2034 436 THEODORI
2078 379 2486 441 l’RODROMI
2984 384 2994 395 '
3509 386 3514 390 ’
3559 374 3697 440 Ῑζο4

1026 480 1128 549 Εἰς
1161 484 1226 536 τὸ
1261 484 1428 536 αὑτό·
2043 490 2092 548 Α
2125 491 2221 553 Ὃς
2258 491 2355 558 μὲν
2390 491 2585 544 ἄνακτι
2610 487 2770 557 Λόγῳ
2802 486 3094 557 παροῒνεεν
3118 484 3326 553 ἄφρονα
3355 486 3552 556 ῥέζων,

435 576 625 638 Τίπτε,
659 571 835 626 Σατάν
879 575 1175 644 κακοεργὲ.
1206 573 1408 646 λυγρὸν
1443 575 1573 646 περὶ
1610 578 1754 638 σῖνος
1789 575 2014 639 ὀπάζειν
2127 584 2220 646 ’ος
2254 582 2308 635 δέ
2340 600 2430 652 μιν
2451 582 2515 634 ὲκ
2551 581 2805 650 σταυροῖο
2829 577 3098 642 λιτάζετο,
3129 577 3337 630 Μνώεο
3375 579 3624 645 φάσκων.

435 669 626 738 Πέτρῳ
650 665 975 736 ἀμφαφάᾳς,
995 667 1105 720 ὦστ
1148 668 1364 739 ὄρνιχες
1387 668 1427 738 'i'
1452 670 1793 739 ἡεριφοῖται-
2337 675 2440 739 Εἰς
2469 673 2538 725 τὸ
2567 671 2719 726 κατὰ
2746 672 3045 734 (medetur,
3094 670 3193 723 καί
3223 668 3478 725 Λουκᾶι·.

433 758 586 810 Σίτον
617 755 984 828 ὲδηλήσαντος
1023 758 1079 810 σὲ
1107 760 1216 826 μὲν
1251 759 1416 812 πλέον
1439 751 1595 823 οὗτος
1630 760 1802 826 ἄγαγε
2125 765 2332 827 Ἐκλας
2364 766 2454 817 τὸν
2481 764 2646 833 ἄρτον
2674 763 2770 816 καὶ
2805 762 2910 832 πρὸ
2937 760 3033 814 τοῦ
3065 761 3298 824 πάθους,
3323 761 3487 828 Λόγε,

434 849 586 912 Σῖνος
613 850 674 911 ἐς
702 849 993 918 ἀργαλέον,
1016 851 1171 902 τόθεν
1216 850 1372 903 οὔπω
1399 850 1558 920 φύξις
1590 851 1820 903 ὲσεῖται.
2121 857 2274 926 ius;
2305 857 2398 908 καὶ
2417 855 2578 908 πάλιν
2613 855 2704 908 τὸν
2738 854 2905 924 ἄρτον
2940 852 3306 922 ὲξηγερμένος
3327 868 3342 884 ·

738 943 782 994 Ε
790 943 841 1008 ίς
872 943 979 996 τὸν
1011 942 1403 998 δικαιωθέντα
1441 941 1701 1011 λῃστήν.
2133 949 2280 1000 Ἐκεῖ
2299 947 2525 1000 σεαυτὸν
2558 946 2868 1018 ἱερούργεις
2893 948 2959 1017 τῇ
3005 944 3223 1007 κλάσει,

431 1031 714 1103 Μακάριοι
741 1032 840 1102 μὲν
871 1034 964 1085 καὶ
983 1034 1286 1104 παλαισμοὶ
1315 1034 1628 1107 μαρτύρων,
2133 1040 2399 1095 Ἐνταῦθα
2432 1041 2629 1092 σαυτὸν
2653 1037 2974 1109 ἐμφανίζεις
2991 1039 3106 1100 τοῖς
3141 1036 3340 1106 φίλοις.

432 1124 713 1193 Μακάριοι
739 1124 798 1179 δὲ
826 1129 922 1178 καὶ
956 1127 1308 1196 μονοτρόπων
1333 1129 1508 1191 πόνοι,
2694 1133 2797 1195 Εἰς
2825 1129 2893 1182 τὸ
2935 1129 3106 1183 αὐτό.

433 1217 713 1282 Σώξοντες
737 1216 933 1282 αύτούς
952 1235 967 1250 ο
1001 1219 1138 1274 ἀλλὰ
1157 1220 1218 1273 τὸ
1249 1221 1567 1288 Μνήσθητί
1598 1237 1737 1288 μου,
2121 1220 2216 1284 Τίς
2251 1221 2372 1274 ποθ’
2393 1220 2421 1274 ὃ
2441 1219 2557 1286 νῦν,
2580 1219 2804 1273 Κλεόπα
2830 1217 3138 1286 φιλαίτατε,
3159 1217 3388 1271 ἔκλασεν
3410 1219 3594 1288 ἄρτον,

430 1301 504 1360 '0
530 1309 688 1362 πιστὲ
723 1309 919 1379 λῃστά,
963 1311 1230 1382 σύντομος
1265 1313 1535 1381 σωτηρία.
2131 1311 2336 1377 Ἀγνὼς
2362 1311 2542 1382 ἄμμιν
2573 1312 2752 1382 avi”);
2787 1310 2844 1363 ’0
2885 1308 3232 1372 διδάσκαλος.
3258 1305 3336 1362 Ἥ
3371 1313 3420 1380 ῤ’
3446 1313 3540 1378 ὅγε
3573 1314 3614 1364 Χ
3625 1330 3706 1383 ρι-

1029 1405 1134 1468 Εις
1159 1402 1226 1456 τὸ
1261 1405 1429 1456 αὐτό.
3441 1403 3587 1473 [στάς
3610 1421 3625 1469 ;

435 1494 608 1557 Δοιοῖς
642 1493 989 1565 ἀνδροφόνοις
1015 1493 1296 1564 ἐπιτίμιον
1320 1488 1438 1548 ἴσον
1463 1495 1665 1567 ἐτύχθη
2118 1487 2195 1546 ἿΙ
2226 1492 2332 1563 μάν
2365 1493 2503 1546 ἀλλά
2538 1491 2566 1546 ὲ
2585 1491 2776 1562 δέρκες
2803 1507 2817 1557 ;
2852 1493 2972 1544 ἐπεὶ
3001 1491 3134 1561 ἐμὸν
3167 1491 3406 1560 ἔκφυγεν
3431 1487 3576 1557 ὦπα,

439 1580 699 1650 Σταυρδς,
731 1583 1028 1652 ἀνισοτάτη
1051 1582 1106 1636 δὲ
1141 1584 1460 1654 προαίρεσις
1492 1585 1686 1640 ἔπλετο
1713 1590 1880 1642 τοῖσιν
1904 1606 1916 1619 ο
2120 1584 2232 1654 Οὐχ
2255 1583 2415 1654 ὁρόω.
2456 1583 2757 1654 Προμόλει,
2788 1582 2962 1652 φίλοις
2981 1582 3038 1635 δέ
3069 1599 3130 1636 τε
3174 1582 3346 1636 ταῦτα
3392 1584 3667 1656 λαλῶμεν.

1094 1736 1160 1791 In
1193 1739 1350 1792 idem.
2121 1743 2341 1811 quidem
2385 1742 2750 1811 petulantiora
2801 1742 2852 1796 in
2905 1741 3184 1796 Christum
3227 1755 3409 1812 regem
3460 1745 3701 1797 convitia

501 1824 762 1891 Curnam,
809 1828 1074 1882 malorum
1124 1830 1424 1885 architecte
1479 1831 1678 1885 Satana
1713 1876 1729 1900 ,
1790 1833 2010 1888 feralem
2047 1850 2088 1905 Β
2129 1833 2538 1898 deblaterabat;
2578 1835 2667 1889 ille
2700 1850 2827 1889 vero
2853 1835 2916 1888 de
2941 1833 3374 1904 cruce’pendens
3399 1837 3708 1906 interpella-

435 1915 640 1972 inferre
669 1920 963 1987 perniciem
997 1921 1160 1976 Petro
1195 1922 1426 1988 moliris,
1462 1938 1696 1994 eumque
1746 1927 1970 1994 perdere
1993 1969 2008 1993 ,
2118 1927 2229 1992 bat,
2261 1925 2519 1980 Memento
2547 1926 2820 1995 inquiens.

435 2024 553 2071 ceu,
579 2023 697 2078 quae
725 2024 850 2065 aera
882 2010 1253 2081 frequentant,
1296 2015 1546 2069 volucres
1594 2013 1863 2072 frumenta
1913 2033 2011 2087 po-
2329 2011 2394 2066 In
2427 2015 2478 2065 id
2530 2014 2668 2084 quod
2699 2013 2853 2069 Lacte
2890 2025 2938 2069 et
2987 2014 3230 2080 CleOpha’
3269 2013 3486 2069 accidit.

433 2100 938 2165 pulantur?videsis
960 2121 1027 2160 ne
1057 2113 1109 2159 te
1139 2107 1352 2173 quidem
1372 2108 1572 2163 certius
1596 2109 1839 2162 intrudat
1887 2111 2016 2164 hor-
2197 2099 2375 2155 pridie
2403 2103 2679 2170 passionis
2733 2112 2836 2158 tua:
2874 2118 3068 2174 panem
3097 2103 3334 2173 fregisti,
3371 2119 3403 2157 0
3441 2102 3702 2171 Verbum,

437 2189 635 2245 rendas
668 2190 721 2244 in
746 2192 1026 2259 miserias,
1055 2196 1199 2251 unde
1229 2196 1432 2250 nullum
1461 2207 1644 2266 pateat
1675 2197 1976 2266 aufugium,
2119 2199 2174 2242 et
2224 2202 2510 2246 revocatus
2547 2207 2576 2244 a
2613 2193 2846 2248 mortuis
2891 2193 3133 2248 secundo
3192 2209 3387 2262 panem
3443 2191 3657 2263 fregisti
3684 2212 3701 2259 ;

884 2285 964 2340 De
999 2287 1206 2342 ιαινοηε
1228 2287 1549 2358 justi/imm.
2121 2277 2194 2333 ibi
2221 2292 2317 2347 per
2347 2278 2666 2336 fractiouem
2695 2281 2800 2338 Deo
2827 2292 2878 2338 te
2903 2299 3120 2339 sacrum
3149 2283 3384 2351 feceras,
3407 2282 3494 2339 hic
3525 2295 3574 2338 te
3597 2287 3706 2340 tuis

502 2373 800 2448 Martyrum
829 2379 989 2435 lucta:
1012 2382 1284 2450 perbeatae
1329 2393 1491 2448 sunt;
1523 2384 1792 2438 suntitem
1818 2385 2018 2442 felicis-

1329 2393 1491 2448 sum;
1523 2384 1792 2438 sumne",
1818 2385 2018 2442 felicis-
2123 2370 2315 2427 amicis
2347 2371 2689 2430 manifestum
2728 2374 2884 2430 facis.
2913 2425 2921 2435 .

434 2463 558 2519 simi
612 2469 988 2526 confessorum
1039 2471 1295 2538 labores,
1353 2473 1550 2542 quibus
1608 2473 1840 2529 salutem
1885 2484 2015 2530 sunt
2780 2466 2846 2520 1η
2877 2467 3013 2522 idem

435 2559 706 2625 assecuti;
759 2561 854 2616 sed
885 2577 1046 2618 unum
1080 2563 1340 2618 Memento
1369 2564 1490 2630 mei,
1523 2565 1658 2618 latro
1686 2564 2019 2634 fidelissime,
2199 2555 2329 2622 Quis
2371 2559 2586 2612 tandem
2631 2557 2740 2625 ille,
2775 2559 2866 2628 qui
2904 2573 3048 2614 nunc
3079 2573 3270 2628 panem
3295 2555 3478 2630 fregit,
3528 2559 3705 2614 amice

435 2647 533 2704 tibi
563 2653 964 2720 compendiaria
995 2653 1096 2710 fuit
1123 2655 1190 2708 ad
1220 2656 1449 2711 salutem
1477 2656 1586 2709 via.
2118 2646 2374 2718 Cleopha.
2401 2651 2480 2703 vir
2511 2650 2664 2706 nobis
2699 2651 2954 2720 ignotus?
2982 2649 3258 2721 Magister.
3286 2651 3431 2706 Itane
3450 2652 3702 2707 Christus

1103 2746 1168 2802 In
1192 2748 1348 2802 idem.
2119 2740 2280 2812 ipse?
2317 2745 2468 2799 Anne
2499 2759 2621 2799 eum
2667 2743 3071 2814 cognoscebas?
3107 2746 3249 2816 quod
3293 2745 3701 2800 obtencbratam

510 2831 726 2889 Duobus
788 2835 1077 2893 homicidis
1130 2839 1355 2909 aequalis
1409 2838 1752 2910 inﬂigebatur
1812 2852 2011 2910 pugna,
2120 2833 2402 2889 oculorum
2449 2834 2622 2891 aciem
2648 2835 3101 2906 subterfugiebat,
3132 2849 3238 2889 non
3271 2835 3518 2905 cognovi.
3551 2831 3699 2888 Heus

435 2936 604 2993 crux;
631 2926 726 2982 sed
759 2943 866 2983 non
912 2944 1010 2996 par
1066 2935 1350 3000 utriusque
1400 2929 1501 2986 fuit
1551 2933 1820 2987 sententia
1857 2950 1872 2985 ς
1926 2933 2014 2987 hic
2123 2920 2342 2994 festina,
2381 2926 2721 2982 cbarissimis
2761 2928 2874 2981 haec
2911 2923 3190 2995 discipulis
3219 2927 3614 2980 renuutiemus.

1784 3478 2360 3567 JOANNES.

707 3727 819 3792 Ἐἰς
861 3727 952 3792 τό,
1011 3727 1106 3780 Ἐν
1133 3727 1293 3796 ἀρχῇ
1323 3723 1402 3798 ἦν
1435 3731 1466 3781 ὁ
1498 3730 1709 3797 Λόγος.
2042 3736 2090 3798 c
2511 3733 2615 3795 Εἰς
2647 3731 2755 3784 τὸν
2789 3731 2859 3784 ἐν
2891 3727 3061 3784 Κανᾶ
3087 3727 3305 3798 γάμον.

435 3817 646 3915 Bg???“
675 3818 807 3915 ξένη
831 3819 1034 3915 κτιδπεῖ
1062 3833 1164 3915 ⁸ξεῖ
1193 3820 1330 3915 (Ῠεῦε
1365 3819 1449 3915 τίς
1478 3821 1506 3874 δ
1533 3820 1736 3880 κτύπος
1761 3836 1774 3882 ἶ
2125 3843 2218 3896 Ἐκ
2248 3843 2523 3913 παρθένου
2559 3844 2854 3915 προῆλθες,
2875 3844 3130 3914 ἐνδημεῖς
3165 3844 3329 3912 γάμῳ
3351 3857 3364 3872 ⁸

429 3911 617 4007 ξιηξὲν
640 3911 966 4007 τεξοηεῆῇςᾎὸ
995 3912 1288 4007 Ζεβεδαίου
1315 3913 1543 4007 γράφει·
1643 4005 1652 4007 Α
2115 3911 2460 4003 Ἀμφωήγὰρ
2483 3937 2541 3987 ὲν
2569 3911 2914 4007 σοὶξΣῶτερ,
2961 3911 3334 4004 ε’ύλογημένα,

429 4005 638 4098 Γ-ράφξι
666 4003 815 4098 *δὲῄξί
842 4020 856 4070 i
881 4005 1184 4098 ni’éfu‘i’w
1211 4005 1393 4098 αῧῗδςν
1428 4006 1522 4058 καὶ
1556 4005 1715 4075 μάθε·
2112 4026 2223 4079 Καὶ
2250 4027 2691 4098 θαυματουργεῖς
2725 4003 2912 4098 θαῦμα
2940 4027 3016 4097 τῷ
3049 4003 3224 4095 καιρῷ
3249 4024 3484 4095 πρέπον,

432 4094 496 4144 Ὦ
523 4093 644 4156 νοῦς
665 4095 678 4146 ἶ
731 4096 834 4148 Ἐν
860 4093 1021 4165 ἀρχῇ
1047 4112 1214 4188 φησιν
1254 4097 1360 4150 τὸν
1391 4098 1605 4165 Λόῒυνο
2111 4116 2278 4170 Φύσιν
2307 4093 2753 4188 τρέπωνῡύδατος
2777 4093 2856 4183 εἰς
2875 4093 3025 4173 οἴνου
3063 4093 3248 4188 φύσιν.

1019 4187 1126 4253 Εἷς
1151 4188 1218 4241 τὸ
1249 4189 1421 4242 αὐτό.

433 4277 754 4347 Πνεύματος
777 4277 834 4345 ἐξ
859 4279 1017 4346 ἁγίου
1044 4279 1222 4333 κλύων
1255 4281 1451 4344 κλυτὸς
1488 4281 1764 4352 Ἰωάννης,
2696 4261 2802 4325 Et?
2842 4259 2910 4312 τὸ
2953 4259 3126 4313 αὐτόο

432 4369 610 4422 Ὀσσα
658 4370 926 4425 κλύεσκεν
979 4373 1115 4440 ἐφα’
1163 4375 1432 4445 πρόχορος
1481 4373 1519 4443 ἰ-
1574 4373 1620 4424 δ’
1665 4365 1767 4428 ἀνὰ
1828 4373 2009 4427 δέλτον
2115 4372 2379 4442 Οἰνοχόοι,
2409 4372 2662 4442 φορέοιτε
2703 4370 2870 4424 καλὸν
2900 4368 3069 4432 δέπας
3093 4369 3532 4440 ἀμφικύπελλον,

1389 4534 1397 4541 _
1717 4467 1940 4540 [ἐλύξας
2114 4463 2290 4517 Καδδὲ
2331 4465 2464 4535 μέθυ
2493 4464 2766 4534 γλυκάζον
2793 4464 3090 4531 άφύσσετε·
3125 4463 3294 4529 ἐγγὺς
3323 4463 3351 4513 ὁ
3396 4462 3554 4526 πίθος

431 4557 804 4629 Μελιγράφοις
827 4558 1145 4613 δονάκεσσιν
1191 4560 1439 4613 Ἰωάννου
1471 4563 1652 4631 γράφε
1678 4563 1860 4630 φωνάς
1885 4577 1902 4593 ο
2119 4558 2399 4628 Ι’Λμιπελον
2429 4559 2575 4627 ἄμμι
2603 4557 2837 4627 φύτευσε
2873 4557 3010 4610 Θεοῦ
3053 4558 3225 4623 Λόγος
3249 4556 3638 4627 οἰνοδότειραν,

431 4645 540 4702 Ἦν
563 4651 590 4702 6
623 4650 782 4718 λόγος
808 4652 917 4720 γάρ
954 4653 1012 4704 ὲν
1051 4653 1220 4722 ἀρχῇ,
1249 4653 1528 4722 ἐγήρυσεν
1557 4656 1583 4706 6
1616 4652 1928 4708 Ζεϐεδαίου.
2119 4649 2403 4719 ’Ἄμπελον
2429 4650 2773 4720 αὐτομάτην,
2803 4649 3027 4719 σχεδίην
3067 4648 3114 4700 δ’
3143 4648 3450 4718 ἐδομήσατο
3475 4647 3658 4718 ληνόν.

714 4809 776 4864 1η
809 4812 864 4864 id
899 4829 916 4866 :
949 4813 1016 4866 lu
1048 4815 1305 4883 principio
1335 4826 1446 4868 erat
1491 4815 1732 4869 Verbum.
2473 4805 2550 4861 De
2583 4805 2782 4869 nuptiis
2815 4805 2869 4859 in
2901 4804 3051 4859 Cana
3083 4800 3345 4858 Galilwaz.

502 4899 653 4954 Nova
703 4902 940 4958 tonitrua
987 4921 1138 4960 meas
1169 4905 1366 4960 feriunt
1390 4922 1586 4972 aures;
1616 4908 1751 4960 heu!
1781 4916 2012 4977 quantus
2185 4902 2228 4956 E
2288 4899 2512 4970 Virgine
2546 4900 2814 4956 oriundus
2842 4902 3107 4956 interesse
3131 4899 3336 4968 nuptiis
3380 4914 3486 4953 non
3535 4896 3696 4952 dedi-

434 4989 658 5059 fragor?
685 4990 828 5045 Nihil
857 5008 1073 5061 paveas,
1096 5005 1300 5048 tantum
1328 4977 1566 5049 Joannes
1595 4995 1838 5050 Zebctlzni
1871 4995 2012 5048 filius
2117 4993 2321 5063 gnaris;
2343 5004 2632 5062 utrumque
2654 4995 2822 5056 enim,
2842 4993 3125 5063 virginitas
3141 5000 3196 5046 et
3215 4990 3620 5045 matrimonium
3639 4989 3702 5044 in

435 5083 647 5136 scribit.
680 5085 820 5150 Quid
851 5100 978 5140 vero
1013 5086 1247 5141 scribit?
1277 5086 1354 5140 Tn
1377 5087 1492 5155 ipse
1535 5087 1766 5159 immitte
1805 5087 2011 5152 oculos,
2048 5095 2090 5150 Ι)
2121 5095 2173 5140 te
2191 5086 2414 5152 gratiam
2436 5092 2561 5138 sunt
2586 5085 3139 5153 consecuta;jamque
3164 5083 3482 5138 miraculum
3510 5095 3705 5150 opera-

437 5190 500 5229 ac
526 5173 714 5244 disce;
743 5194 990 5246 quaenam
1011 5193 1166 5245 sena,
1203 5179 1294 5248 qui
1319 5179 1633 5247 conceptus!
1667 5177 1728 5231 In
1752 5179 2012 5248 principio
2122 5175 2200 5230 ris
2241 5175 2500 5244 temporis
2531 5177 2924 5244 Opportunitati
2963 5174 3560 5236 convenie-ntissimutu,
3593 5186 3699 5224 na-

435 5264 633 5332 iuquit,
669 5277 785 5320 erat
823 5265 1074 5322 Verbum.
2124 5279 2294 5321 turam
2329 5268 2436 5322 viui
2468 5267 2520 5322 in
2551 5283 2704 5338 aqua:
2732 5277 2986 5322 naturam
3023 5269 3338 5322 immutans.

1102 5358 1168 5414 In
1200 5361 1357 5414 idem.
2792 5359 2859 5416 1η
2890 5363 3050 5415 idem.

511 5452 550 5504 A
585 5452 790 5520 Spiritu
823 5462 1013 5506 sancto
1042 5453 1205 5506 multa
1233 5455 1456 5508 edoctus
1481 5462 1564 5508 cst
1602 5453 1832 5523 inclytus
1849 5451 2008 5507 Joan-
2193 5451 2542 5506 Pocillatores
2563 5451 2706 5506 intro
2732 5452 2969 5520 undique
2986 5450 3178 5504 flexum
3199 5450 3466 5520 cymbium
3486 5445 3698 5508 aﬂerte,

438 5557 552 5608 nes,
585 5561 613 5597 a
643 5561 752 5614 quo
799 5560 1130 5613 quaecunque
1180 5545 1385 5614 accepit
1423 5545 1692 5615 evulgavit
1725 5562 1739 5600 :
1795 5561 1916 5616 qum
1959 5547 2014 5600 in
2127 5561 2190 5600 ac
2221 5545 2374 5598 dulce
2406 5544 2618 5598 haurite
2651 5559 2881 5609 merum,
2904 5543 2956 5595 in
2994 5543 3242 5610 proximo
3281 5550 3361 5595 est
3391 5539 3649 5607 amphora
3682 5553 3700 5603 ;

438 5634 689 5688 volumen
741 5648 942 5703 cogens
1015 5633 1324 5690 Prochorus
1362 5633 1737 5704 eloquentibus
1789 5634 2014 5691 calamis
2123 5638 2284 5691 vitem
2319 5635 2426 5690 vini
2455 5635 2782 5704 largitricem
2816 5634 2971 5688 nobis
3001 5634 3092 5688 Dei
3117 5634 3346 5689 Verbum
3369 5630 3697 5702 procreavit,

448 5720 674 5780 Joannis
702 5727 946 5782 exaravit
979 5730 1231 5794 oracula;
1270 5731 1366 5785 has
1412 5731 1555 5787 enim
1598 5729 1647 5786 ci
1667 5729 1900 5788 dictabat
1921 5744 2013 5786 νο·
2124 5743 2354 5798 eamque
2396 5737 2588 5796 sponte
2620 5725 3051 5796 provenieutem,
3087 5741 3292 5783 necnon
3323 5734 3376 5782 et
3407 5735 3695 5792 extempo-

454 5832 544 5870 τρε
580 5833 590 5870 ;
624 5816 689 5870 1η
716 5819 969 5886 principio
1001 5831 1108 5874 erat
1155 5820 1389 5878 Verbum.
2121 5835 2342 5880 raneum
2367 5820 2602 5877 torcular
2631 5819 2926 5876 fabricatus
2956 5829 3056 5876 est.
