4050 6386
340 370 482 435 1205

442 488 545 553 Eli;
589 483 697 539 τόν
733 480 1093 549 νυκτερινὸν
1133 476 1418 549 μαθητὴν
1447 473 1813 541 Νικόδημον.

341 580 459 649 Τῆς
491 577 708 657 ἡμέρας
739 576 799 630 τὸ
824 575 1003 644 δόγμα
1027 572 1186 628 νυκτὶ
1219 569 1482 643 μανθάνει

354 674 416 727 '0
441 670 754 741 Νικόδημος
775 668 871 723 καὶ
900 664 1094 737 φυγὼν
1127 663 1302 720 νύκτα
1328 663 1537 731 πλάνης

343 766 454 819 Τὸν
478 763 677 837 δρορον
708 758 821 816 εἶδε
842 762 944 830 τῆς
970 760 1171 830 νοητῆς
1203 755 1443 827 ἡμέρας.

354 858 448 924 Ὠς
474 856 586 911 εἴθε
616 843 927 925 Νικόδημος
955 853 1127 923 ἥμην,
1153 849 1359 918 Χριστέ
1392 864 1517 916 μου.

925 947 1027 1010 Εἰς
1066 944 1135 998 τὸ
1171 943 1341 997 αὐτό.

344 1045 540 1100 Νύκτα
572 1041 638 1095 δι’
667 1038 981 1110 ἀμϐροσίην
1005 1035 1322 1106 Νικόδημός
1347 1032 1399 1103 γ’
1427 1032 1531 1101 ἠόα
1560 1030 1679 1085 δίαν

349 1134 554 1196 Εῐσιδε,
583 1133 818 1200 Χριστῦν
842 1130 1056 1183 ἄνακτα
1077 1124 1225 1195 φόως
1263 1124 1405 1194 μέγα
1433 1122 1646 1192 Πατρός
1667 1123 1931 1192 ἀνάρχου,

348 1222 516 1279 Καδδ’
544 1221 714 1292 ἔμαθε
752 1219 1049 1273 σκοτόεντα
1083 1217 1292 1286 πλάνης
1321 1215 1509 1283 ζόφον,
1543 1216 1602 1267 ὲν
1631 1214 1687 1267 δὲ
1714 1211 1898 1284 μυήθη

347 1314 546 1388 Ἧμαρ
574 1314 670 1370 ἀπ’
702 1314 908 1384 ἠελίοιο
936 1310 1231 1382 προτιδύον
1256 1307 1660 1379 ἀρχεσιφώτου.

290 1402 318 1488 Ξ
814 1409 856 1460 Ε
864 1409 916 1473 ίς
960 1407 1073 1474 τὴν
1094 1402 1476 1473 Σαμαρεῖτιν.

351 1505 542 1570 Γύναι,
569 1488 625 1557 ei
659 1501 895 1575 μέλλεις,
933 1501 1096 1571 ῥῖπτε
1128 1514 1223 1551 σου
1246 1495 1346 1567 τὴν
1377 1494 1569 1565 ὑδρίαν
1592 1535 1607 1557 ,

352 1598 465 1652 Καὶ
494 1592 884 1665 συνδραμοῦσα
913 1592 1014 1662 τὴν
1041 1589 1360 1660 Σαμάρειαν
1389 1588 1543 1641 κάλει

353 1689 543 1759 ’Ύδωρ
576 1689 719 1742 πιεῖν
744 1684 853 1751 ζῶν
884 1685 949 1738 ἐκ
983 1682 1220 1754 φρέατος
1266 1679 1476 1745 ἐνθέου,

354 1783 475 1837 Κάν
496 1783 618 1844 ταῖς
653 1777 875 1850 γυναιξὶ
907 1774 1369 1847 πρωταπόστοὶος
1404 1771 1578 1839 γίνου.

917 1870 1022 1935 Εἰς
1067 1866 1136 1921 τὸ
1184 1865 1358 1920 αὑτό.

358 1964 676 2037 Θηλυτέρῃς
705 1962 967 2034 πόρνῃσι,
1000 1958 1138 2013 Θεοῦ
1170 1958 1311 2028 Λόγε
1348 1958 1484 2028 πρὸς
1513 1956 1672 2023 λόγον
1707 1954 1868 2026 ἔρχῃ.

372 2056 462 2110 Ἐν
481 2055 539 2109 δέ
566 2054 615 2110 θ’
647 2054 797 2123 ὕδωρ
818 2055 1017 2123 πιέμεν
1050 2052 1235 2123 ζητεῖς
1270 2052 1466 2120 σφέας,
1499 2049 1699 2119 ἄφθονε
1729 2051 1905 2119 πηγή’

363 2149 497 2206 Οὐδὲ
522 2149 632 2221 γάρ
662 2146 809 2220 ἀμφὶ
841 2147 1057 2218 μόνοισι
1083 2144 1391 2216 κατήλυθες
1416 2144 1612 2214 ἄρσεσι
1630 2141 1844 2213 Σωτὴρ,

365 2242 488 2299 Οὐδ’
522 2241 764 2296 ὲσθλοῖσι
802 2240 1099 2313 βροτοῖσιν,
1133 2239 1276 2309 ἀτὰρ
1313 2235 1604 2305 φλαύροισι
1649 2233 1910 2304 μάλιστα.

811 2335 917 2399 Είς
965 2332 1072 2386 τὸν
1115 2329 1491 2399 παράλυτον.

367 2426 689 2500 Σφίγχθητι,
722 2425 1023 2496 παράλυτε,
1057 2424 1169 2477 πᾶν
1200 2425 1262 2476 τὸ
1287 2423 1540 2494 σαρκίον,

371 2522 463 2585 Ὦς
494 2524 559 2574 ὲκ
580 2519 758 2590 τάφου
782 2518 843 2572 δὲ
863 2517 963 2588 τῆς
995 2519 1157 2580 στοᾶς
1190 2516 1521 2586 ἁνηγμένος,

372 2612 480 2681 ι’ὴν
506 2610 859 2682 βαστάσασαν
886 2608 1166 2679 βαστάσας
1195 2608 1407 2677 κλίνην,
1429 2608 1615 2679 τρέχε.

369 2704 480 2775 Τῆς
508 2704 692 2776 ίσχύος
716 2721 837 2770 σου,
856 2702 1088 2778 Χριστὲ,
1120 2701 1223 2771 τῆς
1246 2702 1540 2772 ἀμηχάνου
1560 2702 1573 2754 l

712 2788 719 2795 ”
948 2798 1056 2861 Εις
1102 2795 1171 2849 τὸ
1216 2795 1388 2848 αὑτό.

372 2889 590 2963 ’Λρθρα
615 2889 754 2960 παρ’
783 2888 968 2961 ἄρθρα
996 2887 1214 2959 δέθητε,
1257 2888 1355 2942 καὶ
1395 2889 1454 2951 ἐς
1507 2887 1625 2957 βίον
1678 2886 1809 2942 αὖτε
1853 2906 1952 2958 μο-

1691 2979 1881 3051 Reice,

649 3157 728 3214 De
776 3157 1071 3218 Nicomedo
1099 3164 1361 3210 nocturno
1391 3153 1674 3223 discipulo.

448 3250 564 3308 Diei
597 3250 942 3321 disciplinam
984 3258 1147 3304 noctu
1180 3248 1330 3303 audit
1361 3245 1715 3310 Nicomedus,
1750 3254 1804 3300 et
1837 3245 1963 3300 reli-

373 3354 462 3401 cta
492 3344 698 3401 erroris
731 3351 912 3409 nocte,
943 3340 1208 3412 spiritalis
1239 3339 1346 3396 diei
1371 3338 1757 3408 crepusculum
1789 3338 1957 3393 videt.

372 3437 420 3494 0
449 3436 655 3492 utinam
692 3433 1025 3491 Nicomedus
1051 3433 1298 3496 fuissem,
1329 3428 1552 3486 Christe
1588 3430 1690 3484 mi!

1030 3525 1100 3581 In
1148 3525 1311 3580 idem.

447 3619 637 3675 Divina
690 3618 777 3672 illa
828 3627 988 3674 nocte
1034 3617 1274 3672 divinam
1332 3630 1586 3671 auroram
1637 3612 1969 3670 Nicodemus

374 3712 625 3781 aspexit,
688 3724 874 3782 regem
924 3709 1228 3775 Christum,
1289 3708 1473 3765 lumen
1528 3708 1646 3779 ejus
1702 3709 1794 3777 qui
1853 3707 1972 3761 sine

376 3803 653 3875 principio
680 3800 840 3856 Pater
869 3810 998 3867 est;
1046 3816 1076 3855 a
1111 3816 1221 3871 quo
1279 3800 1680 3857 tenebricosam
1739 3797 1971 3866 cognovi

375 3897 581 3950 erroris
645 3893 955 3963 caliginem,
1005 3905 1268 3963 praeterea
1321 3893 1464 3949 diem
1507 3891 1748 3948 condoce
1793 3890 1971 3946 factus

376 3995 465 4042 est
513 3986 896 4056 procedentem
950 4000 983 4041 a
1026 3984 1151 4041 Sole
1195 3985 1454 4052 Christo,
1503 3982 1681 4040 omnis
1748 3980 1973 4037 luminis

379 4080 701 4150 archetypo.
816 4149 824 4159 .

913 4168 983 4224 In
1007 4168 1435 4226 Samaritanam.

452 4259 596 4329 Quid
625 4259 929 4327 cunctaris,
966 4258 1202 4315 mulier?
1234 4258 1389 4315 mitte
1420 4258 1671 4316 manibus
1701 4259 1975 4331 hydriam,

386 4364 667 4423 totamque
700 4349 1007 4407 Samariam
1034 4365 1266 4422 propere
1300 4350 1573 4407 currendo
1622 4365 1789 4408 evoca
1819 4366 1835 4418 ;
1863 4365 1971 4421 quo

381 4463 451 4503 ex
484 4446 674 4502 divino
707 4446 1030 4500 exhaustam
1064 4453 1231 4514 puteo
1262 4459 1460 4512 aquam
1509 4444 1660 4500 hihat
1690 4461 1706 4498 :
1738 4445 1817 4501 sic
1856 4455 1975 4500 esto

386 4540 602 4596 tandem
630 4537 808 4611 prima
840 4539 980 4594 inter
1013 4538 1270 4593 mulieres
1299 4538 1565 4609 apostola.

1059 4628 1125 4683 In
1154 4630 1318 4684 idem.

457 4718 595 4776 Cum
627 4718 952 4776 mulieribus
979 4719 1245 4775 adulteris
1277 4720 1333 4774 in
1377 4719 1713 4790 colloquium
1744 4721 1921 4787 venis,
1946 4735 1979 4777 ο

393 4809 652 4877 Verbum;
677 4810 744 4864 ab
791 4809 897 4865 illis
945 4809 1142 4865 deinde
1174 4818 1365 4880 potum
1400 4811 1662 4880 postulas,
1712 4810 1819 4882 qui
1858 4811 1980 4868 l'ons

387 4903 647 4974 perennis
687 4916 745 4957 es
776 4911 834 4957 et
898 4905 1249 4970 exuberans;
1295 4903 1507 4958 scilicet
1553 4919 1660 4959 non
1719 4903 1784 4958 ad
1836 4902 1979 4960 solos

388 5005 599 5051 tantum
629 4995 919 5051 salvandos
940 4996 1091 5052 viros
1137 4996 1487 5064 descendisti,
1536 5011 1635 5052 nec
1681 4997 1975 5069 justorum,

386 5088 482 5142 sed
511 5093 802 5142 nocentum
830 5085 1100 5156 imprimis
1130 5087 1410 5142 hominum
1448 5088 1623 5158 gratia
1656 5101 1853 5158 passus
1892 5101 1975 5144 es.

952 5174 1022 5231 In
1053 5178 1432 5249 paralyticum.

458 5269 629 5326 Artus
666 5269 741 5326 tui
770 5270 1220 5341 constringuntur
1275 5286 1340 5327 ac
1379 5270 1719 5337 coalescant,
1752 5286 1786 5328 o
1822 5274 2007 5342 para-'

388 5359 575 5431 lytice.
607 5360 792 5432 Deque
836 5361 1051 5429 porticu
1092 5370 1350 5431 tanquam
1404 5362 1471 5417 de
1518 5360 1771 5431 sepulcro
1856 5376 1984 5432 pro-

390 5453 667 5522 grediens,
699 5460 753 5508 et
783 5454 1065 5521 grabatum
1101 5453 1316 5519 tollens,
1348 5454 1441 5523 qui
1492 5461 1545 5507 te
1592 5454 1809 5519 tulerat,
1857 5468 1981 5523 pro-

388 5548 500 5603 sili.
562 5546 608 5602 0
655 5545 1126 5619 incomparabilis:
1159 5556 1265 5602 tute
1326 5546 1546 5602 virtutis
1602 5546 1978 5602 immensitasl

388 5637 631 5695 Chnste.

1061 5726 1128 5782 In
1156 5729 1313 5783 idem.

459 5821 737 5881 Juucturis
784 5824 1087 5882 commissae
1148 5831 1202 5879 et
1260 5820 1523 5891 colligata:
1578 5820 1868 5891 iuncturae,
1928 5824 1977 5879 in

1166 348 1698 419 TETRASTICHA
1740 348 1820 410 ΙΝ
1869 345 2138 409 NOVUM
2176 332 2773 404 TESTAMENTUM.

1953 481 2002 537 Α
2042 466 2135 520 Ἐν
2163 463 2220 517 δέ
2250 479 2332 527 τε,
2361 454 2555 529 νεῦρα,
2579 453 2807 524 τάθητε,
2843 444 2939 503 καὶ
2960 441 3145 508 ὀστέα,
3175 440 3359 537 events
3402 435 3580 537 ίσχθν,

2040 559 2131 612 Ἐν
2151 556 2221 621 δ’,
2248 554 2468 625 ὑμένες,
2488 546 2823 623 προχύθητε,
2847 542 3020 613 δέμας
3047 537 3105 591 δὲ
3123 533 3400 604 καλύψατε
3430 528 3610 625 τοῦτο.

2034 648 2239 722 Ἐγρεό
2264 623 2380 716 μοι,
2401 642 2706 714 παράλυτε,
2744 636 2938 705 κλίνην
2961 632 3006 688 δ’
3031 629 3135 686 άνὰ
3168 628 3329 700 ἔρχευ
3361 623 3577 692 ἀείρας.

3467 314 3611 381 12Ωὸ

2565 735 2667 796 Εις
2697 731 2805 785 τὸν
2837 725 3091 797 τυφλόν.

2045 835 2106 887 '0
2147 829 2318 903 πηλὸς
2349 827 2507 891 οὖτος
2538 822 2704 895 πηλὸς
2735 821 3188 891 όμματεργάτης,

2037 930 2152 1000 Οὐχ
2172 927 2247 992 ὡς
2275 924 2439 995 φύσιν
2475 918 2621 990 σχὼν
2649 913 2988 987 δημιουργὸν
3018 908 3309 982 ὀμμάτων,

2050 1021 2192 1077 Ἀλλ’
2225 1020 2303 1084 ὼς
2345 1013 2637 1087 ὑπουργῶν
2663 1014 2731 1080 τῇ
2765 1007 3017 1063 κελεύσει
3048 1002 3146 1058 τοῦ
3177 1002 3376 1068 Λόγου·

2043 1117 2137 1179 ’Ὡς
2165 1110 2474 1185 ἑμπτύσαις
2509 1123 2623 1178 μοι,
2648 1101 2880 1175 Χριοτὲ,
2911 1101 3030 1163 ταῖς
3057 1095 3236 1168 ψυχῆς
3270 1092 3480 1163 κόραις.

2606 1198 2713 1263 Είς
2756 1193 2825 1247 τὸ
2884 1188 3055 1245 αὐτό.

2042 1298 2310 1368 ’Λσμενος
2356 1290 2536 1361 ἡελίου
2566 1306 2626 1343 σε
2652 1286 2836 1358 βλέπω
2862 1283 3042 1345 σέλας,
3072 1278 3166 1348 ἠδὲ
3199 1276 3449 1346 σελήνης,

2041 1367 2281 1462 Οὐρανὸν
2312 1383 2662 1455 ἀστερόεντα,
2705 1376 2882 1445 πυρὸς
2911 1374 3095 1445 φύσιν,
3131 1370 3282 1462 ἠέρα.
3321 1367 3452 1428 δῖον,

2042 1456 2152 1538 Καὶ
2177 1478 2483 1549 ποταμοὺς,
2515 1473 2744 1545 ψάμμον
2776 1487 2836 1522 τε
2861 1466 3157 1537 παράλιον,
3192 1459 3286 1532 ἠδέ
3319 1476 3376 1512 τε
3405 1456 3592 1549 ’γαῖανἼ

2048 1547 2477 1641 Ὄμματαίγάρ
2546 1579 2639 1633 μοι
2700 1559 2911 1613 πλάσσε
2962 1551 3100 1609 Θεοῦ
3153 1553 3324 1620 Λόγος
3379 1547 3441 1641 ού
3498 1547 3636 1641 Δπρὶν

3429 1636 3634 1710 [δόντα.

2549 1748 2651 1811 Εὶς
2692 1744 2800 1798 τόν
2832 1738 3124 1807 Λάζαρον.

1976 1826 2019 1882 Β
2050 1850 2110 1903 El
2148 1845 2366 1919 μακράν
2399 1839 2570 1904 ἑστὼς
2602 1836 2837 1908 Χριστὸς
2870 1827 3169 1885 έσκύλευσέ
3196 1842 3277 1889 σε,
3352 1830 3359 1837 ’

2048 1941 2214 1995 Ζωῶν
2240 1938 2406 2008 λόγῳ,
2440 1933 2666 1997 θάνατε,
2701 1927 2991 1997 Λαζάρους
3038 1920 3214 1983 ὅλους,

2058 2032 2267 2095 Ὀποῖα,
2303 2028 2602 2097 κατάρατε,
2630 2020 2814 2076 λοιπόν
2845 2035 2902 2072 σε
2923 2017 3114 2087 δράσει

2060 2121 2265 2177 Ἐλθὼν
2298 2118 2387 2172 ἐπ’
2416 2115 2580 2172 αὑτὸν
2613 2113 2707 2168 τὸν
2748 2110 2919 2183 βαθύν
2957 2124 3052 2160 σου
3097 2099 3398 2172 metum;

2654 2206 2757 2270 Εἷς
2780 2201 2848 2256 τὸ
2880 2199 3049 2256 αὑτό.

2049 2304 2290 2372 Λύσατε,
2347 2299 2553 2355 λύσατε
2623 2315 2713 2369 μοι
2772 2292 2964 2348 σκολιὰ
3019 2286 3481 2360 προτιτιλέγματα
3507 2296 3643 2349 σαρ-

3502 2374 3581 2446 [κὶ
3592 2387 3643 2437 ς,

2063 2493 2160 2547 Ἐκ
2188 2491 2246 2544 δὲ
2271 2487 2590 2559 καλύπτραν
2630 2482 2822 2537 ἕλεσθε
2859 2480 3162 2549 καρήατος,
3213 2468 3260 2528 ὣ
3296 2470 3647 2538 κασίγνητοι.

2057 2586 2239 2652 Ὀφρα
2262 2581 2430 2651 κόρας
2461 2577 2692 2631 πετάσω-
2712 2575 2805 2629 καὶ
2827 2574 3107 2643 άμπνυμι,
3138 2566 3235 2638 τ,δὲ
3262 2581 3324 2618 τε
3366 2560 3557 2635 μέλψω

2056 2674 2320 2746 Χριστὸν,
2344 2671 2402 2736 δς
2429 2670 2495 2724 ἐκ
2530 2668 2586 2739 μ’
2610 2666 2823 2721 ἐσάωσε
2850 2660 3178 2734 τανηλεγέος
3230 2656 3505 2713 θανάτοιο.

2578 2762 2684 2825 Εῑς
2716 2758 2824 2813 τὸν
2852 2751 3141 2822 νιπτῆρα.

2055 2856 2146 2927 Ὦ,
2172 2860 2352 2930 δεῦρο,
2375 2855 2569 2925 Πέτρε,
2602 2848 2829 2921 νιψομαί
2857 2865 2951 2901 σου
2985 2846 3111 2908 τοὺς
3143 2842 3314 2904 πόδας

2057 2953 2133 3006 Οὐ
2168 2951 2244 3022 μή
2289 2966 2357 3018 με
2395 2947 2571 3016 νίψεις
2605 2946 2685 3007 είς
2704 2941 2797 2995 τὸν
2830 2941 3052 2995 ἅπαντα
3083 2935 3295 3007 χρόνον.

1991 3164 2034 3223 c
2070 3151 2233 3204 vitam
2267 3140 2618 3217 egredimini,
2654 3146 2920 3211 praeterea
2955 3134 3130 3198 nervi,
3189 3130 3402 3187 extensi
3455 3138 3657 3193 estote,

2070 3249 2198 3299 Ossa
2257 3233 2618 3298 rohoramini,
2666 3229 2812 3286 cutis
2852 3225 3167 3290 extendere,
3217 3235 3272 3277 et
3322 3223 3425 3279 hoc
3458 3236 3661 3290 corpus

2067 3338 2355 3396 inslerne;
2417 3339 2605 3398 surge,
2658 3320 2995 3395 paralytice,
3047 3327 3104 3374 et
3144 3316 3359 3374 sublato
3428 3316 3655 3387 grabato

2070 3424 2308 3482 ambula.
2893 3437 2899 3443 '

2703 3510 2773 3566 In
2793 3523 3013 3565 meum.

2140 3609 2253 3664 Hoc
2301 3608 2474 3663 lutum
2504 3617 2678 3660 novos
2710 3602 3104 3658 architectatur
3124 3598 3348 3664 oculos;
3386 3613 3491 3651 non
3536 3611 3659 3666 per-

2069 3702 2197 3758 inde
2244 3701 2398 3770 quasi
2453 3706 2704 3752 naturam
2745 3694 2945 3749 haheat
2971 3691 3258 3747 oculorum
3304 3687 3658 3750 elfeetriceni,

2072 3794 2168 3850 sed
2205 3799 2262 3849 ut
2303 3789 2468 3847 Verbi
2502 3788 2775 3846 mandatis
2808 3785 3174 3856 obsequenter
3226 3780 3514 3836 ancillans.
3568 3781 3661 3834 Sic

2078 3885 2211 3942 mihi
2247 3885 2301 3940 in
2335 3882 2534 3939 mentis
2566 3879 2853 3951 palpebras
2871 3878 3124 3946 inspuere
3150 3872 3303 3938 velis,
3322 3871 3539 3928 Christe
3563 3873 3659 3925 nni

2090 3962 2095 3963 ί
2742 3970 2810 4027 1η
2842 3971 3005 4025 idem.

2150 4071 2250 4137 Te,
2289 4085 2322 4125 o
2355 4069 2487 4125 solis
2548 4076 2601 4123 et
2636 4066 2776 4122 luna:
2801 4064 2984 4135 jubar,
3015 4061 3212 4118 alacris
3247 4061 3482 4123 intueor,
3530 4058 3663 4111 stel-

2075 4165 2217 4220 latos
2242 4160 2435 4228 caelos,
2472 4159 2612 4230 ignis
2635 4158 2988 4220 elementum,
3023 4154 3265 4209 divinum
3292 4166 3441 4215 aera,
3475 4159 3529 4205 et
3568 4148 3664 4203 [ln-

2076 4256 2217 4324 vios,
2248 4264 2305 4311 et
2342 4254 2647 4309 maritimas
2689 4265 2886 4306 arenas
2925 4249 3208 4317 ipsamque
3248 4254 3509 4315 praeterea
3559 4251 3663 4297 ter-

2079 4362 2195 4406 ram
2246 4366 2260 4403 :
2311 4345 2502 4403 oculos
2552 4343 2719 4408 enim,
2767 4343 2962 4411 quibus
3009 4338 3265 4394 carebam
3316 4337 3491 4407 prius,
3526 4335 3664 4388 mihi

2081 4438 2323 4497 Verbum
2357 4437 2453 4493 Dei
2486 4435 2769 4491 formavit.

2676 4524 2745 4582 In
2794 4525 3081 4580 Lazarum.

2157 4621 2214 4679 Si
2243 4637 2405 4693 porro
2430 4620 2496 4676 ab
2531 4618 2719 4673 inieris
2744 4628 2897 4674 stans
2926 4616 3179 4673 Christus
3231 4625 3282 4671 te
3332 4625 3510 4671 tamen
3541 4628 3669 4682 spo-

2084 4717 2238 4773 liavit
2265 4757 2283 4783 ,
2327 4730 2359 4770 o
2407 4728 2574 4775 mors,
2632 4700 2926 4774 Lazarum,
2971 4709 3099 4765 etsi
3136 4708 3228 4778 qui
3255 4722 3314 4763 se
3344 4706 3672 4762 obtulissent

2083 4812 2195 4877 alii,
2238 4810 2291 4865 in
2320 4809 2483 4863 vitam
2514 4820 2814 4870 rovocans;
2848 4804 3001 4874 quid,
3034 4818 3068 4858 ο
3098 4805 3241 4856 omni
3282 4801 3672 4872 imprecatione

2084 4907 2268 4977 digna,
2299 4906 2365 4959 de
2393 4910 2592 4958 cetero
2624 4910 2675 4955 te
2708 4896 2954 4954 facturus
2979 4906 3063 4952 est
3103 4897 3232 4950 dum
3281 4894 3336 4948 in
3373 4891 3672 4964 profundas

2084 4998 2264 5070 abyssi
2298 5005 2401 5051 tua:
2429 4993 2682 5064 regiones
2712 4989 3035 5047 devenerit?

2730 5082 2767 5137 -1
2773 5103 2803 5138 n
2847 5085 3006 5139 idem.

2155 5178 2563 5249 Circumplexas
2584 5176 2714 5232 mihi
2730 5176 2978 5246 corporis
2998 5173 3192 5229 fascias
3212 5168 3674 5239 exsolvite,ipsius

2087 5272 2458 5343 integumenta
2507 5269 2702 5339 capitis
2750 5266 3000 5333 auferte,
3052 5264 3255 5318 fratres
3286 5302 3301 5328 ,
3367 5271 3425 5317 ut
3482 5263 3675 5318 oculos

2086 5366 2375 5436 explicem,
2407 5379 2473 5420 ac
2496 5363 2780 5433 respirem,
2832 5375 3044 5416 necnon
3102 5368 3159 5413 et
3208 5357 3480 5412 celebrem
3508 5355 3675 5411 Chri-

2087 5466 2256 5525 stum,
2314 5458 2407 5527 qui
2466 5471 2553 5511 me
2582 5453 2780 5526 prolixi
2805 5452 2981 5508 somni
3026 5449 3303 5507 elieetrice
3343 5456 3516 5504 morte
3542 5447 3676 5503 lihe-

2088 5550 2250 5606 tavit.

2574 5641 2646 5697 De
2672 5638 2864 5711 pedum
2894 5638 3183 5694 ablatione.

2157 5734 2455 5801 Adesdum,
2498 5733 2681 5796 Petre,
2738 5743 2860 5789 tuos
2893 5731 3083 5787 lavabo
3125 5730 3308 5801 pedes.
3365 5727 3483 5785 Non
3540 5729 3669 5785 mihi

2086 5827 2289 5885 lat-abis
2320 5828 2483 5897 pedes
2529 5827 2581 5882 in
2636 5834 2921 5883 aeternum.
2958 5821 3074 5881 Nisi
3124 5832 3174 5882 te
3207 5822 3411 5893 lavero,
3453 5836 3484 5880 α
3535 5826 3675 5878 meis
