4050 6398
367 381 505 445 2209

1175 380 1701 442 TETilASTlCIIA
1743 381 1822 442 ΙΝ
1866 381 2136 446 NOVUM
2173 386 2774 447 ΤΕδΤΛΜΕΝΤυΜ.

3491 382 3626 444 1210

1351 686 1829 780 ΠΡΑΞΕΙΣ
1889 694 2612 782 ΑΠΟΣΤΟΛΩΝ.

1177 993 1610 1084 ACTUS
1685 993 2793 1089 APOSTOLORUM.

770 1295 875 1360 Εἰς
905 1294 1022 1362 τὴν
1072 1294 1527 1362 Πεντηκοστήν.

323 1383 326 1390 ’
363 1384 677 1456 Περιστερὰ
705 1385 765 1438 τὸ
801 1385 1027 1454 Πνεῦμα
1051 1387 1127 1456 τῷ
1154 1386 1486 1457 διδασκάλῳ,

363 1479 617 1531 Γλῶσσαι
649 1477 824 1548 πυρὸς
853 1477 914 1530 τὸ
942 1478 1166 1546 Πνεῦμα
1190 1481 1303 1540 τοῖς
1334 1479 1673 1543 ἀποστόλοις·

362 1572 707 1642 Κατέρχεται
729 1575 838 1640 γὰρ
865 1571 947 1633 εξς
972 1568 1258 1639 ὑπηρέτας
1283 1571 1478 1638 Λόγου,

362 1662 473 1714 Καὶ
499 1660 835 1732 συμφλέτειν
863 1659 1157 1731 μέλλοντας
1195 1659 1429 1714 εἰδώλων
1457 1661 1686 1733 πλάνην.

948 1755 1053 1820 Εἰς
1081 1753 1146 1808 τὸ
1178 1755 1347 1808 αὐτό.

361 1845 570 1917 Πέρσαι
616 1846 1016 1916 πυρσολάτραι,
1050 1845 1221 1916 πυρὸς
1251 1844 1412 1898 ἄλλου
1439 1847 1622 1900 τίσατε
1652 1847 1832 1915 φύσιν,

367 1939 435 1991 Ὀ
466 1939 576 2009 πρὸ
601 1938 688 1992 διά
708 1939 996 2008 στομάτων
1038 1937 1348 2006 ὗποφήταις
1374 1936 1555 2008 ἔρχετ’
1602 1936 1798 2007 Ἰησοῦ,

362 2029 585 2092 Τισατε,
618 2029 759 2100 ὄφρα
788 2029 925 2099 φάος
961 2028 1096 2099 μηδὲ
1127 2027 1308 2097 φλόγα
1348 2027 1504 2081 ἔνθεν
1531 2027 1742 2098 ἄροιτε,

360 2121 671 2182 Δυσσεῦέας
713 2120 1054 2191 πρήθουσαν,
1088 2120 1426 2190 ἀγρώστιδος
1450 2118 1583 2187 ἠΰτε
1615 2120 1828 2188 χόρτον.

431 2214 536 2278 Εἰς
612 2214 884 2268 Ματθίαν
936 2212 1045 2266 τὸν
1106 2210 1307 2266 Ἰούδα
1351 2213 1539 2265 τόπον
1593 2211 1870 2280 ἀναπλη-

453 2305 458 2310 ’
1017 2303 1268 2372 ροῦντα.

375 2393 599 2461 Ἰοῦστε,
625 2396 723 2450 καὶ
753 2394 818 2448 σὺ
848 2393 1032 2458 καλὸς,
1061 2395 1180 2447 ἀλλ’
1198 2396 1226 2446 ό
1249 2394 1503 2458 Ματθίας

361 2487 468 2542 Τὸν
507 2488 708 2542 κύκλον
732 2487 1022 2557 ἐπλήρωσε
1053 2486 1163 2540 τῶν
1187 2487 1527 2541 ἀποστόλων

362 2579 476 2651 Τὴν
500 2579 662 2645 ἀξίαν
693 2580 802 2650 γὰρ
824 2579 1098 2650 λαμϐάνει
1124 2581 1220 2633 καὶ
1243 2579 1343 2650 τὴν
1374 2581 1534 2650 χάριν

361 2671 487 2741 Ἀφ’
515 2667 582 2745 ἧς
608 2672 814 2735 Ἰούδας
837 2671 1089 2742 ἀφρόνως
1113 2671 1428 2742 ἀπερράγη.

949 2764 1056 2829 Εις
1088 2762 1158 2816 τὸ
1189 2762 1360 2817 αὑτό.

358 2856 637 2920 Μωῠσέως
671 2854 958 2927 παλάμῃσι
987 2855 1330 2927 τροπάσκετο
1357 2853 1515 2909 ἔθνεα
1542 2856 1732 2921 πάλαι,

359 2949 475 3004 Νῦν
501 2948 558 3002 δὲ
585 2949 795 3019 Πέτρου
826 2947 1111 3017 παλάμῃσι
1158 2945 1408 3010 θεουδέος
1440 2947 1618 3000 ἕλκετ’
1645 2946 1858 3001 ἀνωθεν

364 3036 593 3108 Πνεῦμα
627 3038 802 3108 μέγας
833 3035 1194 3107 Παράκλητος
1248 3035 1339 3087 ἐπ’
1385 3035 1717 3109 ἀνδρομέῃσι
1766 3054 1944 3107 κεφα-

1805 3126 1939 3200 ὶλῇς·

361 3221 606 3276 Ματθίου
641 3218 788 3289 ἀμφὶ
809 3217 1056 3289 κόρυμϐα
1093 3217 1261 3288 κόρας
1300 3217 1486 3288 βαλεῦ,
1528 3218 1606 3282 ὡς
1636 3236 1700 3273 κε
1733 3219 1938 3292 δαείης.

670 3314 775 3378 Εἰς
821 3311 937 3380 τὴν
979 3310 1328 3379 κατήχησιν
1375 3309 1626 3378 Πέτρου.

361 3405 569 3475 Πέτρος
596 3405 845 3474 κατηχεῖ,
874 3403 972 3456 καὶ
1001 3403 1084 3466 τίς
1105 3401 1338 3473 ἀπειθὴς
1369 3402 1517 3472 μένει
1545 3421 1559 3468 ;

816 3601 818 3606 .
860 3559 939 3612 De
965 3558 1049 3612 die
1079 3557 1440 3613 Pentecostes.

443 3654 710 3711 Columba
744 3650 966 3707 Christo
1021 3650 1286 3718 magistro
1322 3647 1670 3703 advenientis
1704 3646 1942 3718 Spiritus

361 3745 669 3816 symbolum
697 3742 824 3807 fuit,
868 3741 1131 3811 apostolis
1159 3754 1289 3794 vero
1325 3741 1498 3808 igneae
1529 3739 1731 3810 lingua:
1764 3739 1938 3809 Spiri-

365 3847 478 3892 tum
503 3845 752 3890 sanctum
776 3833 1176 3898 demonstrant,
1209 3831 1302 3900 qui
1329 3832 1380 3884 in
1410 3823 1584 3886 Verbi’
1604 3831 1888 3886 ministros
1912 3845 1943 3884 e

361 3929 503 3985 coelo
526 3926 825 3991 descendit,
851 3923 1146 3994 apostolos,
1171 3925 1414 3994 inquam,
1441 3923 1706 3978 idolorum
1725 3937 1944 3979 concre-

364 4033 606 4076 maturos
627 4033 892 4073 errorem.

1013 4106 1079 4161 In
1108 4107 1269 4162 idem.

436 4204 541 4270 Qui
568 4201 814 4257 ﬂammas
844 4201 1101 4265 adoratis,
1125 4217 1157 4253 ο
1182 4199 1382 4264 Persae,
1416 4199 1580 4253 alium
1626 4199 1802 4267 ignem
1848 4211 1946 4251 co-

363 4297 457 4351 lite
516 4296 606 4365 qui
646 4308 745 4364 per
805 4294 1164 4362 interpretum
1198 4291 1407 4346 Christi
1440 4304 1535 4344 ora
1573 4289 1938 4358 progreditur,

364 4389 552 4454 colite,
585 4397 644 4439 ut
677 4383 802 4439 inde
835 4383 1040 4451 lumen,
1099 4397 1204 4437 non
1243 4383 1543 4437 candentes
1598 4395 1800 4449 prunas
1855 4395 1944 4434 re-

367 4473 616 4545 portetis,
665 4484 786 4539 quae
846 4469 1063 4539 impios,
1113 4468 1379 4538 graminis
1433 4467 1606 4522 instar
1657 4475 1750 4520 aut
1807 4465 1938 4531 feni,

365 4567 714 4620 comburunt.

616 4671 693 4726 De
725 4669 935 4726 Mathia
962 4671 1017 4724 in
1049 4668 1216 4724 Judw
1248 4669 1421 4722 locum
1453 4667 1696 4736 suffecto.

431 4763 819 4820 Sanctimoniae
851 4763 1046 4818 merito
1064 4761 1294 4817 celebris
1314 4774 1458 4824 eras,
1490 4775 1523 4814 ο
1547 4758 1695 4827 juste
1723 4754 1944 4825 Ioseph,

365 4855 596 4911 Malltias
629 4862 811 4909 tamen
869 4853 1240 4922 apostolorum
1278 4866 1568 4908 numerum
1624 4849 1941 4918 supplevit;

366 4957 588 5016 accepta
645 4947 906 5017 dignitate
960 4953 1015 5000 et
1041 4945 1234 5014 gratia,
1268 4961 1296 4999 a
1326 4960 1430 5014 qua
1446 4943 1616 4999 Jndas
1643 4957 1741 5011 per
1762 4943 1948 4997 incon-

364 5038 560 5094 sultam
594 5039 957 5092 temeritatem
990 5035 1286 5090 deciderat.

1025 5138 1094 5194 1η
1129 5141 1288 5194 idem.

442 5233 644 5291 Gentes
669 5234 798 5290 olim
829 5231 998 5289 Mosis
1055 5232 1308 5288 manibus
1343 5229 1396 5284 in
1426 5229 1607 5300 fugam
1638 5228 1941 5294 dabantur;

1983 1298 2022 1358 Δ
2055 1294 2262 1362 Πέτρος
2289 1293 2556 1358 διδάσκει,
2585 1295 2682 1348 καὶ
2713 1295 2797 1357 τίς
2819 1297 2879 1348 οῦ
2910 1295 3105 1365 τρέμει
3138 1297 3339 1362 κλύων,

2049 1384 2155 1436 Τοῦ
2192 1384 2509 1454 Πνεῦματος
2536 1387 2827 1449 λαλοῦντος
2863 1390 2920 1440 ἐν
2947 1387 3174 1460 γλώσσῃ
3208 1391 3462 1459 Πέτρου;

2052 1477 2117 1528 Ὢ
2147 1476 2369 1546 γλῶσσα
2414 1479 2610 1549 σεπτὴ,
2641 1479 2752 1550 πῦρ
2779 1481 2960 1544 λαλεῖς
2998 1498 3056 1533 τε
3097 1482 3192 1535 καὶ
3244 1483 3450 1546 πνέεις.

2639 1595 2746 1656 Εἰς
2787 1592 2856 1645 τὸ
2890 1594 3062 1647 αὐτό.

2045 1681 2252 1752 Πέτρος
2281 1681 2354 1735 ὅδ’
2385 1682 2743 1754 άτρεκέεσσιν
2776 1683 2884 1736 ὑπὸ
2915 1684 3254 1753 στομάτεσσι
3302 1685 3553 1740 διδάσκει

2043 1773 2304 1844 Χριστὸν,
2331 1773 2489 1844 ἄθρει
2517 1774 2562 1828 δ’
2603 1774 2825 1844 ἀΐδηλον
2853 1775 2962 1828 ἀπὸ
2999 1774 3197 1844 φλόγα,
3250 1775 3443 1846 λῷστε,
3481 1779 3632 1831 κιοῦ-

2765 1905 2769 1910 ·
3503 1889 3513 1922 I
3529 1889 3557 1922 σ

2765 1905 2769 1910 .
3529 1889 3557 1922 σ

2043 1957 2327 2028 Γλώσσης,
2358 1958 2393 2027 ἦ
2429 1975 2519 2028 μιν
2545 1960 2771 2029 ἀνήνατ⁹
2793 1959 2886 2012 ἐπὶ
2919 1963 3174 2029 σταυροῖο
3207 1960 3444 2030 βεϐῶτα.
3503 1869 3523 1942 [
3563 1888 3630 1924 αν

2042 2045 2287 2099 Κέκλυτε
2319 2047 2488 2101 τῶνδε
2514 2048 2689 2117 λόγων
2729 2050 2940 2121 ἀλιῆος,
2974 2052 3206 2105 κέκλυτε
3257 2055 3487 2116 πάντες.

2112 2159 2221 2227 Εἰς
2247 2159 2356 2214 τὸν
2387 2161 2508 2216 ὑπὸ
2557 2163 2784 2231 Πέτρου
2833 2166 2933 2219 καὶ
2987 2166 3269 2221 Ἰωάννου
3321 2167 3559 2222 ιαθέντα

2733 2257 2955 2324 χωλόν.

2041 2343 2220 2406 Χωλὲ,
2249 2343 2558 2414 προσαίτει,
2579 2345 2786 2416 Πέτρος
2822 2346 2994 2415 ἐγγύς
3018 2348 3139 2401 ἐστί
3167 2364 3279 2401 σουο

2054 2437 2346 2506 Ἀργύριον
2375 2437 2476 2507 μὲν
2508 2439 2569 2490 οὐ
2600 2439 2792 2510 λάϐῃς,
2823 2440 2854 2510 ἢ
2894 2443 3167 2511 χρυσίονή

2055 2527 2393 2597 Ἂνάργυρον
2423 2527 2480 2580 δὲ
2515 2527 2612 2599 τὴν
2645 2529 2892 2599 ἰατρείαν
2917 2531 3112 2603 λά6ῃ;’

1980 2635 2024 2691 Β
2053 2619 2212 2691 Λόγῳ
2244 2618 2352 2690 γάρ
2386 2620 2514 2689 ἄρτι
2545 2621 2718 2695 σῶσαι
2751 2621 2913 2686 δείξει
2943 2625 3038 2676 καὶ
3066 2623 3234 2692 μόνῳ.

2627 2735 2732 2804 Εἰς
2768 2740 2833 2792 τὸ
2889 2741 3059 2796 αὑτό.

1931 2875 1934 2878 .
2046 2829 2235 2894 Χωλὸς
2263 2829 2403 2901 ἀνὴρ
2433 2829 2537 2884 άνά
2568 2831 2736 2900 σηκὸν
2760 2831 3019 2903 ἐϐήσατο,
3042 2835 3106 2886 ἐκ
3139 2833 3185 2886 δ’
3213 2833 3323 2903 ἄρα
3356 2833 3525 2906 σηκοῦ

2058 2919 2314 2990 ’Δρτιπος
2335 2917 2493 2991 ἧλθε’
2520 2922 2728 2991 Πέτρος
2757 2925 2869 2992 γάρ
2898 2923 3156 2977 ἐκέκλετο
3189 2924 3326 2996 ὀρθὰ
3358 2925 3625 2994 βαδίζειν

2047 3007 2214 3082 Ἀτάρ
2239 3012 2544 3084 ἀτασθαλίῃ
2572 3014 2970 3083 κακομήχανος
3001 3017 3317 3086 ἀρχιερήων

2048 3099 2138 3155 Ἐν
2173 3102 2372 3174 κραδίῃ
2418 3103 2684 3174 χώλευσε,
2712 3107 2808 3158 καὶ
2846 3104 3055 3174 ἕμπαλι
3090 3106 3295 3176 βήσατο
3317 3107 3356 3177 -ι-
3379 3108 3577 3178 χωλοῦ.

2217 3216 2323 3283 Εἰς
2353 3217 2426 3270 τὰ
2457 3217 2613 3271 κατὰ
2642 3216 2926 3272 Ἀνανίαν
2949 3218 3047 3272 και
3091 3219 3458 3288 Σάπφειραν.

2045 3307 2111 3362 Τί
2142 3307 2347 3374 ταῦτα;
2383 3307 2579 3379 Πέτρε,
2615 3308 2861 3371 θανατοῖς
2885 3311 3138 3363 Ἀνανίαν

2049 3399 2230 3467 Ἀπαξ
2259 3401 2690 3472 ἁμαρτήσαντα;
2741 3402 2850 3454 Καὶ
2879 3401 2986 3472 μὴν
3025 3403 3124 3472 οὐχ
3147 3400 3318 3466 ἅπαξ,

2046 3562 2299 3617 severet?
2336 3561 2560 3618 docente
2597 3561 2786 3628 Petro,
2821 3563 2942 3634 quis
2969 3564 3054 3619 vel
3075 3564 3351 3619 auditione
3379 3578 3484 3617 non
3519 3572 3628 3618 trc-

2045 3655 2167 3720 mit,
2201 3648 2323 3710 cum
2371 3655 2491 3726 ejus
2537 3655 2829 3724 eloquatur
2860 3655 3045 3726 lingua
3079 3656 3320 3725 Spiritus
3355 3657 3629 3710 sanctus?

2046 3745 2090 3803 0
2121 3747 2427 3803 veneranda
2477 3747 2699 3814 lingua!
2752 3746 2937 3818 lgnem
3003 3746 3290 3815 loqueris,
3350 3756 3405 3802 et
3450 3747 3626 3816 ignem

2050 3839 2315 3908 inspiras.

2704 3927 2768 3982 In
2821 3927 2984 3982 idem.

2126 4027 2207 4082 En
2243 4027 2361 4095 ipse
2388 4023 2588 4079 Petrus
2614 4035 2708 4076 ore
2728 4021 3002 4088 intrepido
3031 4019 3231 4074 Christi
3259 4019 3416 4072 ﬁdem
3445 4019 3624 4084 docet;

2046 4119 2364 4185 considera,
2392 4117 2478 4171 vir
2512 4117 2678 4180 bone,
2731 4113 3190 4184 perstringentem
3228 4112 3416 4166 oculos
3470 4109 3628 4163 ﬂama

2048 4227 2192 4266 mam
2230 4225 2262 4264 e
2297 4209 2477 4278 lingua
2526 4207 2918 4275 prosilientem,
2960 4219 3079 4273 qua:
3131 4206 3303 4272 ipsum
3353 4203 3420 4256 de
3483 4201 3627 4268 Ιίςιιι)

2052 4302 2374 4372 pendentem
2405 4306 2703 4369 negaverat
2735 4313 2751 4351 :
2787 4297 3077 4367 piscatoris
3109 4297 3293 4350 audite
3321 4307 3624 4356 sermones,

2045 4410 2236 4451 onmes
2265 4391 2588 4447 auscultate.

2213 4483 2277 4539 In
2301 4483 2552 4538 claudum
2587 4498 2620 4535 a
2649 4479 2812 4537 Petro
2867 4488 2918 4534 et
2947 4478 3158 4532 Joanne
3191 4486 3459 4530 sanatum.

2119 4575 2330 4646 Stipem
2375 4586 2538 4644 pete,
2582 4574 2782 4644 loripes
2809 4611 2825 4638 ,
2881 4573 2973 4626 tibi
3023 4583 3223 4641 prmsto
3254 4579 3338 4623 est
3390 4569 3625 4634 Petrus;

2047 4675 2331 4740 argentum
2386 4667 2604 4738 quidem
2655 4674 2751 4720 aut
2781 4680 2973 4718 aurum
3007 4679 3115 4717 non
3147 4677 3206 4716 es
3261 4670 3582 4730 accepturus
3609 4698 3627 4725 ,

2047 4764 2142 4818 sed
2193 4761 2339 4815 nullo
2388 4760 2725 4826 redemptam
2783 4764 3010 4826 argento
3060 4754 3429 4818 medicinam;
3483 4765 3628 4805 nunc

2047 4853 2194 4908 enim
2237 4851 2585 4906 manifestum
2633 4848 2800 4903 faciet
2852 4862 2914 4902 se
2981 4845 3068 4901 vel
3107 4845 3222 4900 solo
3275 4858 3432 4914 posse
3462 4843 3628 4897 verbo

2047 4958 2263 5000 sanare.
2295 4989 2314 5016 .1

2709 5033 2773 5088 In
2801 5033 2958 5089 idem.

2095 5111 2292 5180 Homo
2322 5124 2551 5180 claudus
2583 5125 2634 5179 in
2667 5126 2926 5192 templum
2979 5123 3282 5192 ingressus,
3336 5133 3366 5174 e
3424 5116 3626 5185 templo

2048 5217 2274 5287 pedibus
2307 5215 2494 5270 valens
2521 5231 2800 5286 regressus
2831 5223 2935 5277 est,
2969 5227 3092 5267 nam
3128 5227 3252 5266 eum
3287 5210 3483 5265 Petrus
3539 5224 3629 5264 re-

369 5329 515 5380 num;
552 5333 732 5380 autem
769 5323 1005 5394 religiosi
1033 5320 1181 5378 Petri
1227 5320 1477 5376 manibus
1505 5320 1722 5374 camus
1753 5327 1937 5372 extra-
1965 5317 2020 5378 1)
2045 5317 2190 5364 ctum
2241 5309 2320 5361 ire
2361 5307 2620 5375 iusserat,
2665 5307 2757 5360 sed
2783 5306 2849 5360 ad
2877 5304 3076 5358 malum
3119 5302 3401 5371 ingeniosa
3443 5315 3627 5354 sacer.

368 5419 516 5471 hitur
570 5417 628 5471 iu
683 5415 963 5471 hominum
1020 5413 1264 5470 cervices
1338 5427 1567 5482 magnus
1624 5409 1945 5466 consolator

368 5495 606 5578 Sp'iritus
635 5526 651 5576 ;
695 5509 747 5563 in
787 5505 1001 5562 Mathim
1032 5505 1289 5562 verticem
1316 5505 1505 5560 oculos
1534 5503 1773 5569 intende,
1835 5516 1944 5573 quo

368 5602 660 5658 resciscas.

862 5694 926 5749 In
951 5691 1094 5746 Petri
1124 5689 1451 5745 catechesim.

441 5787 664 5844 Dicente
694 5786 878 5856 Petro,
911 5785 1033 5856 quis
1060 5783 1456 5841 contumaciter
1487 5781 1796 5838 incredulus
1827 5796 1949 5851 per-

2049 5401 2234 5458 dotum
2265 5400 2521 5470 pravitas,
2558 5400 2739 5453 animo
2763 5395 3210 5460 clandicantium,
3247 5405 3432 5448 contra
3461 5409 3623 5462 quam

2051 5495 2156 5550 iret
2181 5495 2270 5547 hic
2299 5492 2548 5559 claudus,
2586 5489 2914 5545 ambulabat.

2127 5598 2202 5653 De
2226 5599 2313 5661 iis,
2367 5612 2485 5666 qua:
2534 5595 2756 5648 Ananiae
2815 5604 2862 5648 et
2898 5592 3174 5661 Sapphirre
3221 5593 3550 5646 acciderunt.

2129 5691 2268 5757 Quid
2293 5689 2490 5754 isthuc,
2525 5687 2722 5744 Petrc?
2755 5688 3024 5743 Ananiam
3055 5697 3229 5742 morte
3259 5687 3478 5748 multus,
3532 5687 3623 5752 qni

2060 5780 2225 5836 semel
2247 5777 2592 5836 oﬂ'cnderat?
2623 5776 2715 5834 Nae
2751 5793 2860 5835 non
2897 5785 3102 5836 tantum
3136 5776 3323 5846 semel,
3373 5776 3468 5832 sed
3509 5777 3632 5831 iuti-
