4050 6402
411 342 545 408 1211

411 455 728 528 ’Δπειράκις
767 457 824 511 δὲ
857 457 1172 527 συμπαθεῖν
1202 456 1550 526 ὲπετράπης.

409 547 536 614 Ναὶ,
569 547 664 622 τού
703 548 872 602 κακοῦ
898 549 956 601 δὲ
988 547 1086 618 τὴν
1113 549 1372 618 ἀπαρχὴν
1405 545 1620 602 κωλύω.

977 642 1086 706 Εἰς
1114 640 1180 693 τὸ
1210 641 1382 693 αὑτό.

1609 341 2008 404 TlIEODORI
2050 342 2454 403 PRODROMI

2007 463 2052 521 Α
2084 457 2320 526 Χριστὸν
2359 457 2404 510 δ’
2443 456 2541 509 οὐκ
2571 455 2636 508 ἂν
2668 453 2846 522 ἔλυσε,
2897 454 3066 525 μόρου
3096 449 3488 534 δίἀνεσὼσατο
3531 452 3659 518 Χρι-

3532 334 3668 399 1212

3523 545 3662 615 [τός.

2088 639 2416 703 Δυσσεϐέες,
2439 639 2727 710 πείσθητε·
2761 638 2972 709 νεκρῶν
2996 636 3106 708 γὰρ
3141 635 3405 706 ἀπέγρετ’
3428 635 3664 704 Ἰησοῦς.

417 729 700 800 Ἅννανίην
767 731 884 782 ποτ,
949 730 1152 798 ἔπεφνε
1237 730 1454 800 Πέτρου
1525 726 1983 823 λόγος’,ξῦνξκα
2088 753 2194 820 Εις
2223 753 2337 821 τὴν
2390 754 2754 823 συμϐουλὴν
2787 753 3128 821 Γαμαλιὴλ.
3171 752 3258 805 ὅτι
3293 749 3387 804 δεῖ
3417 749 3506 818 μὴ
3558 767 3661 804 κω

1742 814 1988 888 [Πνεῦμα

407 907 463 958 Ψ
465 905 664 960 εύσατο
699 906 1092 977 παμμεδέοντα
1119 907 1363 977 βασιλέα,
1389 910 1487 980 τῆς
1523 908 1580 962 δέ
1609 925 1702 962 κεν
1733 906 1880 975 ὠνῆς

408 997 622 1072 κλέψεν
658 998 763 1052 έῶν
799 999 1067 1060 κτεάνων,
1105 1000 1214 1053 ἀπὸ
1235 1001 1282 1052 δ’
1331 1002 1508 1054 εἵλετο
1531 1003 1726 1070 μοῖραν
1757 998 1988 1051 ἐκεῖθεν.

408 1089 739 1154 Ψευδολόγοι
763 1089 1110 1158 τρομέωμεν·
1134 1091 1163 1142 ὁ
1200 1091 1310 1160 γὰρ
1329 1091 1498 1155 τύπος
1525 1091 1717 1160 ἐγγύθι
1751 1094 1951 1144 κεῖται.

476 1181 582 1245 Εἰς
607 1179 751 1245 τοὺς
812 1180 932 1233 ὑπὸ
990 1180 1102 1248 τῆς
1132 1181 1310 1248 σκιᾶς
1335 1183 1566 1250 ’Πέτρου
1597 1183 1908 1252 ἰωμένους.

409 1272 508 1325 ..Αν
547 1270 674 1324 σκιὰ
703 1271 911 1338 Πέτρου
948 1273 1049 1335 τὰς
1075 1273 1263 1337 νόσους
1289 1275 1458 1344 ἄρδην
1483 1274 1608 1346 λύῃ,

408 1361 475 1413 Ti
505 1361 692 1414 λοιπὸν
723 1361 1022 1430 ἐργάσαιτο
1053 1364 1304 1431 ταύταςς
1338 1366 1459 1418 εἰπέ
1484 1381 1600 1437 μοι)

418 1453 482 1506 Ὀ
513 1451 724 1523 Πέτρος
754 1452 942 1520 αὐτὸς,
970 1455 1065 1508 καὶ
1092 1456 1155 1509 τὺ
1181 1456 1275 1510 τοῦ
1316 1457 1528 1528 Πέτρου
1571 1458 1748 1527 στόμα
1779 1473 1794 1523 ;

409 1544 636 1607 Πάντως
667 1541 830 1598 πλέον
855 1546 959 1615 σχῇ
996 1548 1095 1616 τῆς
1129 1547 1340 1616 Πέτρου
1375 1549 1536 1611 σκιᾶς
1570 1548 1800 1618 Πέτρος.

988 1661 1094 1726 Εἰς
1122 1659 1191 1714 τὸ
1223 1663 1398 1716 αὐτό.

417 1753 485 1806 Ἦ
516 1754 645 1808 σκιά
672 1756 772 1809 οὐκ
799 1755 1082 1826 ἁτρέκεια.
1114 1755 1322 1824 Πέτρου
1361 1755 1417 1807 δέ
1438 1771 1500 1807 τε
1531 1755 1627 1808 καὶ
1652 1754 1778 1808 σκιὰ
1805 1755 1944 1824 αὐτή

406 1847 718 1914 Ἀτρεκέως
750 1848 1036 1908 νοσέοντας
1062 1847 1283 1917 ἰήσατο,
1307 1845 1494 1914 θαῦμα
1535 1846 1762 1899 ἰδέσθαιο

407 1937 563 2000 Τοίος
599 1940 906 2002 ἐπισκιάοις
935 1956 1027 2005 με,
1055 1937 1373 2008 μακάρτατε
1405 1939 1604 2008 Πέτρε,
1633 1939 1915 2004 νοσεῖΝτα,

408 2029 563 2098 Μηδὲ
589 2047 649 2082 τε
672 2033 816 2095 τοῖος
845 2032 963 2102 έης,
993 2028 1102 2094 οἷός
1143 2047 1273 2084 ποτε
1301 2031 1437 2100 ἀμφ’
1475 2031 1745 2101 Ἀνανίην.

406 2142 514 2208 Εις
543 2139 658 2209 τὴν
682 2141 975 2212 φυλακὴν
1018 2143 1270 2266 Hii/pou,
1303 2143 1402 2197 καὶ
1442 2143 1561 2210 τὴν
1597 2145 1700 2200 ὑπ’
1727 2144 1988 2214 ἀγγέλου

1120 2228 1284 2266 vam.

1120 2228 1284 2266 υσιν.

415 2302 477 2356 ὐ
514 2302 741 2367 δυνατὸς
761 2302 831 2356 τὰ
856 2304 1036 2358 πάντα
1063 2304 1286 2373 δεσμεῖν
1319 2305 1410 2357 καὶ
1435 2303 1586 2358 λύειν

406 2393 743 2463 Δεσμεύεται
769 2392 886 2457 νῦν,
923 2395 1019 2448 καὶ
1042 2393 1441 2465 καθειργνυται
1479 2397 1707 2467 Πέτρος·

406 2484 554 2536 ’Δλλε
586 2483 819 2553 ἄγγελος
848 2487 918 2538 τὰ
950 2484 1198 2556 κλεῖθρα,
1223 2484 1294 2538 τά
1324 2486 1477 2539 κλοιὰ
1505 2488 1734 2556 κλάσας,

417 2574 676 2628 Ἐωθινὸν
717 2578 935 2646 κήρυκα
971 2576 1185 2643 πέμπει
1212 2579 1323 2639 τοῖς
1361 2578 1561 2648 ὄχλοις..

985 2667 1091 2734 Εἰς
1120 2671 1187 2723 τὸ
1229 2671 1398 2724 αὐτό.

409 2754 644 2834 Εἴρξατε
673 2755 884 2827 Πέτρον
919 2757 1081 2828 ὖμες,
1114 2760 1349 2830 Χριστὸς
1382 2761 1426 2814 δ’
1455 2762 1709 2831 ἀπέλυσ’,
1748 2765 1954 2837 ἱερῆες,

407 2847 645 2917 Χριστὸς
702 2849 912 2920 Πέτρον
972 2849 1154 2917 ἔλυσε,
1208 2853 1302 2905 καὶ
1365 2853 1592 2923 ἀμφαδὰ
1631 2856 1814 2928 πέμπε
1851 2859 1997 2913 διδά-

1799 2949 1999 3023 [σκεινδ

412 3096 518 3151 ties
563 3096 776 3152 veniam
832 3113 1019 3168 iussus
1075 3115 1136 3156 es
1171 3104 1601 3159 misericorditer
1662 3107 1984 3179 indulgere:

408 3202 596 3242 verum
629 3189 680 3244 id
704 3191 922 3260 quidem
953 3201 1057 3258 est,
1091 3195 1186 3247 sed
1217 3195 1342 3249 mali
1376 3199 1647 3266 primitias
1675 3212 1984 3257 anteverto.

1081 3307 1144 3362 In
1193 3309 1351 3364 idem.

483 3395 634 3450 Petri
659 3395 960 3467 increpatio
982 3401 1258 3468 quondam
1289 3404 1514 3458 Ananiae
1562 3417 1797 3460 mortem
1845 3407 1990 3462 intu-

409 3486 494 3552 lit,
531 3489 674 3555 quod
703 3489 927 3557 Spiritui
977 3492 1083 3546 late
1117 3498 1392 3564 regnantis
1448 3497 1540 3551 Dei
1592 3501 1874 3564 mentitus,
1927 3503 1992 3556 de

409 3578 587 3645 l-retio
622 3579 939 3634 facultatum
969 3597 1212 3647 suarum,
1245 3597 1397 3652 parte
1442 3587 1567 3642 inde
1593 3590 1794 3655 ablata,
1823 3590 2019 3644 sulm--

409 3676 563 3722 ratus
589 3666 785 3724 fuerat.
812 3669 923 3726 Nos
955 3671 1359 3729 mendaciorum
1391 3686 1687 3734 tremamus
1721 3680 1989 3740 artifices:

410 3758 514 3813 hoc
554 3761 700 3814 enim
737 3761 897 3817 nobis
923 3766 1260 3832 propositum
1291 3779 1375 3821 est
1408 3771 1708 3838 exemplar.

640 3874 719 3930 De
748 3878 812 3932 iis
847 3879 940 3946 qui
969 3878 1118 3934 Petri
1144 3881 1330 3938 umbra
1370 3887 1545 3939 sanati
1577 3895 1721 3943 sunt.

482 3986 538 4042 Si
578 3985 723 4043 Petri
760 3989 948 4045 umbra
984 4007 1176 4048 omnes
1213 4009 1436 4064 prorsus
1497 3999 1846 4066 aegritudines
1882 4004 1991 4058 dis-

405 4081 596 4144 cussit,
623 4081 748 4148 quid
781 4082 835 4137 in
866 4098 960 4140 eas
987 4087 1054 4140 de
1085 4095 1284 4143 επιεῐο
1315 4089 1562 4147 facturus
1599 4103 1704 4160 est,
1739 4096 1870 4149 mihi
1913 4097 1992 4152 lo-

403 4186 592 4239 quere,
647 4172 839 4229 Petrus
888 4175 1026 4245 ipso,
1085 4188 1140 4232 et
1187 4179 1317 4249 ejus
1364 4185 1478 4238 oris
1507 4183 1831 4251 imperium?
1861 4184 1991 4242 Plus

403 4263 627 4318 omnino
645 4262 866 4331 Petrus,
885 4281 1047 4335 quam
1078 4267 1224 4323 Petri
1245 4271 1434 4326 umbra
1469 4273 1728 4342 consequi
1763 4275 1985 4344 poterit.

1057 4373 1121 4428 In
1151 4376 1312 4431 idem.
2015 4399 2060 4457 ι)

480 4457 684 4513 Umbra
713 4476 816 4514 non
847 4470 930 4516 est
953 4465 1175 4531 veritas;
1209 4475 1388 4523 tamen
1419 4469 1503 4523 vel
1536 4469 1649 4525 sola
1677 4471 1824 4527 Petri
1857 4490 1977 4564 pm-

407 4549 502 4602 lira
556 4549 700 4607 (visu
759 4552 1031 4622 mirabile)
1096 4556 1238 4613 male
1292 4557 1516 4614 allectos
1573 4576 1700 4617 vere
1750 4549 1980 4619 curavit.

407 4637 558 4695 Talis
589 4653 676 4694 me
711 4641 1008 4699 invalidum
1041 4645 1338 4714 inumbres,
1371 4664 1405 4704 ο
1431 4651 1740 4709 beatissime
1789 4653 1990 4722 Patre;

404 4747 508 4788 nec
539 4735 993 4804 quemadmodum
1044 4740 1176 4796 olim
1227 4742 1281 4797 in
1322 4742 1625 4815 Ananiam,
1664 4748 1747 4803 sic
1799 4749 1852 4804 in
1902 4765 1991 4807 me

401 4841 617 4884 saeuas.

606 4940 685 4997 De
717 4939 869 4997 Petri
897 4942 1160 5010 euslodia,
1193 4947 1406 5018 ejusque
1441 4949 1772 5010 liberatione.

473 5052 649 5111 Penes
691 5070 852 5127 quem
902 5057 1076 5128 ligare
1123 5063 1306 5117 omnia
1351 5064 1518 5119 situm
1550 5075 1656 5133 est,
1686 5085 1898 5128 necnon
1935 5085 1990 5130 et

401 5146 636 5214 solvere,
672 5149 911 5206 vincitur
960 5167 1106 5208 nunc
1152 5152 1348 5210 Petrus
1403 5169 1469 5210 ac
1530 5159 1802 5216 detinetur
1843 5180 1858 5217 :
1895 5166 1988 5221 sed

402 5253 528 5292 eum
560 5242 807 5310 angelus,
845 5244 1090 5301 vectibus
1148 5260 1212 5301 ac
1241 5246 1492 5302 numellis
1523 5249 1833 5321 perfractis,
1869 5272 1988 5315 ma-

404 5331 640 5387 tutinum
670 5334 1002 5391 multitudini
1032 5351 1340 5407 praeconem
1372 5338 1561 5394 mittit.

1088 5449 1156 5505 In
1179 5449 1339 5507 idem.

473 5559 584 5616 Vos
637 5561 856 5618 Petrum
912 5563 1280 5632 conclusistis,
1334 5568 1686 5638 sacerdotes;
1731 5570 1985 5632 Christus

402 5651 626 5719 eripuit,
654 5663 710 5710 et
732 5663 1000 5723 ereptum,
1034 5657 1314 5727 propalam
1340 5669 1398 5714 ut
1429 5660 1667 5727 doceret,
1701 5663 1984 5735 allegavit;

402 5739 630 5814 ipsemet
676 5759 805 5802 vero
853 5745 1106 5804 Christus
1153 5765 1262 5808 non
1320 5751 1589 5827 seipsum‘
1617 5754 1848 5826 vinclis,
1887 5761 1983 5815 sed

2582 825 2756 878 λύειν
2781 824 2845 876 τὸ
2876 823 3171 891 κήρυγμα.

2097 941 2290 1008 Ἀφες,
2322 939 2562 1009 πονηρὲ,
2595 939 2721 1000 τοὺς
2746 936 3081 1000 ἀποστόλους
3104 937 3305 1005 λέγειν.

2090 1031 2345 1094 Γλώσσας
2374 1034 2548 1098 πυρὸς
2580 1032 2806 1101 φέρουσι
2836 1047 2849 1061 ·
2881 1029 3092 1100 φρίξον.
3126 1030 3399 1100 ἐφρύγης·

2092 1125 2216 1190 Θεῷ
2250 1124 2360 1192 γάρ
2387 1123 2488 1175 οὐκ
2515 1121 2581 1175 ἂν
2603 1122 2959 1192 ἀντιπράξειν
2995 1121 3244 1192 ἰσχύσῃς,
3267 1169 3270 1172 .

2105 1216 2163 1268 ὐ
2194 1215 2284 1278 σὸς
2306 1212 2593 1284 Γαμαλιήλ
2627 1229 2686 1265 σε
2717 1213 2955 1266 πειθέτω
2982 1213 3181 1281 λέγων.

2670 1317 2773 1383 Εἰς
2817 1319 2883 1371 τὸ
2914 1320 3085 1373 αὐτό.

2067 1475 2072 1481 ,
2097 1413 2199 1476 Τίς
2234 1411 2363 1465 ποθ’
2387 1414 2415 1465 ὁ
2438 1411 2865 1482 πρεσϐυτέροισι
2899 1409 3073 1480 καλὴν
3105 1407 3374 1480 ἀρτύνατο
3403 1407 3601 1478 βουλὴν

2109 1504 2328 1568 Ἐσθλὺς
2352 1505 2512 1576 ἀνὴρ,
2551 1503 2794 1575 μεθέμεν
2829 1503 3174 1573 θεοκὴρυκας
3203 1502 3319 1572 ὄρθ’
3339 1501 3626 1571 ἀγορεύειν
3657 1518 3673 1565 ;

2095 1598 2249 1674 Μηδὲ
2277 1596 2413 1649 Θεοῦ
2451 1594 2824 1666 προπάροιθεν
2855 1594 3132 1647 ἀτάσθαλα
3161 1593 3402 1646 δάκτυλοι
3431 1593 3628 1645 τείνειν
3655 1609 3674 1655 ;
3724 1598 3734 1604 “

2020 1706 2064 1762 Β
2093 1689 2379 1760 Γαμαλιὴλ
2393 1689 2489 1754 ὅδ’,
2520 1689 2732 1760 ἄριστε,
2761 1688 3088 1758 φαρισσαῖος
3116 1684 3454 1754 νομομαθής.

2257 1804 2364 1868 Εἰς
2395 1801 2511 1870 τὴν
2540 1798 2806 1868 ἐκλογὴν
2843 1795 2962 1852 τῶν
3001 1798 3151 1852 ἑπτὰ
3188 1796 3505 1852 διακόνων.

2093 1893 2284 1954 Ἥλιος
2324 1891 2461 1957 ἄναξ
2489 1892 2629 1945 ἑπτὰ
2658 1891 2766 1944 τῶν
2799 1892 3168 1958 πλανωμένων
3187 1905 3201 1922 ·

2091 1986 2365 2052 Στέφανος
2389 1983 2528 2049 ἄναξ
2554 1984 2697 2038 ἑπτὰ
2736 1982 2847 2036 τῶν
2879 1983 3154 2036 διακόνων
3175 1997 3189 2012 ⁶

2102 2077 2163 2128 ’0
2201 2076 2296 2143 μὲν
2322 2075 2495 2145 τριῶν
2520 2075 2746 2145 ὕπερθε,
2778 2074 2873 2128 καλΙ
2904 2074 3071 2143 τριῶν
3105 2074 3274 2140 κάτω,

2101 2168 2162 2221 Ὀ
2186 2167 2243 2220 δὲ
2270 2166 2376 2239 πρὸ
2396 2166 2505 2221 τῶν
2531 2165 2590 2233 ἒξ
2621 2166 2863 2234 εὐλόγως
2894 2167 3250 2234 τεταγμένος.

2680 2281 2785 2346 Εἰς
2813 2281 2881 2334 τὸ
2911 2281 3084 2334 αὐτό.

2093 2373 2397 2444 Νικάνορα,
2423 2372 2702 2444 Πρόχορον
2737 2388 2823 2436 τε,
2849 2372 3077 2442 Τιμωνά
3118 2389 3201 2435 τε,
3233 2372 3510 2427 Νικὸλεὼν
3539 2390 3601 2429 τε

2093 2467 2391 2536 Παρμενᾶν
2420 2482 2505 2532 τε,
2537 2466 2809 2520 Φίλιππόν
2842 2483 2924 2531 τε,
2958 2465 3232 2534 Στέφανόν
3270 2484 3330 2519 τε
3367 2467 3578 2537 θεουδῆ,

2095 2559 2300 2611 Τούσδε
2331 2558 2536 2626 Πέτρος
2561 2558 2834 2629 προέταξε
2873 2558 3176 2629 διακριδὸν,
3208 2559 3354 2628 ὄφρα
3390 2560 3674 2629 τραπέζας

2099 2650 2326 2714 Πιστοϊς
2351 2649 2659 2721 άρτυνέωσι
2687 2649 2927 2721 διήκονοι
2958 2649 3142 2704 ἐσθλοὶ
3169 2649 3373 2714 εόντες.

2393 2767 2513 2833 -Εις
2542 2765 2651 2819 τὸν
2686 2765 2989 2836 λιθασμὸν
3010 2764 3343 2833 Στεφάνου.

2098 2855 2353 2928 Χρυσοῢν
2379 2859 2407 2911 ὀ
2439 2857 2648 2929 μάρτυς
2675 2857 2770 2912 καὶ
2810 2856 2919 2928 πρὸ
2946 2857 3056 2910 τῶν
3083 2857 3248 2910 λίθων
3276 2856 3472 2927 στέφος
3494 2871 3508 2889 ο

2115 2948 2181 3005 Ἦ
2208 2949 2532 3021 λαμπρότης
2569 2948 2678 3021 γὰρ
2717 2949 2989 3020 μαρτυρεῖ
3015 2949 3116 3018 τῆς
3158 2947 3303 3011 ἰδέας
3326 2963 3342 2978 ’

2092 3115 2302 3172 morte;
2336 3105 2543 3162 credite
2579 3107 2820 3180 tandem,
2848 3105 3146 3179 aliquando
3172 3108 3400 3178 perfidi;
3439 3109 3680 3164 surrexit

2089 3197 2362 3255 Christus.

2199 3313 2277 3368 De
2303 3312 2615 3368 Camalielis
2653 3316 2902 3379 consilio,
2921 3331 3026 3369 non
3055 3316 3434 3385 prohibendam
3459 3332 3572 3371 esse

2441 3386 2926 3454 ﬂprazdicationem
2983 3387 3273 3440 suadentis.

2164 3474 2294 3530 Sine
2325 3475 2470 3546 loqui
2499 3476 2792 3544 apostolos,
2820 3492 2852 3532 ο
2902 3477 3127 3540 nefarie,
3165 3479 3350 3547 igneas
3385 3477 3678 3533 circumfe-

2093 3577 2222 3621 runt
2269 3567 2516 3633 linguas;
2558 3569 2836 3630 horresce,
2891 3567 2983 3624 illo
3047 3569 3168 3638 igne
3220 3579 3389 3625 tostus
3423 3587 3526 3638 es;
3573 3587 3674 3626 nec

2092 3658 2238 3713 enim
2300 3675 2538 3729 unquam
2579 3658 2688 3714 Deo
2747 3660 3005 3714 rcluctari
3054 3663 3230 3729 possis
3281 3679 3295 3716 :
3349 3665 3440 3731 Qui
3498 3678 3528 3717 e
3581 3671 3676 3716 tuo

2091 3749 2320 3819 collegio
2348 3762 2430 3806 est
2457 3749 2740 3816 Gamalicl,
2767 3766 2864 3806 suo
2893 3763 2943 3806 te
2973 3766 3228 3808 sermone
3255 3755 3594 3823 persuadeat.

2545 3930 2548 3934 ι
2749 3861 2817 3917 In
2853 3864 3012 3919 idem.

2165 3955 2295 4022 Quis
2332 3955 2613 4012 decentem
2662 3957 2973 4013 senioribus
3019 3958 3301 4027 proposuit
3347 3961 3673 4014 sententiam

2092 4049 2177 4101 vir
2209 4047 2428 4118 probus,
2463 4057 2521 4100 ut
2553 4048 2765 4104 divinos
2797 4049 2863 4103 ad
2898 4049 3004 4104 rite
3040 4051 3442 4119 praedicandum
3480 4051 3668 4105 dimit-

2093 4149 2210 4195 tant
2241 4141 2585 4210 interpretes,
2614 4155 2787 4212 neque
2820 4141 3083 4212 sacrilego
3117 4154 3304 4197 contra
3353 4145 3516 4196 Deum
3552 4145 3675 4198 nisu

2091 4231 2464 4287 contendant?
2512 4232 2604 4286 Ille
2652 4235 2768 4302 ipse
2801 4230 3108 4287 Pharisaeus
3158 4241 3243 4287 est
3277 4233 3541 4289 Gamaliel
3574 4247 3674 4302 ap-

2091 4322 2267 4391 prime
2299 4323 2479 4394 legum
2513 4325 2739 4393 peritus,
2775 4325 2979 4394 optime
3014 4328 3206 4381 amice.

2353 4437 2430 4492 De
2461 4449 2652 4506 septem
2703 4440 3049 4493 diaconomm
3109 4440 3386 4494 electione.

2165 4547 2259 4604 Sol
2305 4558 2560 4617 septenos
2625 4550 2766 4604 inter
2814 4549 3058 4619 planetas
3135 4551 3438 4619 principem
3492 4549 3675 4604 locum

2093 4652 2258 4707 tenet,
2317 4640 2627 4709 Stephanus
2678 4641 2818 4695 inter
2874 4650 3080 4710 septem
3142 4642 3404 4696 diaconos
3469 4642 3674 4709 primas

2092 4743 2358 4802 occupat;
2395 4732 2484 4787 ille
2520 4733 2735 4802 quidem
2790 4742 2904 4786 tres
2953 4747 3187 4801 superne
3230 4733 3412 4798 habet,
3451 4733 3672 4788 totidem

2092 4825 2347 4891 inferne;
2406 4825 2492 4878 hic
2526 4839 2659 4880 vero
2707 4839 2874 4894 supra
2908 4839 3002 4879 sex
3035 4825 3297 4881 diaconos
3333 4825 3528 4880 merito
3557 4823 3676 4880 col-

2089 4919 2297 4974 locatus
2324 4928 2429 4972 εει.

2743 5009 2808 5064 In
2839 5010 3002 5064 idem.
3524 5077 3528 5081 _

2163 5101 2512 5169 Nicanorem,
2543 5101 3212 5168 Prochorum,’l‘imonem
3268 5109 3323 5156 et
3366 5099 3670 5166 Nicolaum,

2090 5193 2440 5260 Parmenam,
2473 5192 2780 5262 Philippum
2815 5203 2870 5247 et
2907 5193 3058 5263 pium
3090 5190 3453 5262 Stephanum,
3508 5192 3606 5246 hos
3639 5207 3672 5245 a

2091 5281 2289 5353 populo
2319 5293 2560 5337 secretos
2603 5281 2990 5350 praeordinavit
3023 5281 3236 5348 Petrus,
3282 5298 3388 5351 quo
3429 5297 3672 5348 mensas,

2092 5375 2143 5428 in
2184 5374 2547 5430 ministerium
2603 5374 2925 5429 diaconatus
2967 5372 3123 5430 electi
3152 5413 3168 5442 ,
3224 5375 3474 5431 fidelibus
3504 5388 3674 5444 appa-

2089 5474 2233 5522 rent.

2503 5557 2581 5612 De
2615 5556 2867 5628 Stephani
2909 5558 3258 5628 lapidatione.

2163 5668 2469 5738 Stephanus
2485 5669 2635 5740 prius
2649 5679 2769 5726 erat
2793 5685 2957 5726 aurea
2975 5685 3198 5739 corona,
3219 5686 3379 5739 quam
3406 5671 3675 5740 lapidibus

2090 5760 2488 5831 impeteretur;
2547 5761 2601 5818 id
2659 5763 2802 5832 quod
2847 5777 2913 5820 ex
2971 5763 3086 5833 eius
3130 5763 3416 5832 prosiliens
3451 5773 3672 5831 aSpectu
