4050 6406
380 290 521 352 1215

962 402 1069 468 Είς
1098 404 1164 457 τὸ
1193 406 1364 459 αὐτό.

380 512 627 566 Χαλκέου
656 513 713 580 ἐξ
747 512 960 579 ὕπνοιο,
990 516 1272 585 μαθήτρια
1305 518 1527 588 δορκάς,
1568 514 1775 574 ἀνίστω
1800 539 1813 553 ·

380 603 584 674 Πέτρος
608 604 685 657 ὅδ’
706 606 838 675 άγχι
864 609 1135 675 πάρεστι’
1166 609 1331 678 τάχος
1350 611 1511 680 τάχος
1529 610 1712 682 ἔγρεο,
1742 617 1918 680 κούρη
1941 629 1953 644 ·

379 692 571 764 Χήρῃς
600 694 645 746 δ’
684 696 829 765 ἀμφὶ
874 699 1091 765 γυναιξὶ
1125 701 1365 770 παρηΐδα
1399 703 1597 773 μόρξον
1631 704 1727 772 ἀφ’
1758 705 1955 775 ὑγρὴν,

379 785 451 837 Δῖ
477 803 535 838 σε
566 786 980 857 περικλαίουσιν
1007 790 1351 862 ἀγαθουργὸν
1374 810 1478 855 περ
1508 792 1726 849 ἐοῦσαν.

380 924 484 986 Εις
513 920 627 989 τὴν
648 922 752 977 ἀπ’
777 925 1040 993 οὐρανοῦ
1069 925 1416 994 δειχθεῖσαν
1435 928 1633 996 Πέτρῳ
1656 929 1957 999 σαγήνην.

378 1036 486 1090 Φεῦ
510 1037 610 1105 τῆς
642 1040 923 1109 σαγήνηςί
953 1039 1186 1110 οὐρανοῦ
1218 1041 1442 1094 πλουτεῖ
1485 1042 1711 1110 πλάτος,

380 1125 464 1178 Τά
495 1126 676 1181 πάντα
708 1130 1089 1198 συσφίγγουσα
1126 1130 1236 1183 τῶν
1256 1131 1410 1196 ζώων
1439 1133 1597 1206 γένη,

387 1218 475 1282 Ἀ,
515 1220 710 1288 Πέτρε,
733 1220 898 1282 θύσας
924 1223 1303 1287 ἀνυποστόλως
1331 1225 1472 1294 φάγε
1495 1242 1509 1257 ⁸

382 1310 552 1363 οὐδὲν
577 1312 688 1380 γὰρ
723 1313 1036 1383 ἀκάθαρτον
1067 1315 1096 1366 ὁ
1137 1313 1369 1386 Χριστὸς
1396 1317 1571 1386 λέγει.

962 1444 1065 1513 Εἰς
1098 1446 1165 1501 τὸ
1193 1447 1364 1502 αὐτό.

385 1554 587 1608 Ἐθνεα
618 1554 800 1609 πάντα
825 1555 1075 1626 δέχνυσο,
1105 1556 1203 1610 καὶ⁸
1234 1556 1483 1629 ἔγγραφε
1515 1562 1675 1613 παισὶ
1704 1561 1879 1624 θεοῖο,

382 1648 578 1718 Πέτρε,
601 1650 669 1701 τὰ
694 1650 805 1719 γάρ
832 1667 914 1702 σοι
946 1649 1151 1702 κέλλετ⁹
1176 1651 1269 1719 ἀφ’
1293 1652 1511 1724 αίθέρος
1533 1652 1667 1723 ἔργα
1696 1656 1909 1725 σαγήνη
1931 1670 1946 1686 ο

380 1740 566 1791 Πάντα
593 1739 728 1792 Θεοῦ
760 1740 1015 1811 τελέθῃσι
1053 1743 1150 1795 καὶ
1181 1743 1261 1804 εἰς
1284 1742 1417 1796 Θεὸν
1436 1739 1568 1797 αὖτε
1605 1744 1839 1812 μολείτω
1866 1761 1881 1778 ο

380 1833 732 1905 κληρονόμον
764 1833 810 1888 δ’
850 1833 1049 1888 ἐθνέων
1071 1835 1308 1906 Χριστὸν
1342 1835 1480 1906 φάτο
1519 1836 1615 1890 καί
1660 1854 1746 1901 τις
1775 1837 1953 1907 ὁρών-

1732 1929 1889 2003 [των.

715 2045 823 2112 Είς
848 2044 964 2113 τὴν
1000 2044 1250 2114 σφαγὴν
1297 2043 1604 2101 Ἰακώϐου.

384 2156 664 2229 Τέθνηκεν
692 2156 1068 2227 θπρὼταθλος
1094 2161 1158 2212 ἐκ
1188 2159 1406 2213 πολλῶν
1432 2160 1616 2225 λίθων,

393 2247 452 2302 Ὀ
477 2250 734 2319 δεύτερος
765 2250 821 2303 δὲ
853 2252 1065 2320 μάρτυς
1101 2252 1161 2317 ἐξ
1192 2250 1311 2313 ἑνὸς
1346 2251 1535 2320 ξίφους

392 2339 656 2403 Ἰσοκλεὲς
680 2340 738 2394 δὲ
760 2341 857 2394 τοῦ
893 2342 1171 2410 Στεφάνου
1206 2345 1318 2405 τοῖς
1347 2341 1516 2406 λίθοις

380 2433 455 2486 Τὸ
485 2435 708 2486 κτεῖναν
735 2433 996 2486 Ἰάκωόον
1039 2432 1286 2503 Ἡρώδου
1314 2433 1486 2503 ξίφος.

974 2568 1079 2632 Εἰς
1100 2568 1166 2620 τὸ
1204 2569 1376 2623 αὑτό.

389 2675 452 2729 '0
485 2676 677 2741 κλυτὸς
706 2677 963 2742 Ἰάκωϐος
994 2680 1260 2749 ὀλύμενος
1288 2682 1433 2752 ἀμφὶ
1467 2683 1736 2754 μαχαίρῃ.

395 2770 550 2832 Ἰδοὺ,
577 2771 753 2836 ἔειπε,
798 2772 939 2822 πέντιι
969 2774 1032 2825 τὸ
1066 2774 1347 2843 ποτήριον,
1390 2773 1418 2826 ὃ
1446 2775 1848 2843 προπέπωκας,

381 2860 609 2930 Χριστὲ,
645 2861 735 2928 σὺ,
764 2862 862 2917 καὶ
901 2862 1260 2935 βαπτίζομαι,
1291 2864 1366 2928 ὡς
1398 2865 1835 2937 προϐεϐάπτισαι
1860 2870 1957 2921 αξι-

1770 2956 1878 3020 τός.

379 3038 625 3105 Αἵματος
652 3043 712 3107 ἐξ
746 3044 898 3098 ῐδιοιο
919 3045 1268 3115 λελουμένος,
1300 3045 1436 3102 ἀλλά
1467 3065 1533 3118 με
1553 2954 1762 3112 δέξαι.[

1028 3189 1092 3244 1η
1122 3190 1282 3244 idem.

451 3275 527 3330 Ex
553 3293 694 3332 meo
720 3295 914 3335 somno
942 3296 1199 3354 exsurge,
1235 3284 1437 3340 Dorcas
1466 3284 1959 3355 discipula,Petrus

379 3382 548 3438 prope
569 3371 742 3434 adest;
766 3373 1166 3441 quamprimum
1200 3376 1460 3440 excitare,
1486 3377 1701 3441 mulier,
1730 3376 1959 3429 humen-

379 3472 462 3516 tes
488 3464 766 3519 viduarum
798 3467 1083 3522 mulierum
1109 3484 1274 3538 genas
1299 3470 1568 3539 absterge,
1594 3486 1711 3538 quae
1731 3479 1782 3526 te
1802 3470 1959 3526 bonis

381 3553 780 3610 incumbentem
812 3558 1070 3625 operibus
1101 3567 1293 3614 mmste
1322 3561 1651 3616 desiderant.

789 3668 868 3724 De
899 3688 1091 3742 sagena
1126 3673 1283 3728 Petro
1323 3683 1554 3730 ostensa.

448 3759 594 3816 Proh
627 3776 750 3832 quae
786 3765 1018 3833 sagenal
1052 3781 1157 3834 qua
1186 3767 1308 3822 caeli
1362 3768 1729 3836 locupletatur
1754 3770 1951 3839 ampli.

381 3850 530 3916 tudo,
561 3852 743 3906 omnia
772 3855 1142 3923 complectens
1168 3858 1524 3913 animantium
1574 3874 1792 3929 genera,
1826 3862 1954 3929 qui-

378 3941 479 3996 bus
507 3943 798 4000 immolatis
827 3960 1020 4002 secure
1050 3950 1304 4015 vescitor,
1338 3964 1372 4005 o
1401 3950 1586 4017 Petre,
1622 3965 1743 4005 nam
1790 3952 1952 4008 Chri-

377 4042 492 4088 stus
525 4034 795 4104 impurum
823 4038 958 4092 nihil
986 4054 1112 4094 esse
1138 4041 1472 4109 pronuntiat.

1031 4149 1095 4207 In
1133 4152 1295 4207 idem.

448 4243 647 4298 Omnes
676 4242 900 4297 admitte
930 4251 1140 4313 gentes,
1171 4245 1303 4299 etin
1332 4244 1567 4302 ﬁliorum
1600 4248 1696 4304 Dei
1726 4264 1948 4306 censum

375 4335 611 4399 ascribe,
640 4333 816 4398 Petre,
840 4334 920 4389 sic
939 4336 1107 4400 enim,
1128 4337 1341 4394 etelitus
1369 4354 1564 4410 sageua
1585 4340 1763 4408 palam
1787 4342 1952 4408 facta,

376 4422 494 4477 ﬁeri
523 4420 744 4489 iubetur
781 4441 795 4478 :
827 4422 920 4478 Dei
953 4433 1083 4479 sunt
1115 4428 1320 4493 omnia,
1352 4438 1407 4482 et
1463 4429 1529 4483 ad
1563 4430 1729 4485 Deum
1770 4433 1950 4487 redire

1585 300 1975 361 THEODORI
2016 301 2419 364 PRODllOMI

1976 415 2026 471 Α
2054 414 2156 477 Είς
2194 412 2308 480 τὴν
2341 412 2631 487 δευτέραις
2660 414 2950 487 φυλακὴν
2984 416 3230 484 Πέτρου,
3268 418 3365 471 καί
3391 429 3505 487 τὴν
3531 417 3639 473 ὑπ’

3498 306 3634 367 1216

2589 484 2689 553 ἀγ)
2704 484 2847 538 ἐλου
2897 487 3104 541 λύσιν.

2063 573 2358 627 Κάνταῦθα
2392 574 2554 628 πάλιν
2585 574 2946 641 φυλακὶζεται
2979 577 3209 647 Πέτρος,

2058 666 2221 734 Φορεῖ
2251 665 2307 717 δὲ
2336 665 2511 734 δεσμὰ
2541 667 2634 719 καὶ
2670 666 2896 738 σιδηρᾶς
2922 666 3143 731 ἁλύσεις
3166 685 3183 699 ·

2059 753 2355 808 Κάνταῦθα
2380 755 2544 808 πάλιν
2571 755 2802 822 ἄγγελος
2838 757 3046 822 Πέτρον
3077 757 3216 821 λύει,

2060 847 2172 901 Καὶ
2201 843 2303 915 κλᾷ
2331 846 2399 898 τὰ
2430 846 2631 915 δεσμὰ,
2655 847 2753 899 καὶ
2777 846 3006 916 ποδηγεῖ
3031 848 3339 918 ποτρέχων.

2658 939 2764 1004 mc
2797 937 2866 991 τὸ
2892 938 3061 992 αὐτό.

2064 1027 2335 1097 Ἀγγελος
2375 1027 2623 1099 αίγλήεις
2650 1027 2782 1097 περὶ
2809 1028 3007 1096 Πέτρῳ
3030 1026 3271 1097 ἕσπερος
3301 1023 3465 1098 ἦλθεν

2060 1120 2300 1191 Είρκτὴν
2329 1120 2717 1191 ἁμφιμένοντι,
2750 1119 2920 1183 ὕπνος
2957 1120 3015 1173 δέ
3038 1120 3088 1173 οί
3118 1120 3342 1190 ὕμματα
3367 1122 3627 1189 κάμπτε·

2059 1213 2168 1283 Στῆ
2206 1211 2250 1264 δ’
2283 1210 2392 1277 ίθὺ,
2424 1210 2527 1276 λάξ
2557 1210 2604 1264 δ’
2651 1210 2947 1279 ἐπάταξεν,
2999 1211 3092 1265 ὁδ’
3137 1212 3327 1282 ἥλατο,
3378 1214 3433 1265 αί
3458 1213 3504 1264 δ’
3543 1212 3636 1284 ἄρ’

2964 1308 2971 1315 ’
3320 1302 3567 1375 [ἁλύσεις

2065 1394 2343 1448 Ἐκπεσον
2375 1392 2708 1462 αὐτόματοι,
2741 1392 2838 1446 καὶ
2872 1393 3095 1448 ἔκτοθεν
3133 1393 3300 1465 quae
3330 1396 3561 1465 Πέτρος.

2400 1486 2509 1551 Εἰς
2543 1485 2659 1553 τὴν
2683 1485 2982 1552 τελευτὴν
3022 1484 3278 1555 Ἡρώδου

2072 1577 2236 1650 Ὀρᾷς
2268 1579 2472 1632 ἐκεῖνον
2496 1579 2588 1632 τὸν
2624 1578 2819 1647 μέγαν,
2844 1578 2937 1632 τὸν
2960 1578 3232 1649 ἐνθρονον,

2060 1664 2135 1724 Οὖ
2168 1670 2298 1731 τοὺς
2326 1669 2519 1736 λόγους
2554 1668 2810 1723 σέϐουσιν
2834 1668 2909 1732 ὡς
2935 1668 3076 1721 Θεοῦ
3108 1668 3302 1737 λόγους
3326 1682 3348 1734 ;

1987 1773 2030 1829 Β
2072 1762 2310 1823 Ἐκεῖνος
2332 1752 2512 1824 οὗτος.
2549 1758 2772 1830 ἀγγέλῳ
2799 1757 3212 1829 πεπληγμένοςο

2060 1851 2311 1922 Σκὼληξι
2345 1850 2534 1924 βρωθῇ
2565 1851 2659 1904 καὶ
2684 1848 2930 1921 παρέλθῃ
2959 1849 3050 1903 τὸν
3074 1846 3217 1920 βίον.

2651 1940 2754 2005 Είς
2785 1940 2849 1992 τὸ
2884 1938 3056 1993 αὐτό.
3137 1947 3141 1951 ’

2070 2028 2309 2099 Ἡρώδη.
2343 2028 2398 2083 τί
2427 2027 2674 2100 γέγηθας
2698 2028 2785 2096 ἐφ’
2819 2027 3010 2096 εἵμασι
3036 2026 3360 2097 βασιλικοῖσι
3386 2045 3402 2093 ;

2060 2122 2235 2175 Τίπτε
2264 2121 2321 2175 δέ
2352 2138 2412 2174 σε
2453 2121 2789 2175 πλανάουσιν
2815 2119 3118 2189 ἀλάστορες
3159 2120 3374 2190 ἀνέρες,
3418 2119 3632 2190 άφρονς

2071 2213 2319 2284 Ῥήματά
2351 2230 2445 2267 σου
2482 2214 2809 2286 γερέθοντες
2841 2216 3019 2281 θείους
3052 2219 3182 2287 ἠΰτε
3216 2219 3540 2289 χρησμούςῖ

2064 2306 2330 2375 Ἀγγελος
2359 2306 2491 2376 άγχι
2526 2309 2783 2377 πάρεστι,
2811 2310 3133 2375 ταλάντατε,
3157 2312 3214 2375 ὃς
3245 2310 3294 2365 σ⁹
3318 2311 3635 2365 ἀπιλέσσει.

2376 2397 2483 2465 Εὶς
2505 2398 2621 2467 τὴν
2643 2400 3015 2471 δημηγορίαν
3046 2404 3318 2460 Παύλου.

2059 2492 2237 2545 Ὅπου
2262 2493 2501 2560 πάρεστι
2534 2492 2766 2558 Παῦλος,
2809 2497 2841 2564 ἡ
2871 2494 3033 2565 χάρις
3062 2495 3206 2565 πόση
3234 2496 3248 2549 l

2060 2583 2241 2636 Ὅπου
2266 2581 2513 2635 διδάσκει
2546 2583 2777 2647 Παῦλος,
2804 2584 2838 2655 ἡ
2870 2576 3044 2637 πειθὼ
3072 2585 3214 2655 πόση
3242 2587 3255 2638 ί

2065 2676 2268 2729 ’Ἄκουε
2303 2674 2518 2728 Παύλου
2553 2675 2665 2728 τῶν
2698 2676 3046 2746 μελισταγῶν
3083 2676 3279 2746 λόγων,

2059 2766 2311 2837 Σίμῦλων
2333 2767 2377 2820 δ’
2411 2767 2763 2841 ἀπορράγηθι
2796 2765 2904 2821 τῶν
2938 2768 3248 2839 ἡμετέρων.

2647 2861 2754 2926 Είς
2781 2859 2849 2912 τὸ
2892 2860 3063 2914 αὑτό.

2056 2951 2266 3013 Παῦλος
2281 2951 2406 3017 ξφα,
2425 2949 2600 3021 στόμα
2620 2947 2856 3020 Χριστοῦ
2876 2949 3000 3018 ἔφα,
3022 2948 3240 3018 Πρόσιτ⁹
3260 2949 3419 3004 ἔθνεα
3435 2948 3632 3013 πάντα,

2060 3042 2261 3097 Ἔθνεα
2288 3042 2488 3109 πάντα,
2525 3042 2772 3112 πρόσιτε,
2800 3039 2936 3094 Θεοῦ
2969 3041 3026 3094 δὲ
3048 3040 3264 3094 κλύοιτε
3295 3040 3586 3101 λαλοῦντος
3611 3053 3628 3068 '

2194 3186 2273 3242 De
2306 3185 2535 3241 secunda
2566 3184 2714 3239 Petri
2742 3185 3006 3249 custodia,
3036 3186 3172 3239 unde
3202 3184 3267 3239 ab
3298 3184 3485 3254 angelo

2659 3255 2910 3308 liberatus
2947 3265 3045 3311 est.

2130 3349 2210 3405 ibi
2241 3362 2454 3403 rursum
2480 3346 2669 3400 Petrus
2698 3344 2971 3413 egrastulo
3003 3344 3294 3411 detinetur,
3328 3345 3559 3400 vinculis
3581 3355 3636 3401 et

2062 3440 2261 3496 ferreis
2288 3449 2543 3510 gravatus
2593 3437 2825 3501 catenis,
2871 3447 2926 3491 et
2974 3437 3100 3492 inde
3152 3453 3366 3491 rursum
3413 3438 3635 3506 angelus

2055 3531 2273 3588 Petrum
2288 3528 2498 3591 eximit,
2517 3526 2814 3596 fractisque
2832 3528 3040 3593 vinclis,
3060 3529 3289 3596 praevius
3312 3529 3414 3583 iter
3433 3527 3636 3583 facien-

2059 3632 2167 3676 tem
2198 3620 2368 3675 ducit.
2711 3633 2720 3642 '

2720 3707 2786 3761 In
2819 3708 2981 3763 idem.
3138 3780 3157 3787 ⁴

2131 3798 2434 3868 Splendens
2465 3798 2690 3870 angelus
2718 3801 2990 3855 serotinus
3018 3800 3084 3855 ad
3108 3799 3328 3855 Petrum
3387 3800 3534 3855 venit
3576 3799 3629 3855 in

2059 3905 2279 3947 carcere
2308 3892 2686 3957 constrictum,
2729 3891 2817 3946 cui
2851 3907 3076 3947 somnus
3104 3891 3389 3945 inclinarat
3423 3892 3631 3957 oculos,

2057 3992 2318 4053 stansque
2353 3992 2531 4039 rectus
2589 3982 2771 4039 calces
2820 3974 3073 4054 pulsavit,
3100 3984 3240 4038 unde
3271 3983 3461 4039 Petrus
3489 3983 3634 4039 exsi-

2053 4074 2161 4142 liit,
2191 4076 2401 4131 catenis
2426 4084 2617 4144 sponte
2645 4075 2967 4130 cadentibus
2998 4086 3054 4130 et
3086 4073 3233 4130 foras
3262 4074 3513 4130 excessit.

2561 4167 2641 4221 De
2673 4176 2841 4221 morte
2872 4166 3121 4223 Herodis.

2123 4253 2280 4312 Hunc
2312 4255 2533 4311 sublimi
2561 4258 2753 4311 throno
2786 4257 3044 4312 fastosum
3069 4256 3295 4311 intueris
3331 4257 3626 4324 hominem,

2053 4349 2207 4418 cujus
2240 4349 2401 4405 verba
2434 4365 2533 4405 ceu
2560 4349 2655 4405 Dei
2717 4365 2976 4420 respousa
3008 4360 3335 4405 veneranter
3363 4350 3628 4405 audiunt?

2054 4439 2145 4496 llle
2188 4439 2305 4512 ipse
2343 4456 2633 4511 percussus
2671 4444 2739 4498 ab
2769 4441 2982 4513 angelo,
3013 4456 3268 4497 corrosus
3331 4443 3626 4510 vermibus,

374 4521 630 4582 oportet;
658 4514 752 4568 sed
775 4523 829 4569 et
856 4515 1073 4571 Christo
1100 4517 1284 4572 datum
1319 4518 1383 4573 iri
1419 4531 1605 4588 gentes
1634 4521 1689 4576 in
1724 4522 1949 4579 haeredi-
1980 4533 2024 4590 D
2055 4532 2218 4586 vitam
2252 4548 2414 4603 agere
2444 4534 2675 4589 desinet.

376 4611 540 4659 tatem
571 4605 961 4673 prophetarum
993 4606 1260 4677 quispiam
1296 4610 1566 4679 praedixit.

791 4716 869 4771 De
893 4716 1081 4773 Jacobi
1110 4721 1528 4779 obtruncatione.

444 4806 818 4878 Protomartyr
837 4809 1146 4880 Stephanus
1171 4811 1405 4869 incussis
1445 4816 1686 4887 lapidum
1716 4819 1944 4889 grandi-

373 4900 537 4955 nibus
568 4901 872 4956 exstinctus
893 4909 1002 4967 est,
1026 4905 1291 4965 secundus
1324 4921 1454 4962 vero
1483 4920 1685 4980 martyr
1711 4911 1947 4968 Jucobus

373 4992 650 5046 mucronis
684 4990 797 5047 ictu
830 4990 1275 5062 luitconlossus;
1305 4995 1565 5063 Stephani
1598 5012 1773 5056 tamen
1808 5003 1948 5072 lapi-

374 5078 531 5134 dibus
560 5080 818 5148 aequalem
851 5081 1019 5137 habet
1040 5082 1290 5152 gloriam,
1314 5088 1406 5156 qui
1432 5086 1697 5144 Jacobqu
1723 5094 1947 5161 occidit,

373 5168 603 5227 Herodis
630 5174 861 5242 gladius.

1029 5265 1093 5321 In
1121 5268 1281 5323 idem.

444 5350 579 5405 Cum
604 5368 831 5423 magnus
851 5353 1084 5411 Ιοοιώυε
1111 5357 1287 5427 gladio
1315 5359 1600 5417 confossus
1621 5363 1943 5432 exspiraret:

374 5436 514 5493 Ecce
540 5439 683 5505 bibo,
716 5442 910 5510 inquit,
933 5446 1178 5512 calicem,
1194 5464 1352 5518 quem
1369 5449 1681 5520 pratlibasti,
1701 5453 1941 5523 Christe,

374 5541 429 5585 et
493 5546 559 5585 co
611 5534 880 5605 baptismo
929 5537 1196 5608 baptizor,
1244 5556 1352 5611 quo
1411 5544 1586 5612 primo
1635 5545 1943 5615 baptizatus

373 5632 434 5674 es
471 5626 694 5690 pmprio
732 5625 875 5681 lotus
919 5630 1219 5700 sanguine;
1274 5648 1361 5692 me
1404 5632 1573 5706 igitur
1620 5637 1942 5695 morientem

376 5724 586 5782 esetpc.

2692 4624 2759 4680 In
2806 4625 2965 4681 idem.

2128 4716 2267 4782 Quid
2296 4717 2443 4788 regia
2477 4685 2663 4772 trabea
2704 4719 3035 4787 petulantius
3064 4720 3328 4782 exsultas,
3366 4716 3630 4772 Herodes?

2051 4807 2264 4874 Quidve
2299 4818 2350 4864 te
2381 4810 2626 4879 pestiferi
2653 4811 2918 4865 seducunt
2963 4810 3235 4875 homines,
3281 4808 3626 4878 imprudens,

2051 4909 2175 4955 tuos
2209 4916 2491 4957 sermones
2522 4903 2698 4957 divina
2737 4910 2794 4956 ut
2820 4902 3039 4957 oracula
3069 4902 3365 4957 venerati?
3399 4900 3458 4956 In
3499 4914 3628 4969 pro-

2046 4993 2193 5048 ximo
2226 5002 2309 5048 est
2331 4994 2576 5061 angelus,
2601 5009 2635 5048 ο
2664 4993 2873 5060 infelix,
2904 4994 2993 5061 qui
3024 5002 3077 5047 te
3104 4993 3377 5049 conﬁciet.

2538 5084 2616 5138 De
2661 5084 2823 5139 Pauli
2862 5087 3134 5139 concione.

2119 5175 2442 5245 Ubicunque
2489 5178 2727 5247 gentium
2756 5176 2921 5233 fuerit
2950 5177 3171 5242 Paulus,
3197 5187 3398 5247 quanta
3429 5176 3620 5246 gratia!

2046 5269 2365 5337 Ubicunque
2393 5269 2638 5325 docuerit
2670 5270 2891 5338 Paulus,
2917 5278 3117 5340 quanta
3152 5270 3462 5339 persuasio!
3492 5268 3622 5323 Mel-

2047 5359 2225 5415 lilluos
2259 5360 2413 5415 Pauli
2434 5376 2716 5417 sermones
2741 5364 3010 5427 ausculta,
3034 5371 3088 5419 et
3119 5366 3201 5417 vel
3230 5378 3468 5418 meorum
3496 5376 3624 5417 vcr-

2049 5467 2205 5507 suum
2238 5453 2478 5509 alvearia
2512 5455 2773 5525 relinque.

2704 5546 2772 5601 In
2801 5549 2961 5602 idem.

2124 5635 2402 5706 Loquente
2433 5637 2600 5693 Paulo
2629 5639 2883 5695 Christus
2911 5640 3169 5708 loquitur,
3203 5652 3390 5693 omnes
3420 5636 3608 5690 adeste

2055 5736 2287 5796 gentes;
2317 5718 2564 5787 accedite
2607 5745 2818 5797 omnes,
2850 5742 2904 5788 et
2930 5732 3039 5787 Deo
3065 5732 3303 5801 loquenti
3337 5729 3620 5786 audientes
