4050 6390
424 360 561 424 1217

426 468 642 523 Παύλου
674 468 755 522 ἐνὶ
795 469 1161 537 στομάτεσσιν
1182 470 1296 525 ὅλοι
1317 472 1673 543 Παράκλητοι
1705 472 1920 537 ἔασσιν,

434 563 606 631 Ἀμφὶ
631 562 689 615 δέ
724 562 775 615 oi
806 561 1091 631 παλάμαις
1130 563 1345 634 σημὴῖα
1381 565 1561 619 πάντα
1595 563 1857 618 τελεῖται.

1267 360 1790 422 TETRASTICI-IA
1828 360 1907 422 IN
1951 359 2221 424 NOVUM
2254 363 2857 428 TESTAMENTUM.

2023 476 2072 532 Α
2114 471 2389 539 Ἐλθὸντος
2417 477 2602 545 ἐγγὺς,
2632 477 2834 543 Παῦλε,
2867 473 3058 546 φεύγει
3095 475 3390 547 μακρόθεν·

3534 361 3667 427 12l8
3706 376 3713 385 '

2110 564 2183 618 Ἢ
2218 566 2334 629 πῶς
2368 566 2496 621 ίδείν
2525 567 2747 637 ἔστερξε
2780 568 2876 638 τὴν
2917 565 3095 638 φωτὸς
3128 565 3256 619 θέαν

421 676 524 739 εἷς
560 672 667 726 τὸν
701 674 771 726 ἐν
817 674 1111 741 Λύστροις
1171 677 1413 729 Ιαοέντα
1443 677 1561 731 ὑπὸ
1599 676 1848 731 Παύλου
1900 675 2000 730 και
2102 656 2176 709 Τὸ
2208 656 2299 710 τοῦ
2334 659 2556 722 σκότους
2583 659 2894 728 πρόσωπον,
2933 660 2966 725 ἡ
2993 658 3189 720 νυκτὸς
3218 656 3354 724 θέας

449 742 726 811 ἔϊυρνὰὅα
741 746 960 812 χωλσὶν,
984 744 1085 797 καὶ
1111 745 1273 812 ὅπως
1290 746 1513 811 ἔδοξαν
1532 748 1659 813 τοῖς
1676 746 1805 801 ἐκεῖ
1820 747 1963 800 θεοί.

432 836 648 905 Ἐρμῆς
674 837 883 902 ¹ἔδοξας,
910 839 1115 902 Παῦλε,
1155 840 1250 892 καὶ
1283 838 1443 903 Ζεὺς,
1474 839 1753 909 Βαρνάϐα,

422 928 551 991 Τοῖς
587 930 736 994 ἀμφὶ
766 927 1037 998 Λύστροις
1073 929 1687 1000 δεισιδαιμονεστέροις,

420 1019 609 1071 Χωλδν
642 1019 1093 1089 θεραπεύσαντες
1126 1036 1143 1052 ο
1178 1020 1297 1073 ἀλλ’
1330 1022 1461 1090 ὑμῖν
1492 1020 1615 1075 τότε

420 1108 498 1164 Τὸ
552 1110 740 1165 δοῦλον
795 1112 954 1182 ὑμῶν
975 1112 1077 1166 ιῦκ
1103 1113 1396 1183 ἀπηρνήθη
1434 1114 1608 1182 γένος.

1010 1207 1113 1270 Είς
1137 1204 1203 1258 τὸ
1233 1206 1402 1259 αὑτό.

420 1294 481 1346 Ei
512 1295 652 1349 Θεὸν
679 1294 920 1366 ᾠήθητε,
953 1298 1278 1366 κακόφρονα
1304 1296 1484 1359 ἔθνεα,
1516 1294 1732 1349 Παῦλον

414 1387 601 1441 Χωλὸν
628 1387 943 1457 ίησάμενον.
970 1387 1022 1441 τί
1051 1387 1341 1458 νομίσσετε
1369 1387 1556 1440 λοιπὸν
1585 1390 1822 1453 ἐκεῖνον,

413 1472 599 1550 Ἦμος
633 1480 722 1532 ἐπ’
752 1480 1009 1551 αἰθερίην
1040 1479 1360 1547 κουφίζεται
1391 1478 1603 1547 ἄντυγα
1629 1480 1819 1549 τρίτην

416 1573 564 1635 Ζωδς
599 1570 704 1624 ἐών
733 1590 748 1637 ;
775 1574 917 1641 τάχα
954 1574 1060 1642 γὰρ
1089 1573 1184 1624 καὶ
1217 1570 1484 1639 ὑπέρθεος
1516 1569 1663 1639 ὔμμι
1719 1571 1991 1638 φανεῖται.

587 1664 695 1728 Εις
724 1662 833 1715 τὸν
852 1663 922 1717 ἐν
949 1663 1193 1731 Λύστρᾳ
1221 1663 1523 1731 λιθασμόν
1544 1660 1810 1716 Παύλου.

426 1753 714 1806 meum
751 1754 1029 1821 Στέφανον
1061 1754 1244 1825 ἀδροϊς
1271 1756 1388 1817 τοῖς
1410 1754 1608 1819 λίθοις,

414 1849 526 1901 Καὶ
564 1847 772 1910 Παῦλος
803 1845 970 1900 αὐτοῦ
999 1847 1108 1901 τῶν
1141 1847 1415 1901 λιθσστῶν
1448 1843 1517 1919 ἦν
1549 1848 1753 1920 μέροςο

414 1939 532 1993 Νῦν
571 1939 831 2009 βάλλεται
860 1940 957 1992 καὶ
989 1939 1202 2002 Παῦλος
1234 1939 1416 2011 ἁδροῖς
1438 1942 1551 2003 τοῖς
1572 1939 1763 2008 λίθοις,

416 2032 530 2086 Καὶ
552 2030 645 2085 τὸν
675 2031 943 2100 στέφανον
967 2033 1033 2084 ἐκ
1064 2030 1200 2083 Θεοῦ
1224 2028 1406 2084 λαϐὼν
1443 2029 1582 2102 ἔχει.

1006 2121 1112 2186 Εἰς
1145 2119 1211 2173 τὸ
1232 2120 1400 2175 αὐτό.

414 2212 623 2280 Παῦλε,
680 2214 744 2266 σὺ
776 2211 1015 2285 Χριστὸν
1051 2212 1266 2268 ἄνακτα
1316 2198 1572 2284 μιμήσαό
1622 2212 1768 2283 ἀμφὶ
1794 2211 1996 2265 λιθασοι

1820 2307 1870 2358 οῖ

1820 2307 1870 2358 οῖ

412 2398 619 2454 Πάλλεο
652 2398 764 2470 γὰρ
791 2399 1014 2465 λίθοισι,
1051 2399 1216 2469 φόνου
1248 2398 1294 2452 δ’
1325 2397 1575 2461 ἀλέεινας
1607 2303 1921 2467 Martii,

416 2490 642 2561 Λύστρα
670 2492 826 2550 πόλις
851 2491 1150 2561 κακοεργὲ,
1172 2490 1305 2544 Θεὸν
1332 2490 1459 2560 χθὲς
1486 2489 1700 2574 Παῦλον
1730 2489 1988 2559 ὲσέφθης,

411 2583 524 2635 Καὶ
556 2582 651 2635 νῦν
683 2583 1092 2654 πετροϐυλεῦσα
1125 2584 1498 2636 κατακτανεῖν
1538 2582 1865 2653 μενεαίνεις.

410 2698 517 2763 Εἰς
548 2696 664 2773 τὴν
686 2697 804 2751 ἀπὸ
850 2695 960 2773 τῆς
1017 2697 1577 2773 δούλης-ἐξέλασιν
1623 2696 1732 2773 τολῦ
1790 2700 1991 2773 Πυθίο-

480 2765 657 2821 νικοῦ
713 2768 1095 2834 πνεύματος,
1168 2769 1267 2821 καὶ
1332 2769 1449 2835 τὴν
1501 2767 1619 2821 τῶν
1674 2765 1991 2820 δεσποτῶν

481 2836 672 2903 αὐτῆς
702 2840 856 2890 κατὰ
884 2838 1135 2890 Παύλου
1163 2838 1413 2906 μανίαν,
1456 2836 1555 2891 καί
1585 2839 1694 2904 τὰς
1724 2835 1987 2906 πληγάς.

411 2950 488 3004 To
524 2951 747 3021 πνεῦμα
776 2949 870 3004 τοῦ
907 2949 1163 3014 Πύθωνος
1191 2950 1266 3014 ὡς
1304 2950 1529 3005 πύθοιτό
1559 2968 1678 3006 σου.

411 3103 733 3159 incumbite.
768 3102 822 3156 ln
859 3117 954 3159 ore
994 3102 1146 3157 Pauli
1171 3116 1361 3157 omnes
1389 3098 1626 3169 Spiritus
1656 3101 1831 3157 sancti
1860 3117 1986 3171 gra-

2682 752 2786 815 Είς
2809 750 2875 802 τὸ
2914 749 3087 802 αὐτό.

2099 838 2327 909 Πνεῦμα
2348 839 2604 901 Πύθωνος
2626 839 2797 901 ἔωσας
2823 839 3138 908 ὑπέρμεγα,
3162 836 3368 898 Παῦλε,
3401 834 3667 908 κορίσκης

2103 933 2301 996 Παιδὸς
2331 933 2428 985 ἀπ’
2462 932 2745 995 οίκέτιδος,
2781 931 2941 999 μῆνιν
2964 931 3021 983 δέ.
3062 948 3120 983 τε
3152 926 3533 981 δεσποσύνοισι

2099 1022 2336 1093 Τηλόθεν
2361 1022 2460 1075 οὐκ
2486 1021 2762 1081 ἁπέωσας’
2792 1020 2827 1091 ἢ
2852 1020 2997 1089 ἀμφὶ
3021 1020 3080 1071 σὲ
3109 1017 3308 1071 δύσνοα
3330 1018 3516 1087 δρῶσα

2099 1113 2265 1180 Σῶμα
2295 1112 2401 1165 ὑπὸ
2430 1111 2704 1180 πληγῇσιν
2733 1108 3035 1178 ἀεικελίῃσι
3060 1106 3361 1176 δάμασσεν.

2095 1206 2198 1269 Εἰς
2228 1203 2344 1270 τὴν
2373 1204 2446 1259 ἐν
2486 1201 2692 1269 Ἀρείῳ
2721 1200 2892 1264 πάγῳ
2933 1198 3207 1263 διάλεξιν
3252 1199 3520 1270 Παύλου,
3542 1195 3667 1270 ,ὅτε

2170 1264 2788 1337 ἇιαὶ’Διονύσιος,”καί
2823 1271 3083 1340 Δάμαρις
3110 1307 3126 1334 ,
3171 1268 3269 1322 καὶ
3316 1267 3491 1322 ἄλλοι
3531 1264 3664 1319 ἐπί-

2167 1360 2463 1398 στευσαν.

2100 1437 2287 1508 Ἀρειε
2319 1437 2487 1506 πάγε,
2517 1436 2614 1491 καὶ
2653 1437 2719 1490 σὺ
2750 1435 2842 1489 τὸν
2875 1434 3092 1489 Παῦλον
3112 1432 3271 1503 δέχου
3304 1447 3319 1464 ·

2108 1526 2354 1592 Ἀνάξιον
2390 1528 2499 1595 γὰρ
2532 1530 2610 1596 μὴ
2644 1526 2706 1580 τδ
2727 1524 2824 1578 τοῦ
2854 1522 3099 1597 Χριστοῦ
3134 1523 3315 1590 στόμα

2096 1622 2211 1674 Καὶ
2238 1621 2357 1683 ταῖς
2395 1618 2650 1690 Ἀθήναις
2672 1616 2973 1686 ἐκλαλῆσαι
3005 1614 3098 1669 τὸν
3122 1613 3305 1681 λόγον.

2095 1713 2289 1783 Μωροὶ
2323 1711 2501 1780 σοφοὶ,
2525 1709 2787 1776 πείσθητε
2812 1707 2893 1775 τῷ
2918 1706 3244 1775 σοφωτάτῳ.

2676 1801 2784 1867 Είς
2812 1798 2880 1852 τὸ
2915 1798 3086 1852 αὐτό.

2104 1894 2300 1964 Ἀρεος
2327 1893 2469 1963 ἀμφὶ
2494 1893 2671 1962 πάγον
2698 1892 2986 1963 μαχήσατο
3010 1887 3220 1949 Παῦλος
3252 1884 3529 1954 Ἀθήναις,

2098 1985 2246 2039 Δάὁε
2280 1984 2594 2039 Διοννύσιον
2621 1984 2705 2037 ἑνὶ
2729 1982 3098 2054 προμάχοισιν
3124 1979 3310 2043 ἐόντα,

2096 2077 2208 2130 Καὶ
2236 2076 2485 2148 Δάμαριν
2517 2074 2794 2146 ζώγρησε,
2827 2075 2922 2126 καὶ
2952 2072 3147 2134 ἄλλους
3174 2068 3411 2139 τρέψατο
3441 2065 3627 2128 φῶτας
3646 2078 3664 2094 ⁶

2095 2166 2220 2233 Οἷος
2248 2171 2359 2223 είὸν
2381 2170 2437 2223 δὲ
2459 2170 2716 2238 φάλαγγα
2734 2168 2899 2238 τόσην
2926 2166 3101 2236 σχίσε,
3139 2162 3327 2231 θαῦμα
3362 2159 3588 2213 ἰδέσθαι.

2090 2263 2190 2325 Eia;
2226 2261 2473 2315 Παῦλον
2505 2261 2641 2330 ἄχρι
2666 2260 3074 2330 μεσονυκτίου
3121 2256 3514 2330 διδάσκοντα.
3545 2250 3663 2330 fer

2167 2319 2266 2385 καὶ
2300 2332 2408 2384 τὸν
2440 2319 2720 2385 ἄπιθ’τοῦ
2760 2328 3074 2398 τριστέγου
3132 2326 3404 2379 πεσόντα
3458 2319 3662 2384 παῖδα,

2164 2404 2263 2454 καί
2295 2402 2573 2466 θανόντα,
2603 2400 2969 2467 ἀνέστησεν.

2096 2493 2307 2546 Ἀὓπνε
2339 2491 2547 2555 Παῦλε,
2582 2492 2677 2545 καὶ
2715 2491 2897 2560 μέσων
2928 2488 3144 2542 νυκτῶν
3173 2486 3378 2553 λέγεις,

2095 2586 2158 2638 Ὢ
2190 2584 2371 2655 ζῆλος,
2396 2583 2441 2637 ὣ
2464 2585 2595 2655 πῦρ,
2635 2583 2680 2637 ὣ
2712 2583 2880 2646 πολὶς
2903 2581 3041 2635 Θεοῦ
3081 2580 3285 2642 πόθοςί

2103 2673 2237 2728 Ἰδοὺ
2276 2674 2332 2727 δὲ
2359 2676 2488 2737 παῖς
2520 2673 2813 2727 πέπτωκεν
2836 2672 2900 2725 ὲκ
2924 2670 3021 2724 τοῦ
3052 2668 3343 2739 τριστέγου
3373 2683 3389 2698 ⁸

2092 2768 2323 2826 Ζώωσον
2358 2769 2522 2823 αὑτὸν
2552 2767 2775 2840 πρῶτα,
2806 2766 2903 2820 καὶ
2932 2763 3095 2819 πάλιν
3130 2764 3280 2828 λέγε.

2673 2860 2778 2924 Είς
2810 2856 2879 2910 τὸ
2914 2856 3085 2908 αὐτό.

2092 2953 2373 3024 Καρτερδς
2398 2951 2539 3016 ἐσσὶ,
2576 2950 2799 3019 μέγιστε
2826 2947 2922 2999 καὶ
2951 2944 3097 2997 ὄλϐιε
3126 2939 3328 3004 Παῦλε.
3359 2936 3625 2992 διδάσκων

2090 3116 2361 3159 rumorem
2398 3098 2662 3170 percepit,
2694 3096 2851 3164 longe
2882 3091 3112 3162 aufugit,
3141 3088 3342 3154 Paule;
3373 3099 3504 3141 sane
3530 3097 3661 3139 vero

408 3197 497 3251 tite
559 3196 810 3265 reposita:
859 3205 1022 3260 sunt;
1075 3209 1277 3264 perque
1308 3210 1504 3251 manus
1536 3194 1654 3264 ejus
1696 3193 1980 3263 omnigena
2008 3183 2051 3239 α
2092 3211 2158 3251 an
2193 3193 2304 3248 ullo
2326 3192 2489 3247 modo
2518 3190 2881 3244 desiderasset
2912 3184 3046 3239 lucis
3070 3190 3344 3251 aspectum
3373 3179 3487 3249 ipsa
3506 3186 3657 3233 tene-

407 3296 696 3357 patrantur
713 3288 991 3341 miracula.

408 3380 473 3433 In
505 3380 755 3433 claudum
810 3378 1013 3448 Lystris
1038 3395 1068 3426 η
1096 3376 1266 3431 Paulo
1318 3386 1366 3431 et
1427 3375 1677 3430 Barnabo
1706 3383 1955 3448 sanatum

620 3458 667 3502 et
700 3447 1140 3517 quemadmodum
1166 3449 1285 3501 inde
1321 3448 1508 3500 crediti
1540 3448 1644 3501 sint
1674 3447 1770 3500 dii.

482 3542 585 3596 Pro
614 3540 887 3595 Mercurio
932 3539 1146 3593 habitus
1181 3554 1262 3603 es,
1300 3538 1485 3603 Paule,
1525 3548 1690 3607 tuque
1743 3536 1984 3591 Barnaha

406 3651 504 3702 pro
529 3633 660 3687 Jove
692 3635 761 3689 ab
792 3634 1099 3704 oppidanis,
1124 3634 1214 3701 qui
1242 3631 1451 3702 Lystris
1479 3630 1822 3692 habitabant,
1861 3628 1988 3682 reli-

406 3728 554 3796 gioni
586 3725 957 3789 deditissimis,
990 3739 1055 3778 eo
1084 3725 1229 3793 quod
1260 3723 1507 3776 claudum
1535 3722 1788 3783 curastis,
1812 3734 1987 3788 neque

412 3827 523 3869 tum
554 3831 584 3869 a
620 3814 774 3869 vobis
823 3806 1078 3884 negatum
1127 3821 1211 3868 est
1254 3826 1349 3867 vos
1396 3826 1519 3866 esse
1573 3812 1838 3877 homines,
1876 3824 1983 3865 non

406 3910 560 3977 deos,
595 3907 690 3962 sed
729 3904 824 3962 I‘ei
855 3906 1156 3961 ministros.

1075 3992 1142 4048 In
1177 3995 1336 4048 idem.

480 4090 561 4155 Si,
590 4104 623 4145 ο
657 4088 795 4142 male
822 4086 1083 4142 consultas
1121 4096 1331 4151 gentes,
1380 4084 1603 4139 Patrium
1652 4084 1819 4138 Deum
1865 4097 1987 4138 esse

406 4179 758 4241 credidistis,
810 4192 876 4233 eo
929 4176 1070 4246 quod
1123 4177 1379 4231 claudum
1431 4184 1808 4239 consanasset,
1856 4174 1986 4242 quid

409 4273 664 4340 deinceps
692 4284 816 4324 eum
852 4270 1104 4333 credetis,
1137 4277 1270 4328 ttnn,
1307 4281 1430 4319 cum
1460 4267 1524 4319 ad
1581 4266 1799 4319 tertium
1859 4263 1984 4318 caeli

408 4367 597 4419 orbem
628 4360 907 4416 attolletur
934 4360 1113 4414 adhuc
1143 4358 1424 4413 mortalis?
1451 4355 1592 4412 forte
1618 4355 1773 4413 vobis
1821 4371 1986 4425 supra

410 4457 615 4512 Numen
640 4454 935 4525 apparebit.

732 4544 798 4599 In
849 4542 1079 4597 Paulum
1108 4539 1314 4612 Lystria
1345 4540 1661 4610 lapidatum.

477 4641 655 4696 Denso
682 4635 920 4706 lapidum
944 4634 1130 4688 nimbo
1153 4632 1484 4703 Stephanum
1503 4630 1784 4696 obruistis,
1809 4632 1984 4699 deque

405 4746 593 4785 eorum
623 4738 883 4790 numero,
931 4723 1026 4797 qui
1057 4736 1180 4776 eum
1214 4721 1527 4788 Iapidabant
1571 4731 1692 4776 erat
1743 4721 1979 4791 Paulus;

405 4836 549 4878 nunc
566 4829 623 4877 et
643 4818 851 4875 crebris
879 4815 1152 4885 lapidibus
1179 4813 1378 4870 Paulus
1406 4813 1706 4883 impetitur,
1733 4823 1789 4872 et
1815 4828 1846 4869 a
1870 4814 1982 4872 Deo

405 4914 649 4970 victoriae
682 4924 938 4968 coronam
966 4906 1188 4977 accipit.

1064 5001 1132 5055 In
1162 4999 1324 5055 idem.

476 5094 679 5152 Christi
702 5092 988 5149 asinulatus
1016 5104 1077 5148 es
1102 5088 1428 5159 exemplum,
1458 5088 1646 5161 Paule,
1690 5107 1811 5148 cum
1841 5091 1982 5160 lapi-

405 5191 650 5256 darere;
702 5186 851 5241 saxis
895 5184 1040 5240 enim
1091 5184 1389 5249 impetitus,
1438 5183 1566 5238 lethi
1601 5185 1978 5240 necessitatem

402 5278 790 5341 declinasti;o
822 5275 1041 5347 Lystra,
1075 5272 1343 5328 scelerata
1391 5272 1602 5337 civitas,
1648 5273 1766 5327 heri
1811 5272 1979 5328 Paulo

402 5371 617 5425 divinos
648 5369 884 5425 honores
914 5364 1274 5431 attribuebas,
1295 5378 1437 5419 nunc
1456 5378 1576 5419 eum
1594 5363 1757 5435 jactis
1786 5364 1963 5435 lapidi-

404 5465 512 5519 bus
546 5462 861 5517 interﬁcere
892 5459 1121 5515 moliris.

401 5554 481 5609 De
511 5553 711 5608 ancilla
770 5569 836 5607 ea:
880 5568 985 5621 qua
1032 5550 1253 5621 spiritus
1290 5549 1614 5621 Pythonicus
1641 5549 1842 5621 ejectus
1870 5558 1972 5612 est,

460 5628 623 5691 deque
646 5619 981 5706 dominorum
996 5619 1112 5690 ejus
1135 5622 1188 5674 in
1211 5619 1440 5676 Paulum
1461 5620 1658 5689 furore,
1683 5619 1769 5672 cui
1788 5620 1977 5689 plagas

463 5703 864 5748 arcessit'erunt.

475 5785 814 5847 Pythonicus
837 5786 1086 5850 spiritus,
1123 5784 1214 5842 ubi
1237 5785 1470 5850 primunt
1502 5780 1578 5838 tui
1640 5779 1975 5838 advenientis

2093 3287 2316 3343 brarum
2349 3282 2538 3346 facies,
2565 3280 2744 3335 noctis
2768 3272 3185 3344 spectaculum?

2750 3367 2811 3423 In
2837 3365 2996 3421 idem.

2158 3467 2455 3522 lmmanem
2509 3461 2776 3534 Pythonis
2833 3458 3083 3527 spiritum
3117 3468 3149 3509 e
3197 3451 3368 3521 puella
3425 3446 3659 3520 ejccisti,

2087 3558 2274 3622 Paule,
2298 3553 2492 3609 ancilla
2523 3550 2859 3614 domestica;
2885 3561 2986 3602 nec
3013 3557 3193 3600 tamen
3228 3540 3453 3597 herilem
3477 3538 3659 3609 potui-

2086 3656 2155 3712 sti
2206 3654 2449 3709 furorem
2501 3646 2695 3719 procul
2758 3645 3019 3714 abigere,
3076 3639 3167 3709 qui
3224 3637 3280 3692 in
3351 3643 3404 3689 te
3450 3629 3660 3688 infense

2086 3745 2451 3803 debacchatus
2491 3753 2692 3810 corpus
2737 3747 2891 3792 tuum
2948 3732 3114 3789 {tedis
3171 3725 3407 3798 subjecit
3470 3721 3659 3778 verbe-

2085 3837 2257 3892 ribus.

2084 3929 2164 3983 De
2189 3926 2350 3983 Pauli
2376 3925 2430 3978 in
2463 3923 2734 3989 Areopago
2760 3915 3112 3989 disputatione
3123 3928 3256 3989 cum
3288 3918 3337 3964 et
3374 3904 3658 3977 Dionysius

2393 4005 2442 4048 et
2476 3984 2725 4047 Damni-is
2776 3984 2962 4042 et‘alii
2992 3984 3322 4037 crediderunt

2159 4089 2358 4158 Excipe
2389 4097 2441 4140 et
2472 4093 2525 4138 tu
2559 4081 2783 4137 Paulum
2813 4079 3008 4147 ipsum,
3038 4075 3354 4141 Areopage;
3393 4082 3490 4124 nec
3511 4067 3656 4122 enim

2084 4179 2286 4238 Christi
2332 4192 2396 4232 os
2436 4174 2711 4242 indignum
2762 4179 2886 4231 est,-
2921 4166 3063 4237 quod
3100 4162 3329 4216 Athenis
3376 4170 3656 4213 sermones

2086 4277 2403 4344 eloquetur;
2454 4267 2605 4324 stulti
2658 4264 2958 4335 sapientes,
3008 4253 3409 4327 sapientissimo
3437 4249 3654 4305 tandem

2087 4368 2310 4455 credite:

2741 4447 2804 4503 Ιιι
2842 4445 3001 4501 idem.

2013 4523 2060 4578 Β
2160 4550 2389 4605 Athenis
2419 4547 2472 4601 in
2500 4546 2782 4612 Areopago
2807 4533 3115 4592 contentius
3136 4529 3432 4600 disputavit
3459 4524 3661 4582 Paulus

2084 4653 2139 4701 et
2185 4641 2441 4711 Dionysio
2490 4640 2633 4691 inter
2683 4628 3054 4687 contentionis
3087 4622 3390 4695 primipilos
3430 4618 3660 4674 cenanti

2082 4734 2284 4804 potitus
2308 4739 2414 4793 est,
2440 4730 2615 4781 vivam
2638 4724 2779 4794 cepit
2831 4723 3125 4784 Damarim,
3147 4717 3377 4787 aliisque
3399 4714 3464 4768 ad
3491 4712 3660 4766 Deum

2085 4825 2290 4881 vocatis
2338 4820 2669 4884 hominibus,
2703 4817 2850 4880 solus
2909 4814 3027 4884 ipse
3074 4821 3155 4867 t0t
3213 4805 3653 4865 adversariorum

2082 4930 2284 4972 cuneos
2310 4914 2451 4985 (visu
2479 4910 2725 4966 mirabile
2749 4908 2789 4977 ι)
2824 4908 3091 4963 dissolvit.

2085 5010 2161 5063 De
2210 5006 2381 5060 Paulo
2413 5004 2481 5058 ad
2515 5003 2741 5057 mediam
2776 5016 2940 5070 usque
2995 5007 3226 5070 noctem_
3252 4992 3468 5070 docente
3513 5000 3653 5070 ‘cum

2163 5059 2460 5143 elipuerum
2495 5090 2559 5127 ea:
2591 5074 2744 5126 tertio
2788 5059 3026 5124 tabulato
3069 5065 3390 5136 principium
3432 5059 3619 5111 datum

2159 5157 2423 5203 mortuum
2452 5144 2746 5197 suscitavit.

2151 5237 2421 5294 Insonutis
2452 5234 2637 5297 Paule,
2663 5232 2728 5285 ad
2775 5231 3156 5295 intempestam
3217 5237 3390 5294 usque
3442 5231 3654 5279 noctem

2083 5329 2361 5399 praedicas,
2394 5341 2427 5379 ο
2465 5324 2642 5378 zelusl
2678 5338 2710 5378 ο
2739 5319 2919 5390 ignis!
2980 5332 3014 5370 ο
3044 5315 3336 5384 plurimum
3371 5314 3463 5369 Dei
3510 5312 3657 5366 desi-

2083 5418 2329 5474 derium!
2371 5415 2477 5470 Sed
2512 5429 2640 5469 ecce
2675 5427 2808 5481 puer
2834 5425 2900 5465 ex
2936 5407 3092 5463 tertia
3125 5406 3530 5472 contignatione
3556 5402 3653 5459 de-

2082 5511 2234 5575 cidit,
2266 5509 2408 5563 hunc
2442 5507 2669 5576 primum
2700 5503 2755 5557 in
2791 5501 2957 5555 vitam
2996 5513 3209 5563 revoca,
3246 5498 3367 5552 dein
3419 5497 3484 5550 ad
3534 5503 3655 5550 tuos

2085 5601 2194 5655 redi
2228 5614 2526 5656 sermones.

2532 5728 2550 5759 ι
2737 5688 2800 5741 In
2825 5687 2984 5741 idem.

2153 5780 2376 5835 Laboris
2404 5779 2459 5837 in
2490 5776 2729 5834 docendo
2762 5777 2998 5835 tolerans
3058 5789 3140 5841 es,
3190 5788 3382 5845 magne
3422 5786 3487 5829 at:
3521 5770 3650 5827 boa-
