4050 6398
429 341 566 404 t219

1625 332 2017 396 THEODORI
2061 332 2458 393 PRODROMI

3534 326 3675 391 1223

429 454 704 509 Νύκτεσιν
727 452 785 504 ὲν
814 450 1143 520 μεσάτῃσιν,
1165 448 1306 520 ἀτὰρ
1331 445 1600 518 κρατερὸς
1627 447 1724 500 καὶ
1774 445 1804 498 ὁ
1833 444 2004 514 δῆμος
2035 444 2081 505 Α
2120 442 2262 497 Ἀλλ’
2284 441 2440 496 οὐδέν
2467 439 2588 494 ποθ’
2619 442 2646 495 ὁ
2682 439 2896 503 Παῦλος
2925 437 3228 508 ὑπέτρεσεν
3249 436 3361 491 οὐδ’
3395 436 3600 508 amp:
3618 459 3675 492 a-

435 547 545 615 Σὴν
615 542 837 614 διδαχὴν
899 541 1276 614 προπάροιθεν
1327 539 1478 608 ἄγων
1527 536 1723 596 νυκτός
1777 551 1838 588 τε
1903 536 1999 588 καὶ

1655 625 1850 698 [ὕπνου
1876 642 1893 660 ο

432 728 631 798 Σειρήν
661 744 746 779 σοι
773 726 942 796 τάχα,
982 724 1189 792 Παῦλε,
1238 722 1386 778 κατὰ
1429 720 1605 791 στόμα
1632 719 1776 771 θεῖον
1810 716 1996 771 ἀείδει.

431 843 539 907 Εἰς
589 838 663 892 τὰ
710 838 832 894 ὑπὸ
880 835 1699 960 Δημητρὲἒῖνάεπενεχθέντα
1777 831 2000 899 Παύλῳ

1159 923 1310 962 ειν-α.

431 1002 530 1064 Τίς
561 993 717 1063 οὗτος
739 1003 767 1055 ὁ
792 1001 954 1071 θροῦς
976 999 1210 1071 οὐρανοῦ
1239 1000 1402 1068 μέχρι
1436 996 1695 1066 φθάνων;

431 1095 742 1164 Δημήτριος
774 1094 1074 1163 κέκραγεν,
1108 1093 1136 1144 ὁ
1160 1091 1363 1159 σκόλοψ
1389 1091 1626 1144 Παύλου.

430 1187 536 1239 Τὸν
563 1187 656 1238 τοῦ
680 1185 858 1238 Σατὰν
898 1186 1004 1254 φὴς
1033 1185 1269 1253 ἄγγελον
1293 1200 1308 1248 ;
1337 1183 1536 1235 Τοῦτον
1562 1182 1728 1250 λέγω,

443 1275 536 1340 Ὦς
566 1276 884 1347 ἐμφραγείη
917 1276 998 1347 τῷ
1035 1276 1217 1346 μιαρῷ
1249 1277 1309 1328 τὸ
1342 1274 1541 1345 στόμα.

1019 1391 1126 1456 Είς
1151 1389 1218 1443 τὸ
1251 1391 1419 1445 αὑτό.

432 1480 671 1549 Χριστὸν
704 1480 802 1549 μὲν
825 1482 1073 1543 Σατανᾶς
1105 1481 1425 1551 πειράζετο,
1461 1480 1506 1534 ὦ
1571 1481 1694 1553 μέγ’
1732 1481 1994 1552 ἀναιδήςι

432 1571 548 1625 Νῦν
572 1572 628 1625 δὲ
662 1572 796 1626 Θεοῦ
849 1573 1143 1642 θεράποντι
1182 1573 1359 1626 Σατὰν
1389 1573 1648 1644 θεράπων
1685 1556 1999 1644 πολεμίζει.

432 1663 638 1734 Δέρκεο
662 1663 755 1716 τὸν
791 1665 1128 1734 Δημήτριον,
1162 1664 1398 1734 ἄγγελός
1424 1667 1540 1718 ἐστι
1571 1666 1787 1729 Βελίου,

431 1755 631 1825 Παύλῳ
663 1754 769 1808 ὑπὸ
799 1754 984 1826 ζαθέῳ
1008 1755 1212 1826 πολλὴν
1245 1757 1525 1825 κακότητα
1559 1756 1840 1814 τιταίνων.

623 1868 729 1935 Εἰς
749 1868 865 1933 τὴν
906 1869 1158 1939 Ἀγ-άόου
1196 1871 1534 1938 πρόρῤησίν
1567 1871 1809 1937 Παύλῳ.

430 1961 499 2014 El
524 1976 606 2013 σοι
635 1961 895 2030 προεῖπον
917 1961 976 2012 ὲν
1007 1958 1143 2012 Σιών
1165 1977 1306 2023 τινες
1337 1961 1510 2029 φόνον,

430 2053 548 2105 Οὐκ
572 2049 640 2105 ἂν
672 2049 902 2119 ἔφευγες
927 2049 1027 2122 τὴν
1061 2050 1200 2104 Σιὼν
1223 2052 1394 2121 τάχος
1419 2052 1585 2122 τάχος
1607 2094 1624 2120 ν

453 2140 604 2196 ,Αλλτ
632 2143 732 2212 οὐχ
761 2144 789 2196 ὁ
818 2141 1052 2206 Παῦλος.
1093 2142 1258 2197 Ἀλλὰ
1288 2145 1339 2197 τί
1370 2144 1588 2196 σπεύδει
1616 2143 1815 2213 πλέον;

442 2233 754 2301 Ἐπείγεται
785 2231 895 2302 γὰρ
917 2231 1013 2286 τοῦ
1047 2232 1184 2287 Θεοῦ
1209 2234 1390 2288 θανεῖν
1413 2238 1598 2304 χάριν.

1008 2345 1115 2407 Εἰς
1145 2342 1214 2396 τὸ
1242 2344 1411 2397 αὑτό.

441 2434 666 2505 Ἀγάϐε,
699 2437 864 2506 μάντι
891 2435 1103 2500 κακῶν,
1136 2435 1342 2488 ἁνιάων
1371 2435 1596 2502 ἄγγελε,
1636 2436 1836 2508 Παύλῳ

436 2530 623 2582 Είδότι
650 2529 826 2581 ταῦτα
850 2527 1033 2596 λέγεις
1053 2543 1068 2592 ;
1100 2527 1206 2596 πρὸ
1229 2526 1340 2595 γὰρ
1357 2529 1520 2591 αὐτὸς
1553 2529 1788 2598 Χριστὸς
1809 2529 1960 2584 ἔειπε
1982 2546 1997 2562 ο

429 2622 619 2690 Δεσμά
649 2637 707 2672 σε
733 2619 875 2689 ἀμφὶ
895 2618 1115 2689 Σόλυμα
1137 2617 1292 2688 μένει
1325 2619 1423 2672 καὶ
1453 2619 1774 2690 τραύματα,
1797 2621 1998 2678 Παῦλε.

429 2777 640 2830 tissime
673 2774 859 2841 Paule,
888 2787 1166 2829 sermones
1193 2773 1258 2827 ad
1284 2773 1604 2828 concubiam
1631 2784 1838 2832 noctem
1869 2792 1999 2847 pro-

427 2869 648 2932 ferens;
674 2867 768 2922 sed
798 2875 849 2920 et
881 2865 1310 2936 patientissimus
1336 2875 1416 2920 est
1450 2868 1698 2935 populus,
1726 2879 2002 2927 nocturnae

428 2960 598 3030 quieti
637 2960 942 3013 doctrinam
972 2957 1285 3027 praeferens,
1335 2974 1368 3014 0
1408 2958 1606 3027 Paule;
1662 2961 1800 3018 forte
1850 2964 1998 3020 siren

437 3054 490 3108 itt
530 3065 621 3108 tuo
653 3053 837 3108 divino
865 3068 962 3108 ore
988 3053 1260 3110 cantillat.

537 3165 615 3218 De
636 3165 796 3219 malis
847 3179 966 3234 quc
1016 3164 1188 3219 Paulo
1215 3181 1250 3220 α
1277 3164 1539 3221 Demetrio
1569 3167 1722 3222 illata
1749 3177 1891 3223 sunt.

499 3258 728 3326 Quinam
757 3257 844 3312 hic
875 3257 940 3310 ad
969 3258 1139 3314 ccelos
1171 3274 1343 3328 usque
1375 3261 1676 3328 pervadens
1707 3262 2001 3317 tumultua-

426 3352 546 3405 rius
578 3346 809 3403 clamor?
843 3344 1170 3402 vociferatus
1209 3358 1297 3402 est
1347 3348 1670 3416 Demetrius,
1705 3352 1794 3421 qui
1837 3351 2002 3407 Paulo

430 3442 692 3499 stimulus
717 3449 802 3496 est
828 3442 1030 3497 carnis.
1053 3442 1135 3496 An
1166 3458 1288 3498 eum
1320 3445 1571 3514 angelum
1600 3445 1818 3501 Satanae
1841 3446 2002 3502 intel-

429 3535 588 3606 ligis?
635 3532 769 3588 Eum
840 3532 1117 3602 intelligo;
1181 3535 1447 3591 scelerato
1506 3534 1709 3592 utinam
1783 3552 1854 3598 ,οε
1905 3537 2004 3592 ob-

428 3635 695 3684 struatur.

1115 3754 1148 3792 n
1173 3737 1336 3794 idem.

498 3830 770 3887 Christum
804 3829 1031 3887 tentavit
1059 3828 1309 3894 Satanas,
1335 3845 1366 3884 0
1390 3845 1645 3900 perquam
1675 3832 1997 3904 impudens;

434 3937 579 3977 nunc
607 3923 812 3978 Christi
865 3922 1122 3976 famulum
1154 3921 1371 3978 Satanae
1419 3921 1655 3979 famulus
1705 3935 1997 3996 Oppugnat,

429 4014 762 4069 Demetrium
787 4013 1067 4082 conspice,
1100 4012 1263 4068 Beliae
1297 4013 1518 4083 angelus
1547 4023 1654 4080 est,
1693 4015 1892 4078 multas
1918 4015 1998 4072 di-

427 4106 556 4161 vino
589 4105 756 4161 Paulo
791 4106 1132 4161 calamitates
1164 4105 1461 4160 intentans.

745 4223 822 4279 De
861 4223 1109 4278 vaticinia
1139 4222 1304 4292 Agabi
1327 4223 1398 4274 ad
1425 4221 1677 4279 Paulum.

500 4316 556 4369 Si
590 4315 681 4385 qui
717 4317 815 4371 tibi
849 4317 901 4370 iu
951 4315 1081 4369 Sion
1130 4314 1511 4384 prtedixissent
1563 4332 1774 4383 necem,
1814 4332 1994 4374 annon

424 4408 602 4477 quoad
628 4406 889 4462 citissime
921 4419 1126 4476 posses,
1153 4404 1493 4474 aufugisses?
1525 4406 1638 4462 Non
1663 4410 1740 4463 sic
1774 4409 1989 4466 Paulus.

429 4496 535 4552 Sed
563 4497 690 4565 quid
711 4497 784 4549 ita
813 4509 1034 4551 currere
1063 4495 1328 4549 festinat?
1360 4495 1447 4550 Dei
1475 4499 1646 4566 gratia
1673 4501 1806 4554 mori
1837 4501 1994 4556 festi-

425 4603 527 4644 nus
557 4585 912 4654 compellitur.

1076 4704 1139 4758 In
1170 4704 1332 4760 idem.
1408 4751 1412 4755 .

493 4790 755 4846 Malorum
781 4793 1173 4864 vates,Agabe,
1197 4799 1451 4865 maeroris
1486 4800 1689 4864 nuntie.
1725 4816 1984 4872 quorsum

422 4884 592 4942 Paulo
623 4882 814 4939 istharc
864 4885 1055 4942 scienti
1109 4887 1391 4958 loqueris?
1419 4891 1475 4944 Ei
1514 4892 1711 4962 quippe
1738 4893 1985 4950 Christus

422 4978 846 5045 pratnuntiavit:
910 4979 985 5035 Te
1042 4979 1280 5052 Solymis
1302 4981 1477 5038 vincla
1511 4995 1732 5042 manent
1781 4997 1837 5044 et
1866 4989 1985 5044 vul-

2025 3131 2074 3194 C

3440 530 3566 604 Ισει.

2097 651 2200 715 Εις
2225 647 2332 714 τὰς
2384 648 2454 702 ἐν
2515 648 2970 715 Ἰεροσολύμοις
3008 645 3252 715 πληγὰς
3300 645 3542 708 Παύλῳ,
3579 643 3682 697 ὅτε

2414 717 2513 772 καί
2537 775 2545 782 _
2565 713 2854 786 Ῥωμαῖοῦ
2881 717 3102 769 ἑαυτὸν
3119 713 3347 768 ἐκάλει.

2100 831 2310 901 Ταρσὸς
2336 831 2534 902 πατρίς
2572 848 2676 896 σοι,
2704 829 2906 895 Παῦλε,
2941 830 3044 902 τῆς
3077 828 3357 890 Κιλικίας,

2101 924 2212 975 Καὶ
2247 922 2366 984 πῶς
2398 924 2464 974 σὺ
2495 921 2692 972 σαυτὸν
2720 919 2889 972 παῖδα
2921 918 3023 987 τῆς
3063 917 3283 986 Ῥώμης
3311 915 3528 984 λέγεις;

2102 1011 2205 1063 Τὸν
2237 1011 2432 1081 καιρὸν
2465 1010 2638 1074 οὕτως
2679 1009 3013 1079 ἐξεώνημαι,
3049 1009 3190 1074 ξένε,

2101 1103 2225 1156 Τῶν
2255 1102 2482 1174 ἡμερῶν
2517 1103 2630 1173 γὰρ
2668 1098 2786 1155 οἶδα
2820 1101 2917 1172 τὴν
2941 1102 3242 1172 σωτὴρίαν.

2665 1202 2796 1282 Ἐις
2821 1216 2886 1270 τὸ
2915 1219 3084 1271 αὑτό.

2103 1309 2305 1379 Παῦλε,
2359 1311 2419 1364 σὲ
2471 1311 2572 1382 μὲν
2615 1310 2900 1380 ἀδάμαντα
2947 1311 3084 1374 Θεὸς
3133 1306 3438 1373 πλάσεν,εῐ
3470 1326 3529 1362 τε
3575 1308 3660 1360 τίν

3343 1397 3537 1470 [ἄλλην

2098 1494 2266 1549 Φύσιν
2293 1495 2581 1565 θειοτέρην
2611 1494 2851 1560 ἀπαθέα,
2882 1493 3006 1548 οὐδέ
3037 1512 3096 1548 τε
3131 1496 3336 1564 σαρκός

2112 1584 2279 1653 Ἀμφί
2315 1602 2374 1637 σε
2410 1585 2609 1655 φόρτον
2636 1583 2823 1651 ἔθηκε.
2859 1584 3204 1654 Κακόσχολοι
3236 1583 3564 1656 ἀρχιερῆεςι

2100 1675 2308 1742 Παίεθ’,
2337 1676 2496 1745 ὑμεῖς
2524 1676 2786 1739 πονέοιτε,
2806 1675 3063 1746 άπηνέες,
3087 1675 3208 1729 οὐδέ
3236 1693 3296 1729 τε
3327 1675 3558 1738 Παῦλος.

2230 1793 2338 1858 Εις
2363 1792 2473 1846 τὸν
2499 1791 2600 1845 ἐπὶ
2636 1791 2874 1860 Ῥώμην
2925 1790 3248 1844 ἀπόπλουν
3281 1790 3546 1844 Παύλου.

2104 1882 2329 1950 Δέδεξο,
2371 1883 2582 1954 Ῥώμη,
2608 1883 2840 1948 Παῦλον,
2872 1885 2951 1946 εἰς
2984 1883 3042 1934 σὲ
3078 1883 3186 1952 γάρ
3215 1881 3394 1945 πλέει,

2106 1975 2212 2028 Τὸν
2246 1975 2450 2029 κύκλον
2476 1978 2533 2032 ὲν
2564 1978 2648 2029 σοὶ
2680 1975 3058 2048 τερματὼσων
3085 1974 3180 2029 τοῦ
3221 1975 3382 2044 λόγου
3416 1990 3429 2004 ·

2112 2066 2327 2131 Δέδεξο,
2368 2070 2466 2122 καὶ
2496 2068 2585 2131 δὸς
2610 2069 2718 2122 τῶν
2747 2070 2976 2141 μακρῶν
3008 2067 3225 2124 παῦλαν
3247 2068 3428 2122 πόνων
3451 2083 3466 2099 °

2104 2159 2310 2224 Δὼσεις
2339 2161 2396 2214 δὲ
2426 2162 2648 2225 πάντως
2678 2163 2772 2215 τὸν
2809 2162 2899 2215 διὰ
2938 2162 3130 2230 ξίφους
3159 2160 3350 2232 μόρον.

2680 2277 2784 2344 Είς
2821 2277 2887 2330 τὸ
2915 2277 3086 2331 αὑτό.

2103 2367 2345 2438 Εὐτυχὲς
2361 2367 2482 2421 ἐσσὶ
2505 2366 2565 2420 τὸ
2584 2366 2808 2437 λέμϐος,
2835 2367 2959 2420 ἐπεὶ
2993 2366 3156 2421 καλὸν
3184 2365 3359 2423 ἔνδοθι
3393 2365 3594 2436 φόρτον

2102 2460 2206 2512 Τὸν
2237 2460 2455 2514 Παῦλον
2486 2462 2729 2530 φορέεις,
2757 2460 2818 2513 τὸ
2848 2460 2984 2514 Θεοῦ
3032 2460 3230 2529 στόμα,
3259 2462 3484 2532 εὐτυχὲς
3511 2462 3633 2515 ἐσσί
3658 2479 3673 2494 ’

2116 2551 2300 2621 Ἀθλίη
2333 2551 2478 2616 ἐσσὶ,
2514 2550 2676 2618 Σιὼν,
2706 2550 2866 2603 ὄλϐον
2892 2549 3012 2604 τεὸν
3043 2549 3244 2604 οὕνεκα
3277 2550 3462 2622 Ῥώμῃ

2103 2643 2376 2714 Πέμπεις,
2409 2644 2510 2696 καὶ
2532 2643 2598 2695 σὺ
2629 2643 2880 2714 πένησσα
2908 2642 3120 2709 πέλεις,
3147 2641 3303 2708 πόλις
3327 2643 3482 2715 άθλίη
3524 2644 3669 2699 ἐσσί.

2100 2812 2255 2862 nera,
2286 2797 2472 2854 Paule.
2505 2797 2612 2854 Sed
2642 2815 2742 2854 nec
2769 2799 3054 2868 trepidavit
3079 2815 3310 2870 unquam
3333 2799 3551 2865 Paulus,
3574 2814 3675 2855 nec

2101 2889 2414 2957 trepidabit.

2099 2998 2176 3054 De
2205 2999 2374 3071 plagis
2424 3017 2552 3072 quas
2593 3003 2970 3076 Hierosolymis
2997 3005 3193 3072 accepit
3223 3002 3424 3058 Paulus
3465 3021 3582 3059 cum
3621 3012 3673 3059 et

2504 3076 2662 3128 ciuem
2695 3073 2984 3128 Romanum
3021 3092 3077 3130 se
3099 3076 3254 3128 dixit.

2175 3185 2218 3240 Ε
2252 3185 2422 3243 Tarso
2457 3188 2664 3244 Cilicia:
2693 3191 2914 3246 civitate
2946 3203 3108 3246 natus
3130 3206 3214 3260 es,
3239 3192 3426 3249 Paule.
3472 3192 3574 3260 Qui
3615 3193 3673 3247 lit

2103 3275 2268 3345 igitur
2298 3286 2356 3331 ut
2387 3287 2439 3332 te
2463 3281 2632 3334 civem
2659 3277 2958 3334 Romanum
2991 3283 3192 3337 voces?
3222 3282 3314 3339 Sic
3339 3298 3444 3353 ego
3473 3285 3673 3339 redemi

2105 3377 2340 3436 tempus,
2375 3383 2407 3422 ο
2439 3369 2672 3435 hospes;
2709 3385 2811 3425 nec
2839 3375 2984 3426 enim
3032 3387 3150 3426 sum
3192 3373 3410 3429 nescius
3463 3375 3668 3430 dierum

2103 3456 2413 3513 dilationem
2444 3461 2778 3517 salutiferam
2801 3478 2944 3518 esse.

2758 3575 2821 3631 In
2852 3579 3008 3634 idem.

2175 3662 2250 3718 Te
2287 3666 2503 3736 quidem
2537 3665 2677 3722 Deus
2707 3683 2772 3722 ex
2798 3670 3084 3726 adamante
3113 3670 3386 3742 formavit,
3415 3692 3447 3732 ο
3481 3677 3672 3748 Paule,

2101 3754 2214 3809 sive
2240 3770 2343 3823 qtta
2367 3757 2469 3810 alia
2514 3757 2782 3812 diviniore
2805 3768 2996 3811 natura
3039 3776 3232 3819 sensus
3278 3778 3517 3834 experte,
3571 3785 3669 3824 nec

2104 3847 2284 3900 carnis
2321 3847 2371 3899 in
2405 3856 2456 3902 te
2485 3864 2626 3904 onus
2656 3851 2918 3919 reposuit.
2948 3851 3084 3907 Male
3108 3854 3282 3910 feriati
3317 3861 3665 3916 sacerdotum

2098 3937 2398 4007 principes,
2432 3939 2574 3994 hunc
2609 3955 2704 3997 vos
2733 3944 3036 4012 percutitc;
3069 3944 3170 4016 ipsi
3199 3947 3536 4016 laborabitis,
3567 3961 3670 4003 nec

2099 4029 2297 4086 Paulus
2319 4042 2570 4103 augetur.

2437 4146 2515 4202 De
2555 4147 2723 4203 Paulo
2768 4149 2991 4205 Romam
3025 4153 3320 4223 navigante.

2167 4240 2393 4295 Paulum
2426 4241 2631 4310 accipe,
2668 4240 2857 4310 Renia;
2891 4245 2959 4298 ad
2996 4253 3048 4300 te
3089 4247 3287 4314 quippe
3336 4247 3576 4317 navigat,
3610 4247 3664 4301 in

2100 4340 2154 4384 te
2185 4331 2590 4398 pradicationis
2619 4347 2730 4388 suae
2759 4335 3087 4389 curriculum
3124 4338 3664 4405 circumscripturus.

2099 4422 2232 4476 Eum
2265 4423 2470 4492 accipe,
2501 4425 2890 4498 longorumque
2921 4426 3167 4482 laborum
3202 4429 3663 4485 intermissionem

2095 4513 2350 4585 indulge;
2385 4516 2478 4570 sed
2509 4516 2557 4571 ei
2585 4518 2806 4571 omnino
2885 4529 3114 4573 mortem
3153 4521 3330 4589 gladio
3378 4520 3666 4590 irrogabis.

2756 4633 2820 4688 In
2846 4634 3005 4689 idem.

2169 4716 2319 4772 Felix
2367 4734 2450 4788 es,
2479 4721 2777 4791 navigium,
2826 4737 2948 4777 cum
2997 4723 3298 4794 pretiosum
3353 4740 3488 4782 onus
3517 4727 3668 4782 intus

2094 4806 2324 4864 Paulum
2355 4807 2522 4879 feras,
2556 4812 2648 4868 Dei
2677 4814 3052 4883 interpretem,
3085 4815 3213 4871 felix
3251 4833 3345 4885 es;
3373 4829 3429 4873 at
3459 4828 3538 4882 tu,
3577 4820 3666 4872 in-

2093 4900 2220 4954 felix
2253 4901 2405 4966 Sion,
2437 4905 2576 4972 quod
2606 4920 2738 4974 opes
2775 4916 2892 4961 tuas
2939 4907 3170 4964 Romam
3200 4911 3406 4979 mittas,
3436 4925 3671 4983 pauper-

2091 4992 2209 5048 cula
2239 5007 2298 5050 es
2321 5003 2376 5050 et
2399 4994 2729 5054 infortunata
2755 4999 2971 5056 civitas.
