4050 6388
414 308 554 373 1923

475 425 584 476 Καὶ
609 420 807 491 λυγρὸν
839 415 930 494 ᾖσι
971 419 1135 488 κόρης
1166 418 1498 489 ἀμφιθέοντα
1532 418 1697 488 μόρον

403 514 551 567 Ζωδν
593 514 705 576 ἑοῖς
724 512 968 581 ἑτάροισι
1002 511 1489 563 θαλασσοπόνοισιν
1511 511 1744 573 δπασας,

469 604 641 673 Χείρά
663 622 721 657 τε
750 605 845 659 καί
868 622 932 658 τε
954 603 1076 658 νόον
1100 603 1176 664 είς
1209 604 1370 656 πόλον
1392 604 1734 672 ἀμπετάσας.

399 700 594 767 Χιῑρε,
627 695 764 750 Θεοῦ
810 694 1035 765 κραδίη,
1068 693 1237 764 χαῖρ’,
1274 693 1562 764 οἱκτοσύνη
1593 693 1774 762 Πάτερ
1801 691 1980 756 icon,

399 879 557 932 malis
608 892 855 941 erueres,
906 873 1231 929 horrendum
1284 874 1581 943 vociferans
1636 879 1686 925 et
1731 872 1974 924 timorem

398 969 637 1037 injicicns
666 975 725 1019 ut
758 967 823 1020 ab
853 975 1088 1020 extrema
1122 973 1358 1018 antenna
1383 966 1438 1017 iu
1460 978 1647 1016 navem
1676 962 1855 1032 lapsus
1890 962 1979 1015 iti-

1572 305 1891 370 SCRIPTA
1942 306 2368 366 MISCEILAN
2375 307 2491 369 EA.
2874 386 2881 393 ν

2006 424 2049 476 Α
2150 416 2439 485 Σπλάγχνα
2463 414 2596 470 Θεοῦ
2627 414 2883 485 μερόπων
2903 413 3100 467 οὕνεκα
3124 410 3510 482 πιμπράμενα.

3520 299 3541 362 1
3553 299 3654 362 230

2081 512 2276 578 Χαῖρε,
2309 509 2404 591 καὶ
2435 507 2706 578 ὑμνητῆρι
2726 506 2858 570 Θεὸς
2884 507 3046 575 χάριν
3083 506 3257 573 ἀμφὶς
3289 504 3397 556 6πά
3410 504 3469 573 In

2162 602 2258 664 ’Ἐς
2290 616 2351 654 τε
2384 601 2574 670 ῥέοντα
2596 598 2747 653 κάτω
2775 598 2869 651 καί
2891 616 2950 651 τε
2984 598 3215 666 μένοντα
3247 594 3383 664 βίον.

2083 870 2244 924 Pater
2262 868 2489 940 piissime
2517 869 2606 937 qui
2633 884 2726 937 per
2748 867 3157 922 misericordiam
3178 864 3476 920 hominibus
3501 880 3649 933 opem

2082 963 2272 1019 tulisti.
2327 960 2506 1025 Salue,
2564 970 2614 1014 et
2660 961 2925 1014 cantatori
2979 958 3113 1012 Deus
3167 959 3403 1028 gratiam
3456 958 3543 1010 det
3593 958 3649 1010 in

398 1061 538 1113 neris
590 1060 742 1113 sociis
794 1061 955 1111 vitam
1006 1058 1320 1118 servaveris,
1377 1056 1624 1110 manibus
1683 1071 1747 1107 ac
1802 1065 1978 1107 mente
2080 1066 2363 1125 utramque
2389 1054 2570 1107 vitam.

294 1203 299 1208 .
398 1154 558 1210 simul
604 1158 659 1209 in
710 1155 897 1211 coelum
944 1156 1221 1223 porrectis.
1273 1152 1451 1218 Salve,
1504 1153 1599 1206 Dei
1642 1169 1753 1211 cor.
1800 1151 1972 1214 salve,

1191 1518 1795 1609 ΘΕΟΔΩΡΟΥ
1869 1519 2097 1606 ΤΟΥ
2170 1516 2864 1606 ΠΡΟΔΡΟΜΟΥ

1861 1702 2201 1763 ΕΞΗΓΗΣῙΣ

1069 1822 1409 1905 ΕΙΣ,ΤΟΥΣ
1478 1821 1791 1885 ΕΝ,ΤΔΙΣ
1869 1821 2096 1875 ΙΕΡΔΙΣ
2172 1819 2632 1873 ΔΕΣΠΟΤΙΚΔΙΣ
2684 1819 2976 1875 ΕΟΡΤΑΙΣ

1610 1935 2075 1990 ΕΚἹῈΘΕΝΤΑΣ
2105 1933 2437 1989 ΚΔΝΟΝΔΣ

697 2051 884 2105 ΠΛΡΑ
921 2050 1059 2106 ΤΩΝ
1082 2050 1289 2106 ΑΙΊΩΝ
1315 2051 1436 2107 ΚΑΙ
1458 2052 1678 2107 ΣΟΦΩΝ
1730 2049 2031 2108 ΠΟΙΗΤΩΝ
2072 2049 2318 2106 ΚΟΣΜΛ
2350 2048 2469 2105 ΚΑΙ
2496 2050 2803 2107 IOANNOY
2835 2053 3337 2110 ΔΔΜΑΣΚΗΝΟΥ.

1334 2382 1971 2478 THEODORI
2053 2381 2692 2476 PRODBOMI

1081 2584 1515 2676 EXPOSITIO
1554 2583 1943 2646 CANONUM
1985 2584 2069 2645 IN
2104 2583 2363 2647 FESTA
2401 2586 2933 2650 DOMINICALIA

1696 2704 2348 2783 CONSCRIPTORUM

712 2834 758 2894 Δ
807 2830 1139 2895 SANCTIS
1171 2832 1624 2906 DOCTISQUE
1653 2832 1935 2895 POETIS
1992 2831 2263 2896 COSMA
2309 2834 2412 2894 ET
2454 2835 2761 2898 JOANNE
2812 2838 3328 2901 DAMASCENO.

1624 2996 1765 3058 (Mn,
1797 2998 1970 3061 Spicil.
2004 2998 2149 3047 Rom.
2183 3003 2297 3048 tom.
2335 2998 2418 3060 V.)

601 3301 914 3372 Προοίμιόν
938 3303 1088 3371 πρὸς
1117 3303 1224 3355 τὸν
1264 3300 1768 3369 Ὀρςριινοτρόφον.

464 3397 712 3459 Ἐο.κας,
744 3393 998 3465 ἄνθρωπε
1021 3392 1116 3445 τοῦ
1147 3392 1305 3455 Θεοῦ,
1336 3392 1474 3463 πρὸς
1495 3391 1594 3462 τὴν
1621 3390 1729 3444 τῶν
1757 3392 1815 3445 ὲν
1840 3392 1963 3453 ταῖς

392 3490 750 3551 Δεσποτικαῖς
780 3487 875 3540 καὶ
920 3485 1278 3557 δημοτελέσιν
1310 3486 1527 3554 ἑορταῖς
1568 3482 1963 3554 μελουργηθέν-

390 3597 497 3633 των
528 3577 789 3650 ᾀσμάτων
818 3580 931 3641 τοῖς
966 3578 1129 3646 ἱεροῖς
1180 3576 1411 3638 ἐκείνοις
1442 3575 1671 3645 ἀνδράσι
1704 3576 1799 3629 καὶ
1827 3574 1965 3627 ὐπο-

389 3673 590 3741 φήταις
615 3670 710 3723 τοῦ
752 3668 1090 3738 Πνεύματος,
1120 3669 1270 3737 ἡμᾶς
1293 3667 1553 3737 ἐξήγησιν
1584 3667 1963 3738 προκαλούμε-

390 3779 498 3824 νος,
541 3761 803 3828 ἄντικρυς
856 3759 1082 3811 ἐκείνων
1124 3757 1225 3829 τῆς
1274 3757 1639 3828 εύαγγελικῆς
1671 3759 1765 3812 καὶ
1815 3757 1965 3821 θείας

390 3853 702 3923 παραϐολῆς
757 3850 1173 3922 ἐξεργάζεσθαι,
1207 3850 1303 3903 καὶ
1340 3850 1495 3919 παρὰ
1524 3849 1739 3903 δεῖπνον
1780 3850 1965 3902 καλεῖν

391 3962 458 4015 με
486 3944 740 4014 λαμπρὸν
790 3944 924 4010 ὁμοῦ
962 3943 1061 3999 καὶ⁸
1109 3942 1407 4013 βασιλικὸν,
1458 3941 1713 4012 εὐπρεπῆ
1760 3943 1964 4012 προϐε-

391 4036 656 4109 ϐλημένον
689 4035 865 4089 πάντα
895 4035 1002 4088 τῶν
1049 4035 1329 4105 ἐδωδίμων
1379 4035 1448 4087 τὰ
1500 4034 1782 4089 κάλλιστα.
1820 4034 1963 4088 Μαί-

389 4128 576 4181 νεσθαι
606 4126 698 4181 οὖν
732 4127 800 4181 ἂν
848 4127 1073 4190 εἰκότως
1114 4127 1329 4197 δοκοίην
1372 4128 1420 4178 εί
1474 4126 1564 4179 διὰ
1612 4125 1785 4196 ζεύγη
1820 4126 1958 4196 βοῶν

388 4219 569 4290 τυχὸν,
605 4219 714 4271 εἴτε
761 4220 1016 4286 γυναῖκα,
1051 4217 1162 4270 εἴτε
1216 4218 1385 4287 ἀγρὸν
1416 4217 1558 4270 κατὰ
1605 4219 1732 4280 τοὺς
1758 4216 1957 4287 λήρους

388 4310 632 4373 ἐκείνους
665 4312 761 4364 καὶ
791 4308 1167 4379 μισοδείπνους
1192 4309 1261 4362 τὰ
1301 4310 1441 4371 θεῖα,
1473 4309 1743 4379 τοσαύτης
1775 4308 1963 4377 χλιδῆς

389 4402 485 4455 καὶ
509 4401 741 4471 τρυφῆς,
771 4402 866 4455 καὶ⁵
887 4401 1225 4471 τηλικαύτης
1256 4400 1576 4465 πανδαισίας
1614 4400 1719 4465 ἔξω
1743 4399 1962 4470 βάλοιμι

386 4492 625 4560 ἐμαυτόν
650 4508 665 4522 ·
707 4493 801 4545 καὶ
833 4490 908 4562 μὴ
941 4492 1108 4560 μόνον
1152 4492 1405 4560 τοιαύτης
1439 4492 1741 4562 ἀμϐροσίας
1769 4497 1961 4560 πεινή-

671 4667 1002 4725 Ρτοαιῐηίιιηι
1030 4665 1096 4721 ad
1119 4665 1664 4735 Orphanotrophum.

469 4763 696 4825 Videris,
723 4766 876 4817 homo
903 4762 999 4815 Dei
1025 4800 1041 4825 ,
1072 4777 1166 4815 nos
1196 4761 1490 4822 exhortari,
1524 4768 1580 4812 ut
1610 4760 1853 4813 carmina
1901 4758 1958 4811 in

384 4854 530 4926 '[estis
565 4853 855 4907 Dominicis
881 4872 911 4907 a
954 4854 1080 4905 viris
1097 4856 1295 4905 sanctis
1335 4860 1382 4903 et
1412 4848 1640 4921 Spiritus
1668 4850 1839 4903 sancti
1864 4865 1959 4901 sa-

384 4946 677 4999 cerdotibus
741 4937 1027 4999 decantata
1086 4959 1453 5015 exponamus,
1500 4941 1959 5012 quandoquidem,

384 5035 739 5106 evangelicam
772 5045 818 5088 et
862 5037 1102 5089 divinam
1153 5033 1470 5101 parabolam
1508 5034 1561 5086 iu
1589 5049 1715 5103 opus
1748 5048 1961 5096 vocans,

383 5130 455 5183 ad
485 5146 686 5184 caenam
721 5130 975 5184 celebrem
1010 5147 1072 5183 ac
1105 5130 1328 5198 regiam,
1379 5144 1597 5198 qumque
1634 5127 1805 5181 cibum
1843 5143 1961 5180 om-

385 5225 532 5276 nium
562 5225 794 5276 maxime
818 5225 1083 5292 egregium
1111 5223 1282 5291 offert,
1318 5237 1396 5273 me
1434 5221 1663 5273 invitare
1699 5218 1960 5288 dignaris.

384 5314 563 5378 Quare
598 5316 776 5384 utique
798 5316 1108 5377 iusanirem,
1147 5316 1192 5366 si
1247 5314 1395 5366 boves
1436 5321 1655 5381 emptos,
1691 5316 1786 5363 aut
1828 5324 1963 5361 uxo-

383 5420 495 5457 rem
547 5420 714 5475 nuper
739 5405 972 5469 ductam,
1022 5412 1114 5457 aut
1150 5420 1337 5473 agrum
1377 5412 1692 5472 coemptum,
1734 5408 1793 5453 ut
1825 5400 1961 5469 fece-

382 5504 506 5548 runt
548 5495 632 5549 illi
685 5496 778 5548 Dei
829 5512 1024 5560 osorcs,
1056 5505 1372 5563 pra’tcxens,
1405 5494 1470 5546 de
1496 5509 1649 5547 sacro
1696 5491 1790 5545 illo
1832 5506 1959 5543 con-

381 5590 513 5643 vivio
544 5605 626 5642 me
665 5588 1011 5643 excluderem.
1047 5589 1131 5643 Sic
1162 5590 1300 5642 enim
1344 5604 1445 5641 non
1473 5586 1645 5641 solum
1684 5584 1960 5638 ambrosiis

383 5680 794 5750 participatione
840 5697 919 5734 me
966 5683 1262 5751 privarem,
1314 5679 1407 5732 sed
1448 5677 1814 5731 inobedientiie
1858 5677 1961 5729 cri-

1996 3310 2039 3363 Β
2070 3318 2250 3370 σαιμι,
2299 3301 2434 3353 ἀλλὰ
2479 3302 2573 3355 καὶ
2602 3302 2859 3359 ὑπόδικον
2898 3308 3135 3376 ἐμαυτὸν
3185 3313 3306 3373 ταῖς
3351 3314 3511 3381 ἀραῖς
3547 3317 3646 3386 τῆς

2069 3393 2349 3456 ἀπειθείας
2385 3397 2847 3467 καταστησαίμην
2872 3414 2886 3430 ·
2919 3399 2951 3470 ἢ
2981 3400 3114 3469 ἐμοῦ
3152 3403 3289 3472 πρὸς
3326 3405 3425 3473 τὴν
3448 3408 3645 3477 κλῆσιν

2070 3485 2486 3555 ἁφηνιάξοντος,
2510 3479 2555 3539 ὦ
2581 3487 2842 3557 μακάριε,
2868 3490 2962 3542 καὶ
2984 3492 3067 3553 τὸ,
3098 3493 3317 3563 Ἐρωτῶ
3341 3513 3422 3558 σε,
3460 3499 3647 3566 λέγον-

2068 3588 2182 3636 τος,
2209 3572 2298 3643 ἔχε
2341 3591 2406 3644 με
2454 3580 2861 3646 παρῃτημένον,
2923 3580 3222 3650 ἀπορήσεις
3262 3585 3494 3653 πτωχῶν
3549 3589 3647 3641 καὶ

2071 3665 2373 3735 ἀναπήρων
2404 3667 2498 3719 καὶ
2545 3667 2737 3736 χωλῶν
2788 3670 2883 3723 καὶ
2927 3672 3167 3741 τυφλῶν,
3205 3673 3300 3736 οὓς
3326 3677 3443 3728 ἀνθ’
3488 3679 3647 3748 ἡμῶν

2073 3758 2328 3821 καλέσεις
2358 3762 2438 3821 είς
2469 3760 2850 3829 ἐστιατόριονς
2889 3763 2998 3815 Καὶ
3031 3763 3138 3834 μὴν
3178 3766 3390 3820 πολλῶν
3421 3785 3503 3821 σοι
3535 3787 3646 3823 τοι-

2072 3848 2244 3902 ούτων
2278 3852 2306 3902 ὁ
2338 3852 2529 3919 παρὼν
2559 3852 2846 3921 περίϐολος
2891 3853 3370 3924 ὑπερτέέπλησται,
3400 3858 3475 3922 ὡς
3507 3862 3643 3929 μηδὲ

2069 3943 2135 3997 ἄν
2159 3960 2240 3997 σοι
2265 3943 2509 4014 δεήσειεν
2537 3947 2613 4007 είς
2634 3946 2732 4009 τὰς
2756 3946 3012 4009 πλατείας
3036 3949 3130 4001 καὶ⁸
3156 3948 3336 4019 ῥύμας
3363 3952 3643 4006 ἐπελθόντι

2069 4034 2165 4105 τῆς
2197 4036 2426 4099 πόλεως,
2453 4037 2684 4091 καλέσαι
2715 4037 2938 4100 τούτους
2983 4040 3106 4103 τοὺς
3142 4040 3461 4111 ἀναπήρους
3484 4057 3501 4074 ⁸
3523 4043 3641 4096 ἀλλ’

2067 4126 2349 4195 ὑπηχῆσαι
2381 4126 2538 4195 μόνον
2565 4126 2624 4179 τὸ
2667 4126 3177 4197 δειπνοκλητήριον,
3207 4132 3300 4181 καὶ
3333 4132 3456 4193 τοὺς
3498 4134 3641 4185 κατὰ

2068 4218 2239 4288 φυλὰς
2276 4220 2372 4271 καὶ
2402 4220 2583 4289 σμήνη
2618 4222 2755 4289 πρδς
2776 4219 2873 4290 τὴν
2909 4221 3104 4289 κλῆσιν
3133 4220 3330 4273 αὐτίκα
3364 4227 3643 4293 συνερρω-

2069 4310 2225 4375 γέναι
2251 4325 2266 4339 '
2298 4309 2493 4363 οὐκοῦν
2523 4311 2702 4363 πᾶσαν
2732 4312 2829 4380 τὴν
2858 4311 2957 4382 ήδη
2990 4312 3265 4381 πρόφασιν
3291 4312 3475 4384 ἔρρειν
3513 4314 3641 4380 ἐῶν,

2069 4399 2366 4455 ὑπακούσω
2399 4402 2583 4471 σοιτῷ
2612 4403 2869 4456 καλοῦντι
2897 4419 2911 4434 ·
2945 4402 3127 4456 λαϐὼν
3155 4404 3329 4472 ἄγαγε
3376 4423 3445 4474 με
3492 4411 3645 4477 παρᾶ

2068 4490 2130 4542 τὸ
2154 4491 2373 4545 δεῖπνον
2398 4494 2496 4544 καὶ
2526 4494 2813 4546 ἁνάκλινον
2834 4495 2981 4557 ὅπως
3009 4495 3117 4563 ἄρα
3149 4495 3244 4547 καὶ
3271 4494 3478 4564 βούλοιο
3502 4513 3516 4526 ·
3550 4500 3644 4551 καὶ

1985 4669 2031 4729 C
2068 4667 2222 4719 minis
2249 4683 2330 4720 me
2358 4683 2505 4721 reum
2541 4670 2790 4740 facerem.
2823 4671 2962 4738 Quid
2986 4677 3169 4731 enim?
3196 4675 3255 4732 Si
3279 4678 3641 4733 invitationem

2066 4771 2364 4810 recusarem
2398 4775 2481 4824 ac,
2513 4759 2837 4817 Excusatum
2874 4781 2956 4818 me
2991 4768 3146 4832 habe,
3181 4770 3427 4833 dicerem,
3470 4786 3644 4823 nonne

2065 4856 2142 4911 tu,
2180 4850 2262 4902 vir
2291 4851 2456 4915 beate,
2486 4869 2769 4924 pauperes,
2820 4856 3063 4920 claudos,
3094 4876 3257 4915 crecos
3295 4863 3395 4914 mei
3424 4861 3536 4914 loco
3571 4862 3643 4915 ad

2065 4957 2275 4994 sacrum
2303 4946 2598 4999 convivium
2652 4950 2913 5003 vocares?
2943 4949 3070 5004 1am
3115 4968 3235 5006 vero
3272 4962 3411 5005 certe
3455 4955 3641 5008 damus

2068 5042 2159 5087 tua
2208 5034 2401 5090 talibus
2445 5038 2646 5108 repleta
2702 5042 2822 5107 erit,
2871 5042 3045 5117 ita_ut
3079 5059 3208 5113 apus
3241 5044 3331 5098 tibi
3367 5060 3471 5097 non
3506 5046 3643 5115 [oret

2066 5126 2120 5177 in
2152 5126 2383 5195 compita
2422 5135 2471 5179 et
2513 5129 2650 5182 vicos
2703 5131 2929 5185 civitatis
2968 5134 3183 5202 prodire
3239 5141 3289 5186 et
3338 5136 3641 5204 peregrinos

2061 5216 2310 5297 invitare.
2346 5218 2439 5272 Ubi
2469 5221 2698 5286 primum
2743 5223 2881 5276 enim
2927 5224 2997 5277 ad
3029 5239 3268 5278 mensam
3314 5235 3463 5280 tuam
3487 5244 3641 5281 voca-
3697 5236 3710 5249 '

2061 5310 2219 5369 veris.
2253 5308 2539 5364 multitudo
2565 5330 2628 5365 ac
2650 5314 2805 5367 turba
2830 5323 2881 5367 te
2916 5316 3116 5370 audiet.
3151 5317 3325 5388 Igitur
3363 5320 3500 5373 citra
3528 5336 3644 5373 om-

2066 5418 2183 5455 nem
2213 5413 2529 5472 praetextum
2557 5421 2732 5458 vocem
2759 5414 2908 5459 tuam
2952 5410 3255 5461 exaudiant.
3305 5407 3441 5463 Veiis
3480 5411 3643 5481 igitur

2067 5495 2136 5547 ad
2160 5511 2363 5549 caenam
2388 5513 2468 5550 me
2493 5495 2847 5561 introducere,
2874 5508 2923 5550 et
2951 5497 3144 5564 locum,
3168 5517 3321 5569 quem
3360 5501 3521 5563 voles,
3550 5520 3642 5556 as-

2066 5585 2301 5655 signare.
2343 5584 2728 5640 Manilucemus
2760 5605 2952 5657 panem
2981 5590 3234 5644 caelestem
3262 5599 3310 5644 et
3348 5592 3645 5662 angelicum

2070 5678 2311 5730 humano
2344 5694 2522 5743 more;
2554 5684 2603 5730 et
2631 5676 2716 5731 ubi
2747 5687 2938 5733 taurus
2968 5690 3060 5736 aut
3096 5680 3288 5736 vitulus
3320 5682 3649 5753 evangelia-:5
