4050 6422
386 341 516 405 1231

1603 336 2001 398 THEODORI
2062 339 2466 401 PRODROMI

3528 338 3664 404 1232

380 450 690 520 δειπνῶμεν
717 450 785 503 τὰ
830 446 1155 519 ἐπουράνια,
1193 446 1285 498 καὶ
1323 445 1486 515 ἄρτον
1532 445 1782 513 ἀγγέλων
1812 445 1960 514 τρώ-
1988 453 2039 513 Α
2067 448 2250 504 κανὼν
2283 449 2742 521 ὑπερπέπλησται
2770 466 2784 481 ·
2821 450 2914 503 καὶ
2950 449 3086 518 τάχα
3136 449 3201 503 ἂν
3242 450 3338 504 καὶ
3392 470 3665 522 προκατε-

381 561 573 616 γωμεν
599 544 878 615 ἄνθρωποι
906 558 920 573 ⁸
953 541 1056 595 κάν
1080 541 1161 602 τίς
1191 558 1293 591 που
1325 539 1422 592 καὶ
1445 539 1645 608 ταῦρος
1670 538 1969 609 ἦοσιτιστδν

383 636 744 705 εὐαγγελικὸν
772 636 840 704 τῇ
869 632 1117 705 τραπέζῃ
1169 629 1621 698 συμπαρακέοιτο
1647 647 1658 659 ·
1698 629 1970 698 στρυφνό-

384 746 543 798 τερος
578 728 726 795 λέγω
754 724 880 786 νοῦς
914 725 948 793 ἢ
983 722 1126 786 λέξις
1156 722 1581 791 γλαφυρωτέρα,
1616 719 1971 789 ἰσχυροτέρας
1994 762 2009 791 χ

384 824 484 890 τῆς
517 819 927 889 διαμασήσεως,
956 815 989 885 ἢ
1019 814 1118 884 τῆς
1152 813 1402 882 ἁλήσεως
1441 812 1739 882 χρῄζοντα,
1773 812 1973 879 διαμα-

387 912 612 982 σώμεθα
636 927 649 941 ·
682 912 775 964 καλ⁵
806 908 982 961 ταῦτα
1007 906 1117 976 γὰρ
1145 902 1287 957 κατὰ
1312 902 1373 956 τὸ
1404 901 1707 972 ἐγχωροῦν,
1736 900 1830 953 καὶ
1859 902 1973 962 τοῖς

383 1006 625 1074 λογικοῖς
681 1002 939 1072 μυλίταις
1002 998 1322 1068 ἀλήθωμεν,
1379 995 1447 1048 ἵν’
1500 994 1694 1060 οὕτως,
1748 993 1799 1046 ei.
1851 992 1970 1062 δοίη

384 1098 540 1161 Θεὸς,
572 1096 954 1165 ἀληλεσμένην
1005 1093 1108 1164 τὴν
1139 1089 1347 1162 τροφὴν
1390 1090 1504 1151 τοῖς
1554 1087 1975 1157 ἐντυγχάνουσιν

386 1190 793 1260 ὲκπορίσωμεν.

469 1280 733 1353 Ἀρκτέον
758 1279 816 1332 δέ
848 1293 1038 1347 φασιν,
1067 1275 1190 1328 ὅθεν
1221 1273 1486 1344 ἄρχεσθαι
1521 1273 1746 1343 ἄμεινον
1768 1288 1783 1303 ο
1818 1273 1976 1342 ἄμει-

390 1392 481 1428 νον
517 1373 575 1425 δὲ
614 1372 694 1442 τῷ
730 1368 1052 1438 ἐνιαυσιαίῳ
1088 1367 1272 1434 κύκλῳ
1305 1366 1694 1437 συνάρχεσθοιι,
1728 1368 1820 1419 καὶ
1848 1366 1975 1418 τού-

389 1484 484 1519 του
522 1461 974 1534 συμπεριοδεύειν
1000 1460 1331 1530 ὑψηλότερον
1361 1458 1625 1522 ζωδιακὸν
1650 1458 1851 1512 κύκλον
1876 1461 1975 1527 τῆς

390 1559 500 1613 τῶν
532 1554 881 1610 Δεσποτικῶν
912 1553 1154 1606 κανόνων
1187 1551 1452 1621 ἀκριϐοῦς
1481 1550 1795 1623 ἐξηγήσεως
1827 1566 1838 1580 ’
1875 1552 1976 1603 κόι-

390 1651 548 1718 ιπειδὴ
578 1648 669 1703 τὸν
695 1646 911 1717 πρῶτον
948 1647 1092 1716 μῆνα
1137 1643 1237 1713 τῆς
1269 1642 1619 1701 ἐνιαυσιαίοις
1668 1643 1976 1712 περιφορᾶς

388 1745 423 1814 ἡ
466 1744 565 1810 τῆς
614 1739 917 1811 σταυρικῆς
957 1737 1224 1807 ὑψώσεως
1255 1734 1587 1803 καθαγιάζει
1638 1738 1973 1804 πανήγυρις,

393 1835 465 1887 τὰ
491 1832 587 1886 ἐπὶ
614 1831 786 1902 ταύτῃ
814 1829 1263 1901 μελουργηθὲντα
1292 1831 1360 1899 τῇ
1396 1827 1489 1883 τοῦ
1518 1826 1808 1880 θεσπεσίου
1834 1826 1976 1897 λύριξ⁴

388 1924 587 1993 Κοσμᾶ
631 1920 1068 1992 προεξηγὼμεθα
1104 1918 1395 1990 κρούματα
1419 1935 1435 1950 ·
1470 1918 1687 1995 »πολλὴν
1726 1918 1825 1987 μὲν
1865 1920 1974 1989 γὰρ

388 2016 483 2069 καὶ
531 2014 631 2084 τὴν
686 2014 931 2084 ἱστορίαν
961 2013 990 2064 ὁ
1025 2013 1168 2075 θεῖος
1205 2004 1361 2073 οὗτος
1395 2009 1474 2080 τῷ
1531 2011 1753 2082 μεγάλῳ
1788 2010 1973 2063 κανόνι

387 2107 546 2175 εἴπερ
578 2122 662 2167 τις
716 2103 875 2167 ἄλλος
927 2095 1340 2174 προϐέϐληταιο
1392 2099 1596 2171 πολλὴν
1641 2100 1698 2153 δὲ
1751 2102 1844 2152 καὶ
1898 2101 1974 2169 τῷ

387 2198 658 2268 ποιητικῷ
692 2197 792 2266 τῆς
841 2196 1038 2261 λέξεως
1092 2194 1586 2264 ὲνυποκαθημένην
1638 2193 1753 2264 ἔχει
1808 2193 1976 2246 δεινό-

385 2307 528 2359 τητα
552 2306 565 2319 ·
603 2292 696 2341 καὶ
744 2289 847 2341 οὐκ
893 2287 957 2341 ἄν
987 2304 1074 2350 τις
1119 2286 1338 2341 δύναιτο
1372 2286 1569 2358 ῥᾳδίως
1610 2285 1759 2354 αὐτῷ
1792 2301 1974 2355 παρα.

387 2380 684 2447 κολουθεῖν,
724 2378 798 2451 μὴ
822 2380 945 2449 οὐχὶ
976 2382 1118 2433 πάνυ
1150 2379 1420 2448 τρόφιμος
1452 2377 1529 2430 ὢν
1557 2378 1782 2445 ἁπάσης
1817 2378 1973 2446 ἱερᾶς

389 2472 634 2540 ἱστορίας
663 2471 762 2540 τῆς
803 2470 1182 2541 πρεσϐυτέρας
1222 2469 1339 2539 ἅμα
1386 2470 1481 2522 καὶ
1515 2468 1814 2537 νεωτέρας.
1852 2469 1972 2539 Ἑν-

388 2559 579 2613 τεῦθεν
608 2556 702 2613 οῦν
729 2560 960 2629 ἀρκτέον
1001 2562 1097 2612 τοῦ
1122 2556 1532 2630 ὲγχειρήματός
1557 2597 1573 2621 ,
1607 2560 1702 2612 καὶ
1746 2560 1814 2611 τὰ
1840 2559 1975 2615 imo-

389 2650 665 2712 δυσκόλως
700 2668 815 2713 πως
853 2649 1148 2719 εἰρηθέντα
1177 2652 1233 2702 ὲν
1261 2650 1412 2719 αὐτῷ
1441 2651 1807 2719 διασαφητέον
1835 2666 1848 2680 ο
1880 2650 1975 2703 καὶ

391 2741 568 2804 ἄλλως
621 2742 731 2810 γὰρ
787 2741 996 2811 ἄθυμόν
1043 2744 1160 2794 ἐστι
1214 2744 1325 2805 τοῖς
1379 2741 1661 2795 εὐσεϐέσιν
1696 2743 1827 2811 ἡμῖν
1884 2744 1977 2796 καὶ

390 2834 552 2905 νόμος
582 2826 1193 2905 οἷονάπαραχάρακτος
1219 2835 1282 2887 ὲκ
1308 2833 1417 2887 τῶν
1446 2835 1699 2902 πατέριον
1726 2836 1851 2906 ἄχρι
1879 2836 1976 2888 καὶ

389 2926 549 2995 ἡμῶν
576 2925 792 2989 διαϐάς,
829 2926 1003 2997 ἀρχὴν
1051 2928 1250 2990 παντὸς
1285 2929 1611 2996 γράμματος
1656 2928 1715 2979 τὸ
1745 2944 1975 2999 σωτηρι-

391 3018 486 3071 κδν
518 3019 788 3072 ποιεῖσθαι
841 3020 1089 3090 σημεῖον,
1120 3018 1197 3080 ὡς
1238 3018 1305 3072 ἂν
1336 3018 1547 3071 ἐκεῖθεν
1599 3019 1795 3089 βοηθου
1807 3019 1971 3089 μένου
2003 3022 2042 3075 C

387 3110 482 3164 τοῦ
510 3111 841 3180 γράφοντος,
888 3110 1133 3173 εὐπετῶς
1176 3110 1258 3162 ὅτι
1299 3110 1448 3181 μάλα
1482 3112 1573 3164 καὶ
1620 3111 1971 3180 ἁπροσὼπως

388 3204 422 3268 ὴ
462 3201 635 3273 (ραφὴ
661 3201 981 3254 διανεύοιτο.
1025 3201 1168 3254 Ἀλλ’
1203 3202 1490 3264 εὐσεϐείας
1520 3202 1828 3272 προφθάνει
1872 3203 1969 3256 τοῦ

392 3292 590 3363 μέλους
631 3294 664 3363 ἡ
700 3295 860 3364 χάρις
903 3292 1001 3346 καὶ
1035 3294 1384 3363 προαρπάζει
1423 3311 1524 3362 μου
1560 3296 1659 3361 τὴν
1686 3293 1929 3346 διάνοιαν
1957 3311 1968 3323 ’

388 3384 556 3455 βαϐαὶ
584 3385 692 3453 γὰρ
741 3388 881 3439 ὅσων
918 3386 1127 3455 ίΰγγων
1160 3389 1258 3441 καὶ
1311 3388 1588 3458 μουσικῶν
1638 3392 1919 3452 στεφάνων
1950 3390 1978 3442 ὁ

387 3558 583 3597 mensae
603 3541 876 3612 appositus
909 3542 1090 3607 fuerit,
1114 3551 1210 3596 aut
1244 3542 1332 3595 ubi
1354 3559 1500 3597 mens
1527 3544 1607 3597 vel
1638 3562 1811 3599 sermo
1845 3545 1970 3599 sub-

390 3636 552 3699 limis,
585 3644 633 3686 et
662 3635 752 3704 qui
790 3635 1098 3704 fortioribus
1142 3634 1385 3688 dentibus
1421 3651 1549 3704 opus
1593 3636 1770 3701 habet,
1819 3638 1973 3707 offer-

390 3733 497 3788 tur,
528 3738 744 3792 operam
795 3725 872 3776 rei
930 3724 1048 3776 huic
1112 3726 1315 3783 demus,
1369 3731 1439 3787 et,
1484 3733 1601 3777 utut
1658 3727 1971 3787 valebimus,

385 3813 714 3885 spiritalibus
740 3813 1031 3868 molaribus
1056 3814 1451 3885 perfringamus
1477 3832 1539 3869 ac
1570 3816 1857 3880 molamus,
1915 3826 1973 3870 ut

385 3909 481 3972 sic,
516 3905 626 3959 Deo
649 3905 830 3973 dante,
857 3908 1242 3960 nutrimentum
1275 3920 1638 3979 prteparatum
1670 3910 1972 3963 assistenti-

386 3998 479 4049 bus
505 3996 865 4051 exhibeamus.

460 4088 527 4140 At
560 4090 898 4160 principium.
942 4090 1081 4144 unde
1135 4092 1278 4145 decet
1309 4132 1321 4152 ,
1375 4095 1688 4162 capiamus;
1750 4103 1800 4147 et
1856 4111 1974 4150 cum

388 4178 574 4233 melius
620 4181 712 4245 sit,
742 4197 863 4233 cum
913 4181 1059 4251 cyclo
1091 4198 1271 4236 annuo
1331 4185 1541 4238 initium
1584 4185 1778 4253 facere,
1818 4203 1980 4240 cano-

386 4288 512 4325 num
532 4271 930 4326 Dominicorum
949 4274 1329 4342 expositionem
1346 4275 1554 4329 claram
1583 4277 1980 4345 perhibeamus;

385 4374 581 4417 etcum
643 4363 816 4435 cyclus
873 4366 1267 4420 anniversarias
1302 4366 1447 4429 velit,
1485 4377 1542 4421 ut
1590 4372 1982 4423 sancta'crucis

2078 544 2472 614 μουσούργησα
2492 542 2590 613 τὴν
2616 543 2896 611 ἐξήγησιν,
2928 532 2978 595 εἰ
3009 542 3082 611 μὴ
3116 544 3371 614 περιττός
3395 562 3477 609 τις
3503 528 3665 616 ἔμελ-

2073 637 2165 689 λον
2198 637 2348 701 δόξαι
2380 636 2477 689 καί⁵
2508 636 2694 706 μεῖζον
2724 635 2818 688 τοῦ
2854 635 3017 704 ἔργου
3055 636 3329 689 ποιεῖσθαι
3358 637 3418 690 τὸ
3448 641 3663 710 πάρερ-

2074 744 2212 796 γον·
2270 728 2464 796 γυμνῷ
2513 727 2647 795 γοῦν
2705 730 2849 780 κατὰ
2901 728 2962 780 τὸ
3016 727 3298 798 ἐγχωροῦν
3346 728 3424 798 τῷ
3472 732 3663 782 κανόνι

2076 820 2419 890 ἐπιϐλητέον.
2456 819 2551 872 καὶ
2594 821 2770 888 τούτῳ
2828 821 3249 890 ὑποκαθήμενον
3305 822 3480 892 υύτῳ
3533 823 3661 875 νοῦν

2075 914 2515 983 διερμηνευτέον,
2544 914 2642 983 τῆς
2670 931 2728 965 τε
2756 912 2954 978 λέξεως
2978 914 3039 966 τὸ
3070 913 3439 982 ἀπεξεσμένον
3467 932 3666 985 στρογ.

2077 1004 2375 1067 γιελλοντας
2407 1004 2882 1073 περισμιλευτέον,
2929 1005 3077 1058 Ἔδει
3121 1005 3219 1074 μὲν
3253 1004 3345 1058 οῦν
3398 1008 3525 1076 περὶ
3562 1008 3665 1078 τῆς

2075 1095 2171 1149 τοῦ
2231 1095 2396 1149 αὑτοῦ
2445 1096 2667 1157 κανόνος
2733 1097 3112 1165 ἀκροστιχίδος
3169 1096 3390 1168 πρῶτον
3443 1101 3661 1150 εἰπεῖν·

2077 1187 2263 1256 ἐπειδὴ
2297 1185 2524 1255 οὐδεμία
2562 1190 2620 1239 ὲν
2653 1186 2791 1258 αὐτῇ
2838 1191 2988 1239 ἐστιν
3022 1189 3286 1255 ἀσάφεια,
3332 1191 3475 1242 κατὰ
3510 1188 3661 1259 ῥῆμα

2082 1280 2243 1349 μόνον
2276 1280 2483 1348 ταύτην
2506 1278 2869 1349 προεκθετέον
2890 1297 2901 1310 ’
2940 1279 3161 1350 σταυρῷ
3187 1279 3459 1342 πεποιθὼς
3491 1279 3662 1345 ὕμνον

2080 1369 2442 1440 ὲξερεύγομαι
2465 1385 2480 1399 ’
2513 1370 2721 1432 δίκαιος
2749 1368 2825 1422 ὣν
2852 1371 2927 1432 ὡς
2956 1370 3125 1433 ὅντως
3157 1371 3186 1424 ὁ
3221 1372 3478 1441 μελῳδὸς,
3514 1374 3664 1425 εἰκό-

2080 1476 2186 1521 τως
2210 1459 2306 1511 καὶ
2330 1459 2404 1519 ὡς
2424 1458 2563 1511 λέων
2588 1459 2837 1521 πέποιθε,
2868 1461 3009 1512 κατὰ
3041 1460 3140 1527 τὴν
3167 1459 3413 1529 Γραφὴν,
3440 1462 3532 1514 κα)⁸
3563 1479 3662 1514 πε-

2081 1550 2346 1615 ποιθότως
2381 1552 2470 1606 τὸν
2518 1550 2685 1621 ὕμνον
2724 1550 2820 1603 τοῦ
2870 1549 3105 1618 σταυροῦ
3156 1568 3324 1620 φησιν
3373 1552 3663 1622 ἐξερεύγε-

2082 1643 2225 1708 σθαι,
2252 1645 2352 1697 οὺκ
2378 1643 2487 1696 ἀπὸ
2512 1644 2612 1712 τῆς
2639 1643 3061 1713 περιπαθήσεως
3095 1643 3283 1713 μόνης,
3314 1643 3445 1696 ἀλλὰ
3470 1645 3534 1713 δὴ
3565 1646 3665 1695 κλὶ

2080 1735 2188 1788 ἀπὸ
2214 1736 2313 1804 τῆς
2361 1736 2588 1805 ἑρυγῆς,
2625 1734 2816 1787 λέοντα
2861 1734 3078 1797 δεικνὺς
3118 1736 3311 1787 ἑαυτόν
3338 1751 3351 1764 ο
3392 1754 3409 1787 ι
3447 1737 3600 1788 Λέων
3639 1757 3657 1788 ι

2079 1829 2212 1898 γὰρ,
2250 1829 2440 1898 φησιν,
2475 1848 2492 1883 ε
2527 1827 2962 1896 ἐρεύξεταιλκαὶ
2993 1828 3076 1889 τίς
3099 1828 3161 1880 οὐ
3192 1827 3562 1897 φυϐηθήσεται
3591 1845 3605 1893 ;
3638 1848 3655 1879 ›

2081 1918 2247 1989 Πλὴν,
2290 1912 2335 1972 ὦ
2380 1917 2653 1987 θαυμάσιε
2702 1916 3037 1986 μουσουργὲ,
3076 1917 3183 1969 τῶν
3235 1917 3334 1986 μὲν
3367 1917 3597 1970 λεό,των
3631 1920 3664 1988 ἡ

2079 2010 2251 2081 ἐρυγὴ
2291 2009 2711 2079 καταπληκτική
2751 2007 2811 2059 τέ
2844 2010 2994 2061 ἐστιν
3022 2010 3112 2059 καὶ
3146 2009 3392 2076 ἐκμανὴς
3421 2008 3513 2060 καὶ
3540 2008 3667 2060 δεσ-

2079 2100 2397 2171 δεωστάτη·
2435 2099 2471 2153 ἃ
2500 2099 2555 2152 δὲ
2602 2100 2668 2152 σὺ
2719 2098 2986 2171 ὲξερεύγῃ
3042 2099 3179 2167 πρὸς
3227 2099 3394 2167 ’ὕμνον
3440 2100 3530 2151 τὸν
3567 2099 3663 2152 τοῦ

2082 2193 2343 2261 σταυροῦ,
2367 2192 2429 2244 τὸ
2469 2192 2713 2245 ἐναντίον
2744 2192 2893 2245 ἆποιν
2937 2192 3276 2261 χαριέστατα
3303 2209 3361 2243 τε
3395 2192 3488 2244 καὶ
3527 2209 3661 2260 μουο

2081 2283 2382 2346 σικώτατα,
2438 2284 2534 2337 καὶ
2579 2283 2811 2336 εὐωδίαν
2860 2283 3239 2354 πνευματικὴν
3297 2284 3664 2337 ἁποπνέοντςτ.

2079 2377 2300 2444 Μήποΐ
2336 2375 2430 2429 οῦν
2461 2379 2636 2428 ἐκεῖνο
2688 2375 2889 2444 μᾶλλον
2920 2375 2980 2427 τὸ
3024 2373 3286 2442 ψαλτικὸν
3322 2373 3554 2443 ἁρμόσει
3584 2390 3663 2426 σοι

2081 2465 2220 2534 πρὸς
2242 2464 2341 2528 τὰς
2363 2465 2587 2533 ἐρυγάς,
2614 2464 2697 2527 τὸ,
2715 2464 3076 2533 Ἐξηρεύξατο
3105 2465 3137 2535 ἡ
3157 2464 3353 2530 καρδία
3377 2482 3478 2532 μου
3509 2464 3665 2531 λόγον

2079 2561 2329 2629 ἀγαθόν;
2371 2561 2480 2616 Καὶ
2515 2560 2659 2615 πάνυ
2695 2559 2797 2629 μὲν
2825 2558 2917 2611 οὖν
2940 2574 2952 2587 '
2987 2557 3103 2611 ἀλλ’
3148 2558 3248 2627 ἤδη
3282 2558 3376 2609 καὶ
3402 2559 3561 2627 ἡμεῖς
3586 2556 3664 2626 τῷ

2082 2648 2302 2722 σταυρῷ
2353 2651 2680 2714 πεποιθότες
2730 2651 2821 2702 τοῦ
2857 2648 3031 2718 ὕμνου
3086 2648 3180 2700 τοῦ
3217 2650 3514 2718 σταυρικοὺ
3565 2648 3663 2718 τὴν

2080 2745 2341 2815 ἐξήγησιν
2373 2743 2754 2815 ὲρευγὼμεθα.

2449 2878 2585 2950 ᾩδὴ
2608 2886 2678 2946 α’,
2711 2877 2857 2948 ἦχος
2883 2884 2986 2932 πλ,
3019 2880 3060 2932 δ’
3089 2880 3310 2947 εἰρμός.

2157 3036 2175 3069 ‹
2211 3015 2455 3087 Σταυρὺν
2481 3018 2727 3086 χαράξας
2756 3016 2965 3084 Μωσῆς
2996 3018 3085 3067 ἐπ’
3108 3015 3323 3078 εὐθείας
3354 3015 3533 3084 ῥάϐδῳ
3563 3013 3663 3081 τὴν

2096 3110 2367 3181 Ἐρυθρὰν
2418 3108 2636 3177 διέτεμε
2687 3109 2765 3178 τῷ
2804 3108 3025 3177 Ἰσραὴλ
3081 3107 3440 3171 πεζεῠσαντιι
3477 3107 3573 3175 τὴν
3607 3108 3665 3159 δὲ

2084 3199 2526 3267 ἐπιστρεπτικῶς
2555 3197 2759 3269 Φαραὼ
2798 3200 2911 3261 τοῖς
2963 3200 3172 3268 ἅρμασι
3206 3198 3484 3267 κρατήσας
3522 3196 3667 3265 ἤνω-

2087 3310 2176 3344 σεν
2208 3292 2296 3345 ἐπ’
2344 3291 2537 3356 εὔρους
2584 3291 2698 3354 διαὶ
2716 3291 2889 3360 piabat;
2930 3291 2988 3345 τὸ
3040 3290 3309 3358 ἀήττητον
3350 3289 3549 3340 ὃπλων
3586 3286 3666 3339 δ.δ

2085 3386 2304 3456 Χ;.ιστ
2337 3385 2560 3456 ᾅινιυμεν
2586 3385 2661 3456 τῷ
2697 3384 2817 3454 Θεῷ
2848 3383 3004 3455 ἡμῶν
3038 3386 3120 3435 ὅτι
3155 3381 3487 3446 δεδόξασται.
3531 3398 3550 3430 ι

2080 3544 2311 3597 sicorum
2342 3542 2443 3610 [ili
2478 3544 2651 3612 facere
2676 3540 2869 3602 solent,
2893 3554 3109 3592 exorsus
3132 3552 3317 3598 essem,
3371 3538 3474 3590 nisi
3509 3537 3666 3589 time—

2084 3648 2196 3685 rem
2223 3649 2287 3686 ne
2308 3634 2464 3686 nimis
2494 3631 2693 3686 multus
2740 3632 2882 3684 circa
2905 3630 3080 3699 operis
3104 3646 3331 3700 parerga
3363 3644 3472 3681 esse
3517 3630 3666 3682 vide-

2084 3741 2191 3779 rer.
2226 3725 2400 3795 Igitur
2425 3739 2681 3777 canonem
2706 3724 2881 3792 ipsum
2921 3721 3221 3789 expositum
3247 3735 3426 3773 sensus
3480 3720 3570 3789 qui
3619 3721 3666 3772 ei

2084 3818 2348 3886 subjacet,
2396 3815 2769 3869 dilucidandus
2821 3822 2870 3867 et
2925 3813 3172 3866 dictionis
3225 3812 3541 3881 asperitates
3571 3825 3667 3862 ea:-

2081 3911 2373 3981 plananda!
2402 3911 2669 3963 videntur.
2710 3910 2822 3974 Quo
2856 3911 2913 3963 in,
2948 3909 3057 3964 loco
3087 3910 3151 3979 de
3179 3909 3399 3963 canonis
3446 3908 3668 3961 ιιι-νοειί-

2081 3998 2228 4050 chide
2267 3999 2500 4067 primum
2540 3998 2697 4052 verba
2740 3998 2916 4068 facere
2946 4000 3117 4051 uisum
3144 4006 3219 4052 est
3244 4016 3262 4063 ;
3292 4007 3340 4050 et
3372 4014 3489 4050 cum
3513 3999 3565 4049 in
3597 4012 3661 4049 ea

2083 4090 2216 4146 nihil
2242 4108 2347 4146 non
2377 4090 2584 4145 clarum
2624 4092 2715 4155 sit,
2771 4108 2918 4145 voces
2967 4091 3191 4162 singula:
3246 4100 3456 4145 tantum
3496 4093 3666 4145 inter-

2075 4186 2352 4256 pretanda:
2383 4186 2615 4239 veniunt.
2648 4185 2711 4240 In
2741 4200 2894 4239 cruce
2944 4186 3108 4256 igitur
3140 4184 3367 4251 conﬁsus
3414 4186 3666 4256 hymnum

2077 4281 2328 4351 produco.
2386 4281 2552 4333 Poeta
2612 4282 2713 4335 rite
2759 4290 2808 4335 et
2853 4281 3140 4335 secundum
3184 4282 3505 4351 scripturam
3549 4283 3668 4333 ani-

2078 4388 2255 4425 mosus
2284 4374 2417 4426 sicut
2458 4371 2536 4425 leo
2591 4374 2762 4428 crucis
2797 4374 3055 4442 hymnum
3113 4371 3261 4435 dicit,
3326 4388 3432 4424 non
3485 4370 3666 4425 indole

386 4457 659 4511 erectionis
689 4459 973 4528 panegyris
1022 4457 1158 4525 ﬁat,
1191 4460 1432 4513 carmina
1491 4477 1523 4513 a
1563 4462 1734 4515 sancti
1780 4460 1984 4516 Cosmte
2078 4463 2274 4528 solum,
2320 4464 2413 4517 sed
2457 4475 2617 4521 cantu
2657 4481 2860 4535 quoque
2894 4464 3098 4519 leonem
3141 4480 3193 4518 se
3212 4464 3511 4517 ostendens.
3558 4462 3667 4516 Leo

388 4545 505 4617 lyra
554 4547 841 4599 decantata
906 4556 1227 4616 repetamus.
1290 4547 1380 4602 Vir
1426 4550 1567 4603 enim
1618 4552 1700 4603 hic
1753 4560 1970 4605 sanctus
2003 4538 2236 4618 l"enim,
2292 4559 2384 4620 ait,
2433 4561 2623 4627 rugiet,
2672 4566 2720 4611 et
2783 4558 2900 4627 quis
2954 4574 3058 4610 non
3105 4556 3352 4610 timebit?
3414 4556 3555 4619 Sed,
3634 4571 3665 4608 o

386 4637 668 4690 historiam
699 4643 945 4690 sanctam
962 4652 1057 4707 per
1088 4640 1268 4709 magni
1300 4643 1517 4694 canonis
1543 4643 1786 4695 ordinem
1827 4643 1969 4695 cele-

385 4726 557 4781 bravit
575 4735 624 4781 et
654 4729 853 4797 poetico
875 4744 1118 4781 sermone
1156 4728 1456 4798 felicissime
1481 4731 1765 4803 evulgavit.
1792 4730 1971 4797 Quare

384 4819 474 4887 qui
507 4834 627 4871 eum
663 4818 1103 4888 comprehendere
1127 4820 1371 4886 voluerit,
1410 4823 1555 4876 omni
1591 4839 1749 4876 sacra
1807 4825 1967 4877 histo-

385 4914 472 4964 ria
500 4920 611 4964 tum
641 4912 866 4979 antiqua
886 4928 1002 4965 cum
1032 4928 1167 4966 nova
1197 4913 1430 4967 imbutus
1448 4930 1559 4968 esse
1586 4915 1805 4969 debebit.
1835 4917 1971 4970 Hinc

387 5005 553 5074 igitur
619 5003 1003 5057 exordiendum
1055 5004 1177 5064 erit,
1231 5014 1389 5074 atque
1436 5007 1599 5059 itaut
1640 5024 1757 5069 qua:
1800 5010 1973 5063 minus

385 5095 556 5149 lucide
586 5098 650 5149 ab
681 5098 794 5165 ipso
819 5095 1033 5165 prolata
1074 5105 1205 5159 sint,
1236 5098 1611 5151 dilucidentur.
1642 5098 1811 5152 Aliter
1834 5102 1972 5153 enim

383 5187 551 5247 nobis.
593 5204 690 5256 pro
718 5188 916 5256 pietate
947 5196 1158 5251 nostra,
1201 5188 1411 5257 difﬁcile
1441 5199 1539 5243 est,
1573 5189 1738 5259 legem
1786 5192 1974 5245 incon-

383 5292 590 5331 cussam
619 5294 736 5346 qua:
763 5295 795 5331 a
820 5280 1024 5332 sanctis
1054 5279 1303 5333 i’atribus
1333 5280 1401 5331 ad
1443 5296 1538 5332 nos
1569 5298 1729 5350 usque
1759 5283 1974 5337 descen-

384 5368 482 5431 dit,
514 5379 564 5421 et
594 5386 711 5434 quce
740 5372 910 5423 omnis
963 5374 1247 5441 scriptura:
1282 5373 1695 5441 fundamentum
1721 5384 1816 5439 est,
1872 5377 1970 5428 rite

386 5462 748 5530 interpretari,
802 5463 881 5516 ita
925 5472 980 5516 ut
1030 5465 1299 5533 scriptura
1343 5482 1447 5534 qua
1494 5483 1595 5536 par
1635 5476 1711 5519 est
1766 5470 1972 5521 ratione

387 5562 628 5605 eruatur.
660 5550 762 5606 Sed
803 5555 922 5625 jam
979 5556 1123 5607 sacri
1175 5557 1433 5610 carminis
1479 5557 1683 5612 delicia:
1743 5566 1971 5613 mentem

389 5644 657 5709 captivant
671 5644 701 5709 ;’
719 5660 842 5697 nam
862 5645 1101 5714 rhythmo
1125 5662 1188 5698 ac
1213 5650 1418 5702 coronis
1441 5651 1653 5704 musicis
1670 5667 1838 5705 canon
1865 5652 1974 5721 ipse

388 5734 804 5802 superabundat,
847 5744 1005 5806 atque
1043 5739 1267 5807 fortasse
1311 5744 1705 5811 expositionem,
1750 5754 1803 5797 ut
1856 5763 1971 5799 mu-

2076 4646 2350 4703 Musarum
2378 4652 2571 4715 amice,
2603 4650 2814 4705 leonum
2847 4652 3052 4721 rugitus
3099 4649 3349 4703 terribilis
3378 4658 3453 4701 est
3483 4658 3532 4700 et
3580 4649 3665 4701 in~

2077 4757 2241 4797 sanus
2284 4755 2332 4797 et
2379 4743 2519 4798 male
2549 4744 2673 4799 olet.
2744 4743 2985 4817 Hymnus
3038 4751 3236 4810 autem,
3281 4759 3437 4813 quem
3499 4752 3554 4794 tu
3601 4743 3666 4794 de

2074 4843 2264 4886 sancta
2298 4849 2452 4887 cruce
2484 4843 2672 4888 cantas
2711 4845 2927 4889 econtra
2950 4835 3373 4904 jncundissimus
3405 4845 3457 4886 et
3505 4832 3667 4904 plane

2078 4925 2400 4995 rhythmicus
2440 4933 2516 4978 est
2540 4935 2587 4978 ct
2618 4916 2830 4981 odorem
2874 4926 3208 4998 spiritualem
3259 4926 3414 4995 emat.
3475 4923 3669 4978 Nonne

2075 5017 2239 5086 igitur
2268 5016 2323 5068 id
2348 5019 2487 5085 quod
2516 5034 2607 5069 cor
2648 5036 2820 5071 meum
2854 5022 3021 5085 canit,
3045 5020 3166 5073 boni
3216 5019 3404 5071 ominis
3441 5019 3510 5072 ad
3558 5019 3669 5088 spi-

2079 5110 2244 5161 ritum
2275 5123 2384 5161 esse
2406 5109 2658 5162 videtur?
2686 5108 2814 5163 Sine
2836 5111 3013 5166 dubio.
3049 5110 3153 5165 Sed
3194 5111 3312 5180 jam
3339 5127 3434 5163 nos
3463 5124 3667 5180 quoque

2079 5198 2221 5250 cruci
2272 5198 2429 5264 [idem
2478 5198 2722 5253 habentes
2774 5202 3028 5271 hymnum
3073 5213 3273 5254 sancta:
3314 5202 3478 5253 crucis
3504 5215 3668 5268 expo-

2082 5302 2295 5339 namus.

2414 5382 2648 5437 Carmen
2680 5420 2720 5448 .,
2756 5401 2923 5439 sonus
2962 5385 3048 5444 IV.
3084 5384 3316 5438 hirmus.

2161 5493 2179 5523 ¢
2218 5473 2420 5545 Moyses
2461 5492 2667 5529 crucem
2702 5479 2853 5548 virga
2909 5477 3190 5546 formando
3241 5492 3387 5529 mare
3429 5474 3667 5528 Rubrum

2087 5585 2103 5616 ι
2138 5565 2265 5632 [iliis
2297 5564 2475 5619 Israel
2511 5568 2726 5632 diuisit;
2760 5566 3065 5621 Pharaonis
3090 5578 3266 5621 autem
3291 5584 3477 5620 currus
3500 5567 3668 5620 armis

2089 5677 2106 5707 ι
2143 5658 2346 5711 invictis
2374 5660 2627 5727 disrupit.
2654 5659 2834 5724 Quare
2890 5658 3100 5714 Christo
3133 5663 3387 5731 hymnum
3441 5658 3668 5713 celebrc-

2090 5768 2105 5800 ι
2148 5767 2262 5803 mus
2298 5750 2404 5803 Deo
2440 5762 2626 5805 nostro
2663 5735 2786 5823 quia
2812 5752 3143 5823 gloriﬁcatus
3181 5764 3274 5809 est.
3319 5776 3336 5806 υ
