4050 6412
398 416 536 481 1233

1031 527 1370 597 'Ej‘pm'sla.

464 620 718 673 Γενναῑον
771 619 865 671 καὶ
906 619 1144 688 ἡρωϊκὸν
1169 619 1245 682 ὼς
1290 619 1458 677 ὅντως
1494 618 1552 683 ἐξ
1597 619 1772 689 ἀρχῆς
1801 619 1971 686 αὐτῆς

390 710 452 763 τὸ
488 709 582 762 τοῦ
637 710 830 779 μέλους
865 708 1015 778 διλμα
1068 710 1145 777 τῷ
1202 710 1452 780 μελῳδῷ,
1509 712 1601 762 καὶ
1637 710 1768 762 αὐτὸ
1815 708 1973 762 τοῦτο

394 801 536 854 κατά
564 800 663 871 τὴν
708 800 1064 870 ἀκροστιχίδι
1112 800 1380 854 λεόντειον
1405 817 1419 830 ·
1454 801 1530 852 ἴδε
1578 801 1686 870 γάρ
1727 799 1885 862 εὐθὺς
1912 800 1971 865 ἐξ

393 893 601 961 ἀρχῆς*
632 892 729 946 ἐπὶ
754 896 818 962 τῇ
846 910 905 944 τε
932 892 1042 962 ᾠδῇ
1078 892 1268 963 πρώτῃ
1296 894 1404 963 γὰρ
1427 893 1732 952 ἀκολούθως
1757 894 1968 963 ἥρμοσε

392 983 486 1034 τὸν
528 982 742 1053 εἱρμὸν,
782 985 874 1036 καὶ
908 984 1025 1047 ἅμα
1055 986 1153 1053 τῆς
1208 987 1266 1037 ἐν
1296 986 1480 1053 χεροῖν
1534 983 1844 1043 ὑποθέσεως
1871 983 1972 1034 οὐκ

393 1073 582 1142 ἐξέστη
612 1075 712 1142 τῆς
747 1078 1054 1145 σταυρικῆς
1103 1075 1468 1144 πανηγύρεως
1497 1088 1506 1098 ·
1544 1073 1681 1126 ἀλλά
1715 1073 1846 1142 μίαν
1879 1074 1974 1125 λα-

395 1160 508 1214 ϐὼν
533 1162 798 1216 ὑπόθεσιν
845 1163 939 1215 τὸν
967 1165 1250 1226 Μωῦσέως
1294 1163 1509 1232 ῥάϐδον,
1540 1164 1631 1216 καὶ
1678 1163 1775 1233 τὴν
1809 1164 1971 1232 Ἐρυ-

395 1251 533 1319 θρὰν
560 1252 653 1306 ὑπ’
685 1252 855 1324 αὐτῆς
883 1255 1228 1324 τεμνομένην
1257 1253 1558 1315 θάλασσαν,
1586 1257 1652 1324 τῇ
1681 1271 1742 1306 τε
1771 1255 1880 1324 ᾠδῇ
1910 1254 1972 1307 τὸ

394 1343 636 1413 καθῆκον
685 1345 1091 1414 ἀπονενέμηκε,
1124 1347 1218 1398 xui.
1249 1346 1343 1398 τοῦ
1399 1347 1637 1416 σταυροῦ
1678 1348 1777 1415 τὴν
1809 1348 1972 1416 χάριν

393 1434 703 1504 ἐξύμνησεο
755 1437 961 1505 μᾶλλον
989 1436 1045 1488 δὲ
1094 1436 1264 1505 αὐτὴν
1292 1437 1391 1506 τὴν
1430 1437 1528 1505 τῆς
1562 1437 1785 1507 πρώτης
1827 1438 1973 1508 ᾠδῆς

392 1523 655 1577 ὑπόθεσιν
682 1525 1032 1594 προτύπωμα
1083 1522 1223 1578 εἰναι
1263 1526 1516 1589 ἀπέδειξε
1565 1525 1660 1579 τοῦ
1710 1526 1968 1595 σταυροῦ.

407 1616 550 1669 Ἀλλ’
580 1617 680 1688 ἤδη
702 1617 793 1670 καὶ
819 1618 960 1671 κατά
983 1617 1129 1683 λέξιν
1159 1618 1593 1688 ἐπισκεψώμεθα
1616 1619 1707 1672 τὸν
1735 1621 1931 1690 είρμόν
1954 1638 1966 1653 ο

394 1706 695 1778 κάπειῗήπε
705 1724 736 1776 ρ
768 1708 996 1778 ἀπορία,
1021 1711 1207 1776 φασὶν,
1229 1710 1372 1780 ἀρχὴ
1388 1712 1644 1781 ἀπορίας,
1664 1712 1970 1783 ἀπορητέον

397 1796 615 1864 πρῶτον
648 1797 884 1865 ἀπορίαν
912 1796 1116 1866 ταύτην
1148 1792 1302 1866 οἶμαι
1334 1798 1434 1851 οὐκ
1452 1799 1667 1867 ἄλογον.

1565 418 1647 478 SC
1658 418 1729 477 R1
1744 416 1887 475 ΡΤΛ
1932 417 2015 475 Ml
2028 416 2358 475 SCELLAN
2370 416 2458 473 EA
2472 458 2489 474 .

2013 527 2063 587 Α
2091 523 2310 594 θρωπος
2358 523 2568 576 τέκτων
2597 520 3100 591 οἰκοδομησάμενος
3146 515 3313 584 οἶκον,
3350 520 3441 572 καὶ
3479 523 3661 591 ἀπαρ-

3526 403 3662 467 1234

2078 616 2237 677 τίσας
2290 614 2475 673 αὐτὸν,
2525 616 2620 666 καὶ
2672 613 3013 682 ἀκεραιήσας
3062 611 3484 681 ὁλοκληρότατα,
3544 609 3660 665 εἶτα

2077 707 2302 774 θεμέλια
2356 704 2617 768 ὑπέϐαλε,
2674 706 2768 757 καὶ
2817 705 3031 772 τοίχους
3076 703 3168 756 ἐπὶ
3219 704 3329 766 τοῖς
3389 702 3661 773 θεμελίοις

2079 797 2368 866 ἀνήγειρε,
2404 798 2497 848 καὶ
2528 796 2626 866 τὴν
2660 796 2858 865 στέγην
2897 795 3108 857 τούτοις
3145 795 3565 866 ἐπωρεφήσατο.

2152 889 2292 959 Πρὸς
2324 889 2388 955 δὴ
2418 888 2624 958 ταύτην
2670 888 2771 958 τὴν
2799 888 3036 957 ἀπορίαν
3077 886 3240 940 τοῦτο
3283 887 3660 956 ἐπιλυομένως

2076 983 2285 1052 ῥητέον,
2321 982 2402 1034 ὅτι
2440 998 2500 1033 τε
2560 978 2721 1048 διπλῆ
2784 981 2900 1031 ἐστι
2947 980 3045 1047 τῆς
3072 979 3167 1030 τοῦ
3216 979 3533 1046 χαράττων
3563 978 3659 1030 λέ-

2076 1074 2212 1138 ξεως
2245 1073 2491 1143 σημασία
2516 1088 2531 1102 ·
2568 1071 2684 1124 ἔστι
2717 1070 2815 1141 μὲν
2850 1070 3169 1139 χαράττειν
3206 1072 3301 1123 καὶ
3333 1072 3390 1122 τὸ
3420 1071 3509 1123 διά
3548 1087 3662 1138 χει-

2077 1165 2185 1233 ρῶν
2218 1165 2537 1234 χαράττειν,
2570 1161 2666 1216 καὶ
2701 1162 2763 1213 τὸ
2796 1160 3132 1230 αἰσθητικῶς
3158 1176 3172 1192 ο
3205 1160 3278 1222 ὡς
3312 1160 3439 1213 ὅταν
3472 1160 3657 1211 εἰκόνα

2072 1257 2234 1327 τυχὸν
2264 1257 2360 1309 καὶ
2392 1254 2699 1309 ἐπιστόλιόν
2730 1271 2781 1306 τι
2830 1253 3200 1324 χαράττομεν,
3232 1250 3266 1321 ἢ
3308 1251 3435 1306 ἄλλο
3463 1269 3514 1305 τι
3549 1253 3657 1303 τῶν

2072 1347 2501 1419 χαραττομένων
2556 1345 2589 1415 ἦ
2639 1346 3040 1415 γραφομένων*
3092 1343 3172 1397 ἔτι
3222 1346 3513 1414 χαράττειν
3564 1341 3660 1396 καί

2074 1439 2385 1511 προτυποῦν
2408 1455 2481 1492 τιο
2521 1439 2597 1500 ὡς
2625 1439 2754 1491 ὅταν
2793 1436 3028 1505 λέγομεν
3052 1437 3134 1490 ὅτι
3171 1437 3204 1507 ἡ
3243 1435 3405 1506 βάτος
3432 1438 3466 1507 η
3504 1453 3659 1488 καιο-

2076 1530 2209 1600 μένη
2251 1529 2347 1582 καὶ
2378 1527 2454 1600 μὴ
2484 1527 2892 1597 κατακαιομένη
2928 1529 3195 1597 ἐχάραττε
3233 1526 3332 1595 τὴν
3360 1525 3660 1595 ἀειπάρθε-

2073 1636 2164 1671 νον
2207 1618 2567 1688 Θεομὴτοραο
2620 1617 2680 1669 οὐ
2732 1617 2842 1686 γὰρ
2888 1615 3066 1686 δήπου
3116 1612 3394 1684 αἰσθητῶς
3441 1615 3536 1668 καὶ
3572 1614 3663 1666 διὰ

2073 1710 2272 1782 χειρῶν
2311 1710 2346 1780 ἡ
2372 1708 2531 1778 βάτος
2568 1708 2776 1780 ἔγραφε
2812 1705 2914 1777 τὴν
2942 1704 3241 1776 Παρθένον,
3286 1705 3422 1759 ἀλλὰ
3454 1706 3661 1773 συμϐο-

2074 1800 2243 1862 λικῶς
2275 1800 2369 1853 καὶ
2393 1797 2663 1859 τυπικῶς.
2702 1794 2877 1867 Διχῶς
2906 1792 3025 1860 οὖν,
3052 1794 3126 1857 ὡς
3160 1792 3401 1864 εἴρηται,
3428 1795 3523 1846 τοῦ
3558 1810 3663 1862 χα-

470 1885 630 1937 mm"
653 1887 763 1956 γὰρ
793 1888 858 1941 ἄν
889 1905 971 1950 τις
1000 1888 1225 1951 δικαίως
1249 1890 1387 1959 πρὸς
1420 1889 1587 1956 αὐτὴν
1613 1888 1706 1942 τοῦ
1733 1888 1971 1960 μελῳδοῦ
2006 1911 2045 1966 Β
2067 1894 2311 1962 ράττειν
2334 1891 2656 1961 λεγομένου,
2712 1886 2951 1942 ἐνταῦθα
2991 1886 3133 1941 κατά
3168 1886 3228 1939 τὺ
3254 1886 3510 1957 δεύτερον
3559 1904 3659 1956 ση-

393 1976 495 2045 τὴν
528 1977 683 2047 ῥῆσιν
719 1977 1183 2051 διαπορούμενος·
1222 1981 1341 2045 πῶς
1384 1980 1558 2034 εἰπὼν
1599 1982 1837 2053 σταυρὸν
1871 2000 1973 2052 χα-

398 2063 563 2136 ράξας
597 2067 859 2138 Μωῦσῆς,
891 2070 983 2123 καὶ
1028 2070 1369 2141 χαραχθῆναι
1415 2072 1517 2143 ἤδη
1557 2074 1851 2142 γενόμενον
1881 2073 1973 2124 τὸν

398 2160 632 2223 σταυρὸν
673 2158 762 2211 διὰ
799 2163 898 2230 τῆς
926 2160 1127 2226 λέξεως
1156 2160 1524 2232 αἰνιξάμενος,
1573 2165 1856 2233 ἐπήγαγεν
1888 2163 1987 2216 in”

395 2246 610 2307 εὐθείας
638 2249 819 2320 ῥάϐδῳ
868 2253 968 2320 τὴν
1003 2250 1274 2323 Ἐρυθρὰν
1297 2253 1584 2324 διέτεμεν;
1636 2255 1712 2308 Οὐ
1747 2254 1855 2323 γὰρ
1881 2255 1975 2324 δή·

396 2352 499 2388 που
532 2336 672 2406 μετά
698 2337 759 2390 τὺ
788 2338 1026 2409 χαράξαι
1049 2342 1143 2393 τὸν
1174 2341 1410 2412 σταυρὸν
1441 2342 1658 2413 διέτεμε
1682 2342 1780 2414 τὴν
1812 2343 1975 2414 Ἐρυ-

398 2425 557 2495 θράν,
597 2427 692 2481 καὶ
743 2428 916 2499 αὐτῆς
957 2433 1025 2484 τὰ
1062 2432 1331 2501 τμήματα
1368 2431 1602 2502 ἥνωσεν,
1643 2432 1782 2486 ἀλλά
1834 2434 1976 2502 μετά

396 2516 459 2566 τὸ
481 2516 704 2584 τέμνειν
733 2518 828 2571 καὶ
851 2517 1073 2587 ἐνῶσαι,
1104 2521 1196 2574 τὸν
1227 2522 1459 2591 σταυρὸν
1503 2522 1809 2593 ἐχαράξατο
1833 2538 1848 2553 ·
1883 2525 1977 2576 ἀν-

395 2604 618 2676 τίφορον
642 2604 736 2662 οὖν
755 2610 957 2678 μᾶλλον
977 2612 1146 2682 ἐχρῆν
1172 2614 1348 2667 εἰπεῖν
1368 2630 1384 2647 ο
1409 2613 1530 2667 Ἐπ’
1553 2615 1769 2677 εὐθείας
1792 2616 1977 2688 ῥάϐδῳ

397 2697 498 2766 τὴν
527 2698 799 2771 Ἐρυθρὰν
830 2701 1103 2772 διατεμὼν
1133 2706 1160 2758 6
1202 2706 1444 2775 Μωῦσῆς
1475 2706 1568 2759 καὶ
1608 2709 1672 2779 τῇ
1718 2709 1978 2780 ἐπιστρε-

398 2794 568 2861 πτικῇ
601 2794 696 2845 καὶ
748 2793 956 2867 πλαγίᾳ
986 2796 1193 2862 ἐνώσας
1230 2798 1436 2869 ταύτης
1462 2800 1530 2853 τά
1560 2782 1847 2871 τμήματα,
1885 2803 1977 2856 οὖ-

399 2897 507 2943 τως
534 2883 769 2954 ἐχάραξε
799 2885 892 2940 τὸν
920 2889 1156 2958 σταυρόν
1178 2905 1194 2920 ⁸
1232 2890 1293 2942 τὸ
1319 2890 1376 2943 δὲ
1409 2892 1742 2962 προειπόντα
1766 2876 1865 2963 τὴν
1890 2896 1978 2950 διά

398 2969 677 3035 Μιυῦσέως
714 2974 843 3043 ὃλην
892 2973 1216 3048 διαχάραξιν
1255 2977 1350 3032 τοῦ
1391 2978 1628 3049 σταυροῦ
1676 2983 1977 3052 ἐπαγαγεῖν

397 3060 499 3127 τὴν
528 3060 616 3111 ἐπ’
647 3062 864 3128 εὐθείας
894 3066 995 3136 τῆς
1028 3066 1300 3137 θαλάττης
1326 3068 1519 3139 τομὴν,
1557 3067 1634 3141 μὴ
1667 3071 1760 3123 καὶ
1811 3071 1980 3126 σόλοι·

400 3168 493 3202 κον
533 3151 600 3205 ἂν
628 3154 711 3225 εἰη
746 3156 840 3208 καὶ
874 3159 1180 3229 κακόζηλον
1229 3161 1324 3213 καὶ
1357 3159 1696 3229 ἀδιανόητον,
1727 3158 1823 3213 καὶ
1853 3177 1972 3213 ποι»

400 3247 598 3313 ητικῆς
646 3246 863 3318 ἐκείνης
898 3250 1163 3317 ἀνάξιον;
1220 3252 1472 3306 Τοιοῦτον
1520 3253 1629 3323 γάρ
1685 3270 1738 3305 τι
1792 3252 1973 3320 λέγειν

2079 1983 2405 2055 μαινόμενον
2432 1984 2691 2051 εἴληπται
2727 1981 2758 2051 ἡ
2793 1979 2938 2043 λέξις
2980 1978 3057 2048 τῷ
3108 1978 3327 2047 ποιητῇ,
3375 1981 3471 2029 καὶ
3512 1975 3659 2028 οὕτω

2073 2073 2363 2143 ληφθεῖσα,
2394 2071 2653 2142 οὐδεμίαν
2678 2071 2916 2141 ἀπορίαν
2964 2068 3196 2138 παρέξει
3227 2067 3307 2138 τῷ
3342 2069 3492 2138 λόγῳ
3519 2086 3530 2097 ·
3567 2069 3659 2120 τὸν

2074 2167 2185 2236 γάρ
2221 2168 2453 2237 σταυρόν
2481 2181 2615 2236 φησι
2645 2163 3000 2234 προχαράξας
3044 2163 3139 2215 καὶ
3171 2161 3531 2230 προδηλώσας
3566 2161 3661 2214 καὶ

2076 2257 2533 2329 προαινιξάμενος
2577 2261 2604 2311 ὀ
2634 2258 2876 2325 Μωῡσῆς
2904 2259 2970 2327 τῇ
3008 2255 3107 2326 μὲν
3159 2256 3247 2308 ἐπ’
3277 2254 3496 2318 εὐθείας
3528 2273 3661 2324 προ-

2074 2352 2208 2421 τέρα
2238 2351 2396 2404 τάσει
2428 2352 2494 2420 τῇ
2528 2350 2709 2419 ῥάϐδῳ
2747 2349 2845 2419 τὴν
2890 2348 3160 2418 Ἐρυθρὰν
3190 2347 3412 2419 διέτεμε
3457 2347 3660 2400 θάλασ-

2079 2457 2176 2494 σαν
2229 2440 2369 2511 ὺπέρ
2398 2440 2492 2493 τοῦ
2541 2438 2758 2510 Ἰσραὴλ
2790 2439 3112 2504 πεζεύοντος
3153 2439 3358 2507 ταύτην
3414 2438 3510 2491 καὶ
3553 2439 3656 2508 ἤδη

2077 2529 2441 2593 πεζεύσαντος
2463 2543 2481 2561 ο
2521 2529 2620 2598 τὴν
2651 2528 2728 2592 δὲ,
2758 2529 2926 2599 ἤγουν
2976 2527 3075 2598 τὴν
3100 2525 3385 2597 δευτέραν,
3436 2528 3531 2597 τῆς
3562 2526 3661 2580 αὐ-

2076 2620 2173 2689 τῆς
2207 2619 2403 2691 ῥάϐδου
2441 2620 2600 2672 τάσιν
2624 2646 2659 2685 ,~
2687 2619 2934 2691 πλαγίως
2965 2621 3192 2689 ὕστερον
3240 2619 3519 2690 κροτήσας
3563 2619 3661 2671 καὶ

2079 2689 2543 2779 ἐπισ-τρεπτικῶς,
2583 2710 2652 2763 τὰ
2706 2698 2818 2764 ’τῶν
2850 2689 3088 2764 ⁵ι’)δάτων
3151 2709 3332 2779 ἦνωσε
3395 2709 3662 2777 τμήματα

2078 2798 2224 2850 κατά
2258 2799 2367 2851 τῶν
2399 2799 2663 2869 ἀρμάτων
2710 2799 2933 2868 Φαραὼ,
2984 2800 3079 2853 ἐπὶ
3115 2798 3212 2852 τοῦ
3263 2800 3505 2861 πλάτους
3556 2799 3663 2869 τῆς

2079 2891 2354 2962 θαλάσσης
2390 2893 2452 2944 τὸ
2506 2894 2761 2963 ἀνίκητον
2808 2895 2991 2958 ὅπλον,
3046 2888 3249 2966 δηλαδὴ
3285 2895 3374 2946 τὶν
3408 2893 3662 2964 σταυρὸν,
3703 2941 3718 2953 ,

2080 2981 2364 3053 αἰσθητῶς
2402 2983 2709 3054 διαγράψας
2736 2984 2823 3036 διὰ
2852 2985 2946 3037 τοῦ
2995 2985 3083 3036 ἐπ’
3114 2984 3328 3046 εὐθείας
3365 2984 3520 3048 ἰῶτα,
3565 2984 3664 3038 καὶ

2079 3073 2177 3144 τῆς
2206 3072 2641 3144 ἐπιστρεπτικῆς
2672 3056 2935 3144 κεραίαί

2149 3163 2273 3216 Ὀτι
2323 3158 2381 3215 δὲ
2422 3162 2690 3232 σύμϐολον
2721 3158 2789 3234 ἦν
2836 3164 2929 3216 τοῦ
2967 3163 3114 3217 θείου
3153 3162 3391 3236 σταυροῦ
3449 3165 3482 3233 ἡ
3519 3164 3662 3217 κατὰ

2081 3254 2180 3323 τὴν
2221 3252 2488 3323 Ἐρυθρὰν
2524 3255 2948 3323 θαυματοποιία,
2999 3256 3164 3309 παντί
3195 3275 3296 3310 που
3334 3255 3531 3325 δῆλον·
3570 3256 3663 3309 διά

401 3328 661 3403 ἀιτικρυς
686 3335 883 3404 ἔοικεν,
913 3328 987 3403 ὡς
1014 3336 1080 3393 ἂν
1108 3341 1158 3392 εἰ
1182 3340 1371 3410 ἔλεγον
1396 3343 1478 3395 ὅτι
1508 3340 1737 3398 ’0δείνά
1763 3363 1845 3402 τις
1876 3344 1972 3396 ἄν·
2000 3359 2044 3418 c
2077 3348 2187 3415 γὰρ
2216 3345 2311 3415 τῆς
2340 3346 2548 3408 οἰκείας
2580 3346 2800 3417 ῥάϐδου,
2824 3348 2917 3401 τοῦ
2956 3350 3196 3421 σταυροῦ
3238 3349 3466 3420 δηλαδὴ,
3512 3350 3607 3401 καὶ
3634 3350 3665 3402 ὁ

990 3523 1398 3594 Interpretatio.

475 3608 648 3667 Poetae
682 3613 735 3666 in
781 3615 1034 3679 carminis
1070 3617 1223 3669 initio
1265 3617 1421 3671 dictio
1455 3616 1641 3672 nobilis
1672 3629 1721 3672 et
1751 3620 1982 3679 heroica,

402 3709 452 3752 et
506 3705 809 3759 acrostichis
856 3707 971 3774 ipsa
1010 3705 1206 3760 leonini
1250 3705 1455 3777 aliquid
1518 3724 1629 3775 pra:
1675 3725 1730 3762 se
1774 3710 1897 3780 fert.
1940 3713 1976 3762 Α

400 3791 662 3862 principio
717 3797 854 3849 enim
909 3798 1138 3851 carmini
1167 3799 1499 3868 primordiali
1539 3802 1769 3855 hirmum
1813 3802 1988 3869 adap-

403 3883 552 3947 tasit,
599 3893 648 3936 et
700 3886 755 3938 in
805 3889 1125 3956 expositione
1156 3906 1189 3941 a
1236 3899 1436 3945 sancta:
1490 3893 1660 3945 crucis
1717 3893 1977 3962 panegyri

403 3973 546 4027 haud
591 3977 837 4042 recessit;
868 3979 960 4031 sed
1001 3978 1197 4050 Moysis
1230 3982 1440 4051 virgam
1471 3983 1842 4036 celebrandam
1881 3983 1982 4036 sibi

401 4081 697 4136 proponens
729 4078 775 4120 et
806 4068 869 4121 de
903 4070 1068 4124 diviso
1125 4074 1264 4125 mari
1312 4072 1484 4125 Rubro
1538 4075 1696 4127 verba
1752 4074 1979 4143 faciens,

400 4173 616 4210 carmen
639 4160 812 4229 ipsum
844 4163 942 4215 rite
992 4163 1268 4232 disposuit,
1318 4172 1368 4217 et
1392 4173 1594 4218 sancta:
1641 4167 1808 4219 crucis
1858 4182 1983 4236 gra-

400 4248 533 4301 tiam
588 4249 888 4315 celebravit,
936 4255 1041 4306 imo
1089 4255 1249 4323 primi
1304 4255 1557 4309 carminis
1605 4266 1978 4325 argumentum

398 4340 567 4393 crucis
595 4343 936 4414 archetypum
969 4345 1207 4414 protulit.
1247 4345 1350 4399 Sed
1372 4347 1493 4417 jam
1540 4348 1770 4401 hirmum
1824 4347 1976 4403 verba

401 4439 552 4484 tenus
586 4433 944 4503 exploremus,
980 4447 1027 4491 et
1066 4455 1185 4491 cum
1215 4439 1432 4492 dubium
1452 4439 1597 4493 dubii
1627 4441 1840 4494 initium
1864 4457 1975 4495 esse

400 4522 632 4590 dicatur,
663 4524 727 4578 de
759 4528 853 4581 hoc
895 4531 1005 4596 ipso
1046 4530 1200 4584 verba
1253 4530 1429 4600 facere
1480 4532 1625 4585 haud
1686 4532 1975 4586 absurdum

398 4615 623 4674 videtur.

471 4709 548 4764 De
576 4721 741 4782 poeta:
771 4716 908 4769 enim
930 4725 1100 4769 mente
1126 4717 1184 4769 in
1211 4717 1447 4771 carmine
1478 4719 1793 4787 proferenda
1828 4736 1975 4789 quee-

399 4818 520 4859 rens
553 4806 749 4878 aliquis
782 4819 920 4863 recte
945 4811 1181 4865 dixerit:
1218 4809 1490 4875 Quomodo
1524 4810 1737 4883 Moyses
1770 4830 1976 4868 crucem

399 4895 661 4965 formans,
709 4899 817 4952 imo
863 4888 983 4970 jam
1015 4900 1306 4969 formatam
1351 4901 1503 4954 dictis
1553 4917 1793 4956 annuens
1834 4918 1983 4955 mare

396 4986 634 5042 Rubrum
664 4991 810 5061 virga
838 4993 1008 5047 divisit
1041 4995 1066 5046 ?
1092 4993 1215 5047 Non
1256 4995 1396 5047 enim
1434 5002 1548 5063 post
1571 4995 1739 5047 crucis
1766 4995 1978 5063 signum

397 5075 691 5145 formatum
736 5098 887 5135 mare
940 5082 1181 5136 Rubrum
1224 5083 1403 5137 divisit
1425 5092 1475 5136 et
1506 5083 1849 5143 coadunavit.
1885 5081 1975 5137 sed

393 5178 514 5238 post
573 5172 880 5226 divisionem
926 5158 1401 5227 et'adunationem
1440 5173 1553 5242 ejus
1599 5189 1807 5226 crucem
1841 5174 1979 5226 desi-

395 5265 576 5334 gnavit
598 5283 618 5330 ;
657 5266 763 5319 imo
822 5276 1039 5320 econtra
1080 5266 1359 5321 dicendum
1390 5275 1543 5321 erat:
1574 5267 1780 5336 Moyses
1824 5283 1974 5321 mare

394 5355 632 5411 Rubrum
654 5362 802 5430 virga
834 5368 976 5413 recta
996 5361 1191 5423 divisit,
1215 5360 1427 5431 obliqua
1456 5369 1632 5429 partes
1656 5360 1768 5428 ejus
1792 5360 1975 5430 junxit
1994 5353 2017 5373 ⁸

394 5456 554 5519 atque
584 5451 659 5503 ita
677 5468 883 5505 crucem
908 5452 1229 5521 plasmauit;
1254 5466 1425 5504 nonne
1457 5450 1742 5504 absurdum
1773 5467 1833 5504 ac
1856 5466 1975 5520 per-

395 5541 568 5609 ﬁdum
592 5551 638 5595 et
656 5543 937 5613 indignum
958 5542 1105 5597 illius
1140 5546 1360 5617 poetices
1384 5543 1515 5611 [oret
1549 5542 1719 5595 dicere
1744 5540 1974 5611 Moysen:

394 5640 562 5685 totam
585 5635 754 5687 crucis
778 5633 1010 5704 ﬁguram
1029 5651 1123 5704 per
1146 5634 1307 5687 maris
1332 5634 1639 5686 divisionem
1665 5632 1974 5685 induxisse?

393 5722 568 5793 risque
620 5725 760 5778 enim
798 5725 1248 5796 ridiculumforet
1286 5727 1498 5779 dicere:
1554 5723 1721 5778 Homo
1777 5724 1971 5789 aliquis

393 5818 704 5873 architectus
746 5819 958 5876 domum
999 5829 1329 5885 construens,
1358 5838 1388 5874 a
1415 5819 1653 5889 partibus
1677 5821 1970 5889 superiori-

2079 3532 2173 3586 bus
2201 3533 2411 3602 incepit,
2441 3540 2703 3603 postremo
2752 3532 3099 3602 fundamenta
3139 3532 3292 3602 jecit,
3328 3540 3377 3586 et
3401 3539 3665 3603 postremo

2082 3630 2274 3676 tectum
2306 3624 2576 3692 imposuit.

2156 3714 2297 3768 Huic
2325 3714 2685 3785 disquisitioni
2709 3715 2978 3771 solvenda:
3010 3718 3370 3786 reponendum
3400 3717 3539 3787 quod
3560 3718 3664 3771 du-

2085 3808 2206 3877 plex
2241 3815 2316 3861 est
2350 3824 2532 3862 sensus
2565 3809 2708 3861 verbi
2761 3809 3097 3878 χαράττειν;
3149 3811 3322 3875 primo
3374 3810 3513 3862 enim
3551 3827 3669 3863 ma-

2079 3915 2242 3953 nuum
2316 3916 2447 3967 ope,
2506 3908 2618 3953 tum
2688 3903 2949 3955 (est/retice
2994 3917 3141 3955 more
3197 3903 3253 3954 id
3295 3902 3518 3971 facimus
3548 3942 3565 3965 ,
3606 3911 3666 3954 ut

2079 3993 2293 4061 quando
2354 3993 2643 4062 imaginem
2684 4000 2780 4044 aut
2837 3992 3112 4061 epistolam
3167 3993 3482 4061 (mutamus.
3529 3991 3664 4046 Tum

2082 4096 2176 4148 per
2225 4088 2405 4150 typum
2468 4080 2704 4149 formare
2741 4079 3030 4149 signiﬁcat,
3071 4089 3127 4132 ut
3185 4081 3397 4146 quando
3441 4081 3664 4134 dicimus

2084 4171 2223 4240 quod
2250 4171 2406 4224 rubus
2437 4172 2632 4224 ardens
2665 4176 2716 4221 et
2754 4186 2859 4222 non
2899 4169 3196 4222 combustus
3220 4168 3666 4237 Deiparumsem-

2085 4276 2183 4330 per
2213 4261 2470 4331 virginem
2496 4261 2784 4330 significat.
2818 4260 2933 4313 Non
2966 4261 3107 4313 enim
3140 4263 3292 4313 modo
3310 4259 3542 4313 sensibili
3568 4270 3667 4314 aut

2085 4362 2178 4420 per
2212 4364 2403 4405 manus
2430 4352 2588 4404 rubus
2627 4349 2891 4421 Virginem
2920 4350 3233 4419 designavit,
3259 4352 3350 4404 sed
3382 4350 3666 4421 symbolice

2086 4449 2179 4494 aut
2210 4442 2397 4512 typice.
2432 4440 2567 4496 Cum
2606 4442 2792 4512 igitur,
2821 4442 2951 4494 sicut
2985 4442 3180 4493 dictum
3208 4449 3306 4505 est,
3354 4442 3488 4495 duas
3529 4441 3666 4494 illud

2082 4535 2293 4588 verbum
2312 4534 2727 4605 signiﬁcationes
2767 4533 2979 4597 habeat,
3028 4538 3124 4588 hoc
3155 4535 3367 4604 quidem
3395 4534 3504 4590 loco
3544 4550 3665 4587 cum

2081 4626 2306 4680 secundo
2326 4625 2624 4696 signiﬁcatu
2649 4644 2680 4679 a
2709 4636 2862 4697 poeta
2893 4641 2992 4680 vox
3022 4628 3296 4696 accipitur,
3325 4636 3372 4680 et
3405 4629 3478 4679 sic
3496 4626 3664 4680 intel-

2079 4716 2217 4771 lecta
2276 4732 2614 4786 nequaquam
2660 4718 2877 4770 dubiosa
2952 4724 3200 4785 apparet.
3252 4719 3473 4769 Crucem
3521 4718 3668 4769 enim

2082 4809 2289 4878 Moyses
2315 4806 2712 4878 prwﬁgurando
2744 4817 2793 4859 et
2819 4808 3288 4878 prwsigniﬁcando
3313 4818 3361 4860 et
3397 4809 3664 4860 innuendo

2077 4902 2251 4969 prima
2281 4902 2444 4970 virga:
2490 4900 2798 4953 extensione
2847 4915 3003 4953 mare.
3049 4898 3284 4952 Rubrum
3317 4897 3445 4965 ﬁliis
3477 4896 3656 4951 Israel

2085 4991 2476 5045 transeuntibus
2512 4991 2705 5043 divisit.
2734 4986 3033 5044 Secundam
3058 5006 3179 5042 vero
3213 4991 3371 5059 virga:
3398 4989 3667 5041 extensio-

2085 5098 2205 5135 nent
2253 5081 2463 5152 obliquo
2500 5092 2642 5134 motu
2677 5083 2838 5134 maris
2887 5083 3061 5151 spatia
3113 5090 3299 5133 contra
3352 5078 3660 5133 Pharaonis

2083 5190 2272 5227 currus
2298 5176 2569 5227 concidere
2584 5172 2770 5242 jussit,
2794 5188 2961 5242 supra
3012 5173 3176 5224 maris
3208 5170 3553 5224 lutitndmem
3593 5174 3668 5225 si-

2082 5282 2247 5337 gnum
2298 5267 2594 5331 invictum,
2632 5279 2839 5316 crucem
2896 5264 3012 5316 dico
3057 5279 3151 5331 per
3194 5263 3304 5316 iota
3355 5272 3404 5315 et
3460 5264 3665 5332 apicem

2083 5375 2234 5427 persc
2245 5359 2289 5411 ri
2293 5359 2415 5428 psit.

2150 5448 2303 5513 Quod
2331 5456 2509 5503 autem
2544 5449 2861 5502 miraculum
2890 5449 3030 5500 circa
3062 5462 3211 5500 mare
3245 5446 3485 5499 Rubrum
3540 5464 3663 5500 cru-

2081 5545 2151 5595 cis
2175 5543 2364 5595 divinte
2394 5541 2686 5612 symbolum
2718 5541 2901 5610 fuerit,
2941 5541 3143 5592 nemini
3171 5556 3277 5592 non
3299 5539 3526 5593 obvium.
3557 5538 3664 5592 Per

2080 5636 2361 5703 specialem
2432 5638 2571 5690 enim
2615 5637 2856 5706 virgam,
2913 5651 3119 5688 crucem
3175 5637 3436 5704 inquam,
3498 5649 3664 5688 novus

2085 5728 2313 5799 Moyses.
2345 5727 2617 5792 Salvator,
2647 5728 2798 5799 cujus
2818 5729 2971 5797 virga
2988 5726 3316 5781 rectitudinis
3346 5725 3495 5794 virga
3518 5725 3665 5795 regni

2081 5829 2175 5880 est.
2222 5828 2277 5872 ut
2302 5821 2355 5873 in
2388 5820 2594 5888 psalmo
2636 5828 2732 5885 est,
2764 5819 2981 5872 rubrum
3011 5825 3282 5889 peccatum
3312 5816 3509 5871 divisit.
3560 5813 3665 5868 Ru-
