4050 6396
428 403 564 469 1235

1623 411 2023 472 TIIEODORI
2062 411 2469 473 PRODROMI

3553 409 3700 476 1236

421 520 542 580 νέος
562 520 804 589 Μωῦσῆς
830 522 857 574 ὁ
889 519 1103 590 Σωτὴρ,
1125 516 1187 575 οὗ
1215 521 1409 593 ῥάϐδος
1433 523 1730 592 εὐθύτητος
1758 522 2009 594 ήρἀδος
2038 527 2085 585 Α
2114 524 2297 594 ρυθμα
2355 525 2413 579 δὲ
2478 523 2657 578 πάντα
2707 524 2934 587 ταύταις
3006 521 3125 575 ἐστὶ
3201 522 3299 576 καὶ
3355 522 3702 593 ἀνάρμοστα.

417 613 517 681 τῆς
546 611 825 681 βασιλείας
864 614 998 676 ἐστὶ,
1036 612 1178 665 κατὰ
1211 614 1270 667 τὸ
1322 612 1686 684 ψαλλόμενον,
1727 614 1828 684 τὴν
1878 616 2003 682 ἐρυ-

418 698 557 768 θρὰν
613 700 865 769 διέτεμεν
927 702 1225 771 ἁμαρτίαν.
1281 703 1523 774 Ἐρυθρὰ
1580 704 1639 757 δὲ
1695 701 1917 766 πάντως
1970 704 2003 772 ἡ

417 791 662 861 ἁμαρτία
688 791 750 844 οὐ
776 793 937 861 μόνον
959 794 1039 845 ὅτι
1071 794 1267 862 αἵματι
1292 796 1660 862 παρείκασται
1692 796 1758 865 τῇ
1789 795 2005 865 Γραφῇ,

413 884 491 947 ὡς
518 884 609 937 τό·
648 902 667 936 ι
711 885 939 953 ’Ἄνδρες
991 887 1243 955 αἱμάτων
1288 888 1385 941 καὶ
1442 887 1791 957 δολιότητος’
1833 905 1853 938 ι
1909 888 2007 941 καὶ

418 975 507 1028 τό·
550 994 567 1026 ι
605 974 663 1029 '0
688 975 937 1048 ἐκζητῶν
965 978 1034 1030 τὰ
1066 978 1300 1046 αἵματα,
1332 978 1514 1032 αὐτῶν
1545 978 1793 1049 ἐμνήσθη
1813 993 1829 1010 ο
1862 998 1880 1030 ι
1910 980 2004 1032 καὶ

417 1068 549 1137 παρ’
582 1068 724 1137 ἄλλῳ
744 1069 997 1140 προφήτῃ
1021 1083 1037 1097 ⁸
1075 1089 1094 1122 ι
1124 1071 1189 1122 Ai
1221 1072 1402 1140 χεῖρες
1432 1069 1587 1139 ὑμῶν
1611 1070 1843 1139 αἵματος
1867 1070 2004 1139 πλή-

418 1178 534 1232 ρεις
558 1178 570 1191 ⁸
608 1181 629 1215 s
662 1162 777 1216 ἀλλ’
801 1166 883 1217 ὅτι
911 1163 1008 1217 καὶ
1040 1164 1270 1227 Ἡσαΐας
1292 1165 1320 1216 ό
1350 1162 1868 1233 μεγαλοφωνότατος
1894 1164 1994 1232 τὴν

417 1252 590 1323 αὐτῆς
627 1253 973 1326 ἐρυθρότητα
1005 1254 1303 1326 διαρρήδην
1354 1254 1767 1309 ἀναδείκνυσιν·
1807 1274 1826 1307 ι
1872 1255 1999 1308 Ἐὰν

419 1346 520 1415 μὲν
551 1339 684 1400 ὦσιν
732 1346 886 1415 ὑμῶν
932 1348 990 1401 αἱ
1025 1347 1310 1416 ἁμαρτίαι,
1346 1366 1364 1398 ι
1400 1346 1596 1415 λέγων,
1641 1363 1660 1397 ι
1705 1346 1782 1410 ὼς
1823 1361 2000 1414 φοινι-

418 1437 573 1502 κοῦν,
599 1437 675 1500 ὡς
709 1438 865 1507 χίονα
906 1438 1154 1491 λευκανῶ
1179 1456 1192 1470 ·
1229 1438 1324 1491 ἐὰν
1351 1438 1410 1493 δὲ
1444 1438 1521 1501 ὡς
1558 1436 1831 1502 κόκκινον,
1862 1437 1997 1490 ὡσεὶ

419 1529 567 1597 ἔριον
604 1528 893 1582 λευκανῶο
938 1547 956 1580 ι
993 1530 1095 1599 τὴν
1147 1528 1242 1583 οὖν
1303 1529 1563 1601 ἐρυθρὰν,
1620 1529 1696 1591 ὡς
1761 1530 1997 1598 ἔφημεν,

418 1619 695 1690 ἁμαρτίαν
715 1620 858 1674 οὕτω
887 1620 1158 1687 διατεμὼν
1183 1622 1211 1673 ό
1242 1620 1457 1692 Σωτὴρ,
1487 1621 1617 1677 τοὺς
1643 1620 1745 1691 μὲν
1782 1622 2000 1691 ἰσραηο

417 1713 569 1775 lira;
602 1713 778 1778 ἡμᾶς,
818 1713 897 1775 είς
925 1712 1024 1783 τὴν
1050 1712 1258 1783 ἔρημον
1290 1713 1390 1783 τῆς
1418 1713 1695 1784 ἁμαρτίας
1724 1713 1997 1767 ἀπάθειαν

416 1802 725 1856 διεϐίϐασε*
765 1803 866 1865 τὰς
915 1802 972 1856 δὲ
1014 1804 1420 1874 Φαραωνίτιδας
1463 1804 1787 1874 δαιμονικὰς
1830 1804 1993 1859 δυνάο

2187 615 2426 677 Εἰκότως
2454 613 2510 667 δὲ
2541 615 2640 667 καὶ
2672 612 2960 683 τριστάται
2995 611 3244 665 καλοῖντο
3269 626 3282 641 ο
3320 611 3395 674 ὡς
3427 614 3492 664 ὲκ
3531 615 3704 684 τριῶν

2110 706 2223 759 τῶν
2260 704 2813 773 κεφαλαιωδεστέρων
2845 703 3067 769 τρόπων
3091 705 3158 773 τῇ
3188 701 3510 773 ἀνθρωπεία
3537 702 3702 769 φύσει

2109 795 2208 863 τὴν
2240 794 2433 846 στάσιν
2461 792 2773 864 ἐγείρουσαι
2803 793 2902 847 καὶ
2928 792 3021 845 τὸν
3053 790 3311 859 πόλεμον,
3348 789 3527 860 θυμοῦ
3556 808 3702 861 φημι

2108 885 2206 937 καὶ
2235 883 2557 953 ἐπιθυμίας,
2584 884 2680 936 καὶ¹
2713 883 2814 952 τῆς
2854 882 2967 936 τῶν
3012 881 3248 949 λογικῶν
3298 880 3702 950 περιπτώσεως

2111 974 2168 1041 ἐξ
2200 973 2373 1043 ἁγνῆς
2419 992 2477 1028 τε
2525 974 2705 1045 ψυχῆς
2746 974 3212 1043 συναπαρτίζεται
3262 971 3581 1042 ὁλομέλεια*
3616 973 3699 1026 διό

2107 1082 2263 1136 φησι,
2313 1065 2535 1136 Χριστῷ
2569 1065 2792 1137 ᾄσωμεν
2839 1065 2961 1135 Θεῷ
3005 1065 3161 1134 ἡμῶν
3215 1066 3299 1119 ὅτι
3346 1064 3693 1131 δεδόξασται.

2106 1156 2277 1211 Τοῦτο
2320 1157 2381 1210 τὸ
2411 1158 2828 1228 ἀκροτελεύτιον
2855 1156 2949 1210 τοῦ
2973 1156 3171 1226 είρμοῦ
3221 1157 3436 1228 ἐλήφθη
3471 1155 3569 1225 μὲν
3601 1157 3699 1209 αὐ-

2102 1246 2311 1312 τολεξεὶ
2358 1247 2466 1300 ἀπὸ
2513 1247 2616 1313 τῆς
2667 1247 2761 1301 τοῦ
2791 1246 3073 1310 Μωῦσέως
3123 1245 3294 1317 ᾠδῆς,
3354 1247 3608 1316 ήρμόσθη
3636 1245 3694 1297 δὲ

2103 1338 2530 1409 προσφυέστατα
2560 1341 2626 1409 τῇ
2668 1341 2810 1392 κατὰ
2866 1340 2958 1392 τὸν
2998 1336 3233 1408 σταυρὸν
3265 1336 3599 1407 πανηγύρει.
3632 1336 3693 1389 Ei

2102 1434 2211 1502 γὰρ
2250 1432 2384 1498 δόξα
2427 1434 2523 1488 τοῦ
2562 1434 2768 1504 Κυρίου
2809 1434 2927 1486 ἐστί
2967 1449 3027 1485 τε
3064 1433 3159 1484 καὶ
3203 1430 3423 1498 λέγεται
3453 1432 3482 1485 ό
3525 1446 3691 1483 σταυο

2103 1523 2219 1594 ρος,
2246 1523 2356 1593 ἄρα
2398 1525 2494 1577 καὶ
2521 1523 2582 1577 τὸ
2612 1522 3017 1594 σταυρωθῆναι,
3070 1519 3353 1590 ὑψωθῆναι
3414 1512 3634 1587 λέγεται
3670 1534 3686 1549 ⁸

2100 1612 2261 1667 τοῦτο
2285 1613 2341 1667 δὲ
2373 1613 2698 1684 δοξασθῆναι
2724 1612 2977 1683 κληθείη,
3021 1611 3285 1681 καθάπερ
3305 1609 3469 1673 αὐτός
3493 1625 3658 1678 φησιν
3675 1624 3692 1639 ·

2108 1723 2127 1756 ι
2152 1704 2269 1759 Νῦν
2306 1703 2569 1775 ἐδοξάσθη
2603 1705 2633 1758 ό
2665 1704 2794 1768 Υἱὸς
2820 1703 2917 1757 τοῦ
2949 1700 3243 1774 ἀνθρώπου
3272 1716 3288 1730 ⁸
3328 1719 3347 1753 ι
3410 1701 3473 1753 οὐ
3532 1699 3695 1769 μόνον

2101 1798 2159 1851 δὲ
2183 1796 2309 1863 δόξα
2334 1798 2430 1852 τοῦ
2462 1798 2807 1866 Μονογενοῦς
2827 1797 3162 1867 ὀνομάζεται
3203 1798 3233 1851 ό
3264 1793 3521 1865 σταυρὸς,
3555 1792 3695 1848 ἀλλὰ

413 1911 536 1963 μεις
560 1896 898 1951 ὲπόντωσενο
926 1896 983 1950 αἶ
1008 1894 1233 1959 δικαίως
1275 1896 1342 1949 ἂν
1365 1895 1460 1949 καὶ
1479 1896 1707 1966 ἅρματα
1725 1894 1994 1964 λέγοιντο,
2026 1877 2068 1935 Β
2097 1890 2161 1960 δὴ
2193 1892 2288 1944 καὶ
2320 1889 2485 1961 ἀρχὴ,
2513 1892 2589 1954 ὡς
2619 1892 2772 1963 παρὰ
2813 1889 3036 1963 Ἡσαΐᾳ,
3078 1910 3098 1942 ‹
3131 1881 3207 1942 Οὗ
3244 1891 3279 1957 ή
3307 1887 3451 1959 ἀρχή
3486 1887 3576 1940 ἐπὶ
3594 1885 3692 1939 τοῦ

415 1983 498 2039 διὰ
520 1985 618 2056 τὴν
649 1986 882 2059 ἔπαρσιν
931 1990 1025 2042 καὶ
1056 1990 1155 2057 τὴν
1197 1988 1373 2059 οίησιν
1421 1989 1512 2058 ὑφ’
1544 1982 1613 2062 ἦς
1646 1988 1990 2059 κατεϐλήθη-

414 2094 549 2131 σαν’
589 2080 651 2132 οὐ
695 2080 803 2151 γὰρ
834 2080 1009 2152 δήπου
1053 2081 1137 2134 διὰ
1183 2081 1285 2152 τὴν
1319 2081 1610 2152 ἁρμονίαν,
1670 2080 1795 2135 ἐπεὶ
1826 2081 1992 2151 μηδὲν

413 2169 561 2237 παρὰ
601 2173 721 2234 ταῖς
773 2172 1163 2235 ἁποστατικαῖς
1211 2172 1505 2243 δυνάμεσιν
1551 2173 1861 2244 ἥρμοσται*
1895 2173 1995 2243 ἄῤ·

413 2349 563 2403 brum
592 2350 731 2401 enim
764 2349 945 2419 utique
974 2358 1245 2417 peccatum
1281 2361 1355 2404 est
1392 2367 1495 2404 non
1529 2349 1700 2404 solum
1755 2351 1894 2421 quod
1934 2353 1991 2406 in

412 2438 693 2512 Scriptura
725 2442 981 2512 sanguini
1004 2442 1363 2509 assimilatur,
1396 2453 1454 2497 ut
1478 2443 1612 2499 illud
1636 2461 1655 2498 :
1704 2444 1821 2498 Viri
1873 2462 1996 2500 san-

413 2532 639 2602 guinum
660 2543 717 2588 et
739 2534 985 2599 fraudis;
1012 2542 1061 2590 et
1092 2534 1262 2590 illud:
1289 2534 1392 2601 Qui
1426 2537 1750 2606 sanguinem
1773 2535 1992 2605 quaerit,

413 2636 625 2677 memor
650 2623 771 2693 ejus
798 2624 940 2690 erit;
972 2632 1020 2678 et
1050 2624 1198 2693 apud
1223 2625 1393 2679 alium
1414 2632 1731 2696 prophetam
1754 2642 1768 2678 :
1799 2627 1992 2681 Manus

413 2722 612 2770 vestrae
668 2715 937 2786 sanguine
984 2715 1211 2785 repletae
1264 2726 1414 2781 sunt,
1475 2717 1568 2771 sed
1624 2718 1763 2788 quod
1820 2720 1995 2789 regius

413 2821 619 2878 quoque
689 2805 863 2861 Isaias
937 2807 1139 2879 peccati
1202 2807 1447 2862 ruborem
1533 2809 1725 2863 diserte
1795 2827 1993 2864 memo-

412 2909 537 2955 rat:
571 2899 631 2954 Si
651 2910 874 2970 peccata
897 2909 1103 2963 vestra,
1162 2901 1359 2966 dicens,
1405 2903 1568 2972 plane
1620 2902 1989 2970 rubra.sunt,

411 2993 762 3048 sicutnivcm
792 3008 856 3049 ea
908 2993 1218 3059 dealbabo;
1279 3003 1359 3059 et,
1395 2995 1439 3048 si
1496 2996 1643 3050 sicut
1672 2997 1987 3064 coccinum,

410 3080 555 3134 sicut
616 3080 799 3135 lanam
851 3080 1144 3137 dealbabo.
1188 3080 1362 3153 Igitur
1400 3081 1676 3148 Salvator,
1714 3084 1847 3138 sicut
1905 3084 1988 3137 di-

2099 1983 2253 2054 ὥμου
2311 1984 2513 2038 αὐτοῦ’
2539 2003 2558 2036 ι
2618 1984 2696 2055 τῷ
2722 1984 2832 2056 γὰρ
2872 1983 3091 2055 σταυρῷ
3124 1984 3265 2035 κατὰ
3304 1983 3396 2032 τὸν
3440 1980 3610 2034 πολὺν
3634 1979 3694 2032 ὲν

2102 2078 2374 2148 θεολόγοις
2402 2078 2705 2150 Γρηγόριον
2735 2079 3151 2147 συνεπαίρεται,
3188 2093 3240 2128 κ.
3281 2093 3331 2128 τ.
3355 2073 3406 2128 λ.

2172 2347 2329 2403 Recte
2392 2364 2516 2403 vero
2585 2349 2747 2402 etiam
2797 2348 3041 2402 tristatas
3072 2344 3463 2418 appellaverit;
3493 2362 3558 2401 ea:
3590 2346 3690 2402 tri-

2090 2439 2185 2494 bus
2216 2442 2355 2494 enim
2402 2439 2683 2509 prwcipuis
2725 2439 2976 2493 humanae
3031 2446 3239 2492 natura:
3294 2436 3459 2504 vitiis,
3508 2440 3593 2493 ira
3636 2445 3688 2492 et

2097 2534 2277 2602 pravis
2308 2532 2683 2601 cupiditatibus
2707 2530 3047 2587 rebellionem
3079 2549 3142 2587 ac
3182 2530 3377 2586 bellum
3425 2531 3684 2593 excitant,

2094 2626 2221 2679 dum
2268 2641 2332 2680 ea:
2382 2628 2564 2680 anima
2610 2636 2800 2681 sancta
2850 2636 2899 2681 et
2967 2635 3109 2680 recto
3162 2626 3366 2696 Judicio
3407 2625 3687 2679 concordia

2097 2714 2360 2769 nascitur.
2392 2714 2572 2781 Quare
2600 2715 2762 2770 dicit:
2822 2714 3031 2772 Christo
3064 2715 3172 2769 Deo
3226 2723 3410 2769 nostro
3465 2730 3682 2769 carmen

2093 2807 2431 2874 celebremus,
2460 2810 2586 2879 quia
2606 2808 2934 2880 gloriﬁcatus
2968 2817 3065 2863 est.
3087 2806 3245 2863 Hunc
3291 2808 3502 2878 quidem
3525 2807 3686 2860 Itirmi

2096 2903 2263 2970 ﬁnem
2295 2920 2322 2957 e
2349 2901 2540 2973 Moysi:
2560 2905 2797 2957 carmine
2824 2903 3228 2973 desumpsimus,
3284 2899 3508 2970 miriﬁce
3543 2900 3683 2953 enim

2092 2995 2163 3050 ad
2188 3003 2390 3051 sanctae
2433 2996 2604 3050 crucis
2660 2997 2976 3066 panegyrim
3002 3011 3059 3050 se
3091 2994 3389 3065 adaptatnt.
3449 2992 3511 3047 Si
3542 2992 3686 3045 enim

2099 3085 2314 3141 Domini
2345 3085 2517 3157 gloria
2543 3093 2620 3141 est
2657 3095 2707 3140 et
2740 3087 2933 3161 dicitur
2989 3103 3143 3151 crux,
3185 3084 3426 3156 cruciﬁgi
3479 3098 3687 3154 quoque

410 3174 602 3238 ximus,
634 3181 903 3242 peccatum
940 3174 1160 3228 rubrum
1211 3174 1579 3245 distinguendo
1631 3191 1725 3229 nos
1780 3176 1991 3246 quidem
2030 3244 2062 3251 Δ
2101 3178 2334 3233 exaltari
2378 3187 2741 3249 nuncupatur,
2795 3181 2935 3251 quod
2986 3180 3123 3233 idem
3150 3186 3200 3232 et
3248 3176 3545 3248 gloriﬁcari
3581 3174 3687 3229 dici

412 3266 686 3321 Israelitas
732 3269 789 3321 in
848 3267 1054 3337 peccati
1096 3244 1663 3338 desertumiperduxit,
1691 3244 1993 3322 Pharaonis
2021 3244 2065 3302 ο
2102 3278 2289 3341 potest,
2322 3271 2457 3324 sicut
2492 3244 2601 3340 ipse
2627 3244 2990 3325 dixitrNunc
3013 3270 3189 3325 Filius
3228 3244 3473 3322 nominis
3510 3264 3681 3336 glori-

409 3365 587 3410 autem
614 3356 906 3427 infernales
959 3358 1138 3428 copias
1183 3356 1340 3411 undis
1390 3357 1601 3423 obruit,
1655 3374 1791 3429 quas
1854 3367 1992 3412 recte
2107 3361 2304 3416 ﬁcatus
2333 3370 2436 3415 est.
2471 3360 2590 3415 Non
2615 3360 2789 3415 solum
2827 3369 3005 3416 autem
3036 3359 3209 3430 gloria
3252 3356 3521 3426 Unigeniti
3549 3369 3685 3408 crux

408 3463 597 3502 currus
651 3448 847 3503 dixeris
897 3458 1115 3520 propter
1180 3449 1583 3520 ﬂuctuationem
1612 3489 1627 3515 ,
1696 3467 1800 3504 non
1867 3467 1987 3505 vero
2103 3453 2436 3519 nominatur,
2467 3452 2558 3506 sed
2579 3453 2740 3506 etiam
2763 3452 3107 3523 principium,
3139 3452 3269 3504 sicut
3293 3450 3436 3519 apud
3453 3446 3680 3508 Isaiam,

410 3546 626 3607 propter
651 3539 1006 3603 harmoniam,
1032 3553 1149 3607 qua:
1179 3536 1334 3591 nulla
1360 3547 1434 3591 est
1488 3539 1635 3604 apud
1690 3541 1870 3611 copias
1908 3557 1990 3594 re—

2100 3545 2268 3617 Cujus
2302 3544 2641 3615 principium
2679 3559 2847 3614 super
2895 3543 3128 3599 humero
3176 3542 3337 3613 ejus;
3377 3557 3496 3594 cum
3528 3553 3685 3591 cruce

410 3628 588 3694 belles,
618 3629 762 3700 apud
790 3645 923 3699 quas
946 3630 1126 3683 omnia
1161 3629 1456 3698 incongrua
1486 3638 1535 3683 et
1586 3630 1851 3687 discordia
1891 3650 1990 3702 ap-
2098 3636 2239 3689 euim
2262 3636 2553 3689 secundum
2587 3635 2845 3689 eximium
2898 3632 3196 3702 theologum
3226 3628 3541 3701 Gregorium
3570 3642 3682 3677 una

409 3727 619 3789 parent.
2090 3727 2385 3793 exaltatur,
2421 3733 2521 3780 etc.

972 4183 1980 4344 THEODORI
2030 4182 3095 4345 MPRODROMI

1681 4483 1796 4545 EX
1844 4481 2393 4545 EXPOSITIONE

1078 4688 1205 4776 IN
1282 4687 1858 4782 CANONEM
1934 4689 2422 4780 SABBATI
2516 4691 2987 4780 SANCTI.

1001 4906 1182 4971 (Apud
1228 4908 1452 4961 Leonem
1498 4905 1739 4959 Allatium
1813 4908 1886 4959 De
1924 4901 2067 4961 libris
2107 4903 2449 4961 ecclesiasticis
2492 4908 2773 4957 Grarcorum
2798 4943 2814 4968 ,
2866 4922 2916 4971 p.
2959 4906 3091 4969 7t.)

2007 5087 2054 5144 D

477 5262 537 5317 Ὀ
593 5265 789 5338 παρὼν
846 5266 1030 5320 κανὼν
1085 5265 1301 5338 ποίημα
1362 5268 1464 5339 μιν
1518 5271 1667 5324 ἐστιν
1722 5272 1851 5342 ἄχρι
1881 5273 1977 5325 κα)⁸

394 5353 651 5424 πέμπτης
682 5356 856 5429 αὐτῆς
883 5358 1115 5429 Μάρκου
1144 5360 1447 5414 ἐπισκόπου
1484 5360 1803 5431 ’1δροῦντος,
1828 5365 1891 5417 ἐκ
1918 5363 1976 5416 δὲ

392 5446 598 5518 ταύτης
636 5449 798 5519 ἄχρις
835 5450 1064 5519 ὲννάτης
1092 5449 1186 5504 τοῦ
1217 5453 1459 5521 μεγάλου
1500 5453 1725 5524 ποιητοῦ
1755 5455 1974 5525 Κοσμᾶ.

462 5653 702 5710 I‘rtesens
739 5671 914 5711 canon
940 5671 1067 5724 opus
1095 5659 1305 5727 quidem
1331 5668 1404 5714 est
1435 5658 1506 5714 ad
1533 5660 1772 5730 quintam
1799 5661 1972 5731 ipsam

390 5746 546 5802 odam
581 5746 753 5803 Marci
786 5750 1012 5819 episcOpi
1044 5750 1377 5813 Hidruntini,
1409 5752 1474 5807 ab
1508 5768 1673 5823 eaque
1703 5769 1867 5823 usque
1900 5754 1971 5808 ad

391 5855 588 5894 nonam
620 5843 801 5911 magni
832 5850 997 5911 poeta:
1025 5842 1229 5899 Cosma:
1249 5884 1265 5911 ,
1290 5831 1392 5900 sed
1425 5845 1592 5901 multo
1621 5855 1777 5916 ante,
1818 5857 1873 5901 ut
1908 5865 1970 5903 ex

2097 5272 2259 5327 Ἀλλὰ
2293 5272 2430 5327 πολὺ
2468 5276 2754 5346 πρότερον,
2790 5275 2865 5341 ὡς
2895 5274 2955 5342 ἐξ
2976 5277 3231 5347 ἀγράφου
3260 5275 3458 5348 ἔχομεν
3488 5294 3675 5347 παρα-

2083 5364 2309 5430 δόσεως,
2353 5367 2490 5437 γυνή
2525 5386 2608 5432 τις
2652 5368 2763 5423 τῶν
2801 5369 3144 5440 εὐπατριδῶν
3186 5370 3347 5441 σοφὴ,
3388 5370 3485 5423 καὶ
3524 5387 3676 5437 παρ-

2085 5456 2234 5522 θένος
2274 5459 2455 5512 Κασία
2501 5462 2740 5531 τοῦνομα
2768 5462 2863 5515 τοῦ
2892 5478 2953 5516 τε
2995 5462 3193 5533 μέλους
3222 5463 3467 5535 ἀρχηγὸς
3496 5463 3674 5532 ἐχρη-

2972 5599 3014 5610 .-

2081 5677 2186 5716 non
2216 5665 2412 5735 scripta
2445 5664 2733 5720 traditione
2762 5667 3040 5733 discimus,
3076 5667 3267 5723 mulier
3293 5669 3540 5738 qucedam
3569 5684 3670 5723 no-

2081 5754 2217 5820 bilis,
2242 5768 2390 5811 casta
2408 5767 2456 5810 et
2482 5760 2651 5830 uirgo,
2685 5763 2768 5816 cui
2796 5770 2912 5816 erat
2944 5779 3133 5817 nomen
3157 5762 3375 5830 Cassiaz,
3405 5762 3671 5830 eiusmodi

2081 5849 2461 5905 modulationis
2496 5854 2670 5922 prima
2706 5854 2803 5921 fuit
2840 5857 3081 5924 auctrix,
3120 5866 3168 5911 et
3204 5872 3458 5911 canonem
3490 5857 3665 5926 ipsum
