  <div class='ocr_page' id='page_1' title='image "/cluster/home/n/w/nwhite01/storage/ocr_20150623/133/coo.31924054870385/626.png"; bbox 0 0 4050 6436; ppageno 0'>
   <div class='ocr_carea' id='block_1_1' title="bbox 427 398 563 466">
    <p class='ocr_par' dir='ltr' id='par_1_1' title="bbox 427 398 563 466">
     <span class='ocr_line' id='line_1_1' title="bbox 427 398 563 466; baseline 0.007 -4"><span class='ocrx_word' id='word_1_1' title='bbox 427 398 563 466; x_wconf 69' lang='lat'><strong><em>1281</em></strong></span> 
     </span>
    </p>
   </div>
   <div class='ocr_carea' id='block_1_2' title="bbox 1469 356 2488 471">
    <p class='ocr_par' dir='ltr' id='par_1_2' title="bbox 1469 356 2488 471">
     <span class='ocr_line' id='line_1_2' title="bbox 1469 356 2488 471; baseline 0.001 -1"><span class='ocrx_word' id='word_1_2' title='bbox 1469 356 1490 378; x_wconf 57' lang='lat'><em>.</em></span> <span class='ocrx_word' id='word_1_3' title='bbox 1583 408 1750 469; x_wconf 84' lang='lat' dir='ltr'><strong><em>SCR]</em></strong></span> <span class='ocrx_word' id='word_1_4' title='bbox 1767 408 1906 467; x_wconf 87' lang='lat' dir='ltr'><strong><em>PTA</em></strong></span> <span class='ocrx_word' id='word_1_5' title='bbox 1936 406 2488 471; x_wconf 79' lang='lat' dir='ltr'><strong><em>MlSCELLANEA.</em></strong></span> 
     </span>
    </p>
   </div>
   <div class='ocr_carea' id='block_1_3' title="bbox 3563 414 3700 477">
    <p class='ocr_par' dir='ltr' id='par_1_3' title="bbox 3563 414 3700 477">
     <span class='ocr_line' id='line_1_3' title="bbox 3563 414 3700 477; baseline -0.015 0"><span class='ocrx_word' id='word_1_6' title='bbox 3563 414 3700 477; x_wconf 63' lang='lat'><strong><em>1:738</em></strong></span> 
     </span>
    </p>
   </div>
   <div class='ocr_carea' id='block_1_4' title="bbox 429 515 3701 596">
    <p class='ocr_par' dir='ltr' id='par_1_4' title="bbox 429 515 3701 596">
     <span class='ocr_line' id='line_1_4' title="bbox 429 515 3701 596; baseline 0.003 -28"><span class='ocrx_word' id='word_1_7' title='bbox 429 515 647 584; x_wconf 87' lang='grc' dir='ltr'>μάτισε,</span> <span class='ocrx_word' id='word_1_8' title='bbox 672 515 767 568; x_wconf 75' lang='grc' dir='ltr'>καὶ</span> <span class='ocrx_word' id='word_1_9' title='bbox 794 516 888 569; x_wconf 76' lang='grc' dir='ltr'><strong><em>τὸν</em></strong></span> <span class='ocrx_word' id='word_1_10' title='bbox 916 518 1118 573; x_wconf 82' lang='grc' dir='ltr'>κανόνα</span> <span class='ocrx_word' id='word_1_11' title='bbox 1145 521 1570 593; x_wconf 83' lang='grc' dir='ltr'>συνεπεράνατο.</span> <span class='ocrx_word' id='word_1_12' title='bbox 1605 520 1670 573; x_wconf 80' lang='lat' dir='ltr'><strong><em>0i</em></strong></span> <span class='ocrx_word' id='word_1_13' title='bbox 1702 520 1760 573; x_wconf 80' lang='grc' dir='ltr'><strong><em>δὲ</em></strong></span> <span class='ocrx_word' id='word_1_14' title='bbox 1788 519 2017 589; x_wconf 81' lang='grc' dir='ltr'>ὕστερον</span> <span class='ocrx_word' id='word_1_15' title='bbox 2048 527 2091 580; x_wconf 79' lang='grc' dir='ltr'>Α</span> <span class='ocrx_word' id='word_1_16' title='bbox 2119 520 2182 574; x_wconf 83' lang='grc' dir='ltr'>τὸ</span> <span class='ocrx_word' id='word_1_17' title='bbox 2210 521 2592 592; x_wconf 86' lang='grc' dir='ltr'>μελούργημα,</span> <span class='ocrx_word' id='word_1_18' title='bbox 2641 522 2764 576; x_wconf 77' lang='grc' dir='ltr'>ἐπεὶ</span> <span class='ocrx_word' id='word_1_19' title='bbox 2803 521 2898 577; x_wconf 84' lang='grc' dir='ltr'><strong><em>δύο</em></strong></span> <span class='ocrx_word' id='word_1_20' title='bbox 2930 525 3139 595; x_wconf 78' lang='grc' dir='ltr'><strong><em>χορεῖαι</em></strong></span> <span class='ocrx_word' id='word_1_21' title='bbox 3166 519 3306 596; x_wconf 80' lang='grc' dir='ltr'>ἦσαν</span> <span class='ocrx_word' id='word_1_22' title='bbox 3352 525 3410 577; x_wconf 77' lang='grc' dir='ltr'>ἐν</span> <span class='ocrx_word' id='word_1_23' title='bbox 3440 529 3505 596; x_wconf 80' lang='grc' dir='ltr'>τῇ</span> <span class='ocrx_word' id='word_1_24' title='bbox 3537 527 3701 595; x_wconf 76' lang='grc' dir='ltr'>ἐξόδῳ</span> 
     </span>
    </p>
   </div>
   <div class='ocr_carea' id='block_1_5' title="bbox 423 607 2013 682">
    <p class='ocr_par' dir='ltr' id='par_1_5' title="bbox 423 607 2013 682">
     <span class='ocr_line' id='line_1_5' title="bbox 423 607 2013 682; baseline 0.001 -22"><span class='ocrx_word' id='word_1_25' title='bbox 423 609 485 660; x_wconf 78' lang='grc' dir='ltr'><strong><em>τὸ</em></strong></span> <span class='ocrx_word' id='word_1_26' title='bbox 520 607 682 677; x_wconf 83' lang='grc' dir='ltr'>μέλος</span> <span class='ocrx_word' id='word_1_27' title='bbox 716 609 815 678; x_wconf 79' lang='grc' dir='ltr'>μὲν</span> <span class='ocrx_word' id='word_1_28' title='bbox 863 610 1226 682; x_wconf 71' lang='grc' dir='ltr'>ἀγασάμενοι,</span> <span class='ocrx_word' id='word_1_29' title='bbox 1257 614 1475 681; x_wconf 79' lang='grc' dir='ltr'>ἀνάξιον</span> <span class='ocrx_word' id='word_1_30' title='bbox 1508 612 1555 668; x_wconf 81' lang='grc' dir='ltr'>δ’</span> <span class='ocrx_word' id='word_1_31' title='bbox 1587 615 1738 682; x_wconf 81' lang='grc' dir='ltr'>ὅμως</span> <span class='ocrx_word' id='word_1_32' title='bbox 1790 611 2013 681; x_wconf 79' lang='grc' dir='ltr'>κρίναν-</span> 
     </span>
    </p>
   </div>
   <div class='ocr_carea' id='block_1_6' title="bbox 423 700 2012 774">
    <p class='ocr_par' dir='ltr' id='par_1_6' title="bbox 423 700 2012 774">
     <span class='ocr_line' id='line_1_6' title="bbox 423 700 2012 774; baseline 0.002 -24"><span class='ocrx_word' id='word_1_33' title='bbox 423 715 518 762; x_wconf 86' lang='grc' dir='ltr'><strong><em>τες</em></strong></span> <span class='ocrx_word' id='word_1_34' title='bbox 548 701 885 765; x_wconf 76' lang='grc' dir='ltr'><strong><em>γυναικείοις</em></strong></span> <span class='ocrx_word' id='word_1_35' title='bbox 920 702 1403 773; x_wconf 79' lang='grc' dir='ltr'>συμμίξαι,λόγοις</span> <span class='ocrx_word' id='word_1_36' title='bbox 1424 703 1495 758; x_wconf 87' lang='grc' dir='ltr'>τὰ</span> <span class='ocrx_word' id='word_1_37' title='bbox 1525 703 1620 757; x_wconf 76' lang='grc' dir='ltr'>τοῦ</span> <span class='ocrx_word' id='word_1_38' title='bbox 1658 704 1838 774; x_wconf 80' lang='grc' dir='ltr'>ἥρωος</span> <span class='ocrx_word' id='word_1_39' title='bbox 1867 700 2012 754; x_wconf 81' lang='grc' dir='ltr'>ὲκεί-</span> 
     </span>
    </p>
   </div>
   <div class='ocr_carea' id='block_1_7' title="bbox 425 792 2013 866">
    <p class='ocr_par' dir='ltr' id='par_1_7' title="bbox 425 792 2013 866">
     <span class='ocr_line' id='line_1_7' title="bbox 425 792 2013 866; baseline 0.009 -27"><span class='ocrx_word' id='word_1_40' title='bbox 425 806 519 841; x_wconf 84' lang='grc' dir='ltr'><strong><em>νου</em></strong></span> <span class='ocrx_word' id='word_1_41' title='bbox 565 792 763 860; x_wconf 86' lang='grc' dir='ltr'>Κοσμᾶ</span> <span class='ocrx_word' id='word_1_42' title='bbox 811 794 1304 866; x_wconf 85' lang='grc' dir='ltr'>μουσουργήματα,</span> <span class='ocrx_word' id='word_1_43' title='bbox 1350 796 1412 849; x_wconf 78' lang='grc' dir='ltr'>τὸ</span> <span class='ocrx_word' id='word_1_44' title='bbox 1466 795 1624 865; x_wconf 77' lang='grc' dir='ltr'>μέλος</span> <span class='ocrx_word' id='word_1_45' title='bbox 1675 793 2013 865; x_wconf 57' lang='grc' dir='ltr'>παραδόντες</span> 
     </span>
    </p>
   </div>
   <div class='ocr_carea' id='block_1_8' title="bbox 426 881 2013 958">
    <p class='ocr_par' dir='ltr' id='par_1_8' title="bbox 426 881 2013 958">
     <span class='ocr_line' id='line_1_8' title="bbox 426 881 2013 958; baseline 0.003 -26"><span class='ocrx_word' id='word_1_46' title='bbox 426 881 502 949; x_wconf 82' lang='grc' dir='ltr'>τῷ</span> <span class='ocrx_word' id='word_1_47' title='bbox 557 882 798 953; x_wconf 87' lang='grc' dir='ltr'>Μάρκῳ,</span> <span class='ocrx_word' id='word_1_48' title='bbox 840 884 938 937; x_wconf 79' lang='grc' dir='ltr'>καὶ</span> <span class='ocrx_word' id='word_1_49' title='bbox 982 886 1110 949; x_wconf 80' lang='grc' dir='ltr'>τοὺς</span> <span class='ocrx_word' id='word_1_50' title='bbox 1163 887 1391 957; x_wconf 76' lang='grc' dir='ltr'>εἱρμοὺς</span> <span class='ocrx_word' id='word_1_51' title='bbox 1443 887 1856 958; x_wconf 80' lang='grc' dir='ltr'>ἐγχειρίσαντες</span> <span class='ocrx_word' id='word_1_52' title='bbox 1914 884 2013 955; x_wconf 84' lang='grc' dir='ltr'>τὴν</span> 
     </span>
    </p>
   </div>
   <div class='ocr_carea' id='block_1_9' title="bbox 427 975 2014 1049">
    <p class='ocr_par' dir='ltr' id='par_1_9' title="bbox 427 975 2014 1049">
     <span class='ocr_line' id='line_1_9' title="bbox 427 975 2014 1049; baseline 0.003 -23"><span class='ocrx_word' id='word_1_53' title='bbox 427 975 638 1044; x_wconf 79' lang='grc' dir='ltr'>πλοκὴν</span> <span class='ocrx_word' id='word_1_54' title='bbox 664 976 775 1027; x_wconf 87' lang='grc' dir='ltr'><strong><em>τῶν</em></strong></span> <span class='ocrx_word' id='word_1_55' title='bbox 806 977 1123 1047; x_wconf 79' lang='grc' dir='ltr'>τροπαριων</span> <span class='ocrx_word' id='word_1_56' title='bbox 1152 979 1328 1049; x_wconf 84' lang='grc' dir='ltr'>τούτῳ</span> <span class='ocrx_word' id='word_1_57' title='bbox 1360 979 1510 1049; x_wconf 77' lang='grc' dir='ltr'>μόνῲ</span> <span class='ocrx_word' id='word_1_58' title='bbox 1544 977 1874 1049; x_wconf 77' lang='grc' dir='ltr'>ἐπέτρεψαν.</span> <span class='ocrx_word' id='word_1_59' title='bbox 1902 976 2014 1030; x_wconf 74' lang='grc' dir='ltr'><strong><em>Καὶ</em></strong></span> 
     </span>
    </p>
   </div>
   <div class='ocr_carea' id='block_1_10' title="bbox 428 1060 2013 1138">
    <p class='ocr_par' dir='ltr' id='par_1_10' title="bbox 428 1060 2013 1138">
     <span class='ocr_line' id='line_1_10' title="bbox 428 1060 2013 1138; baseline 0.001 -21"><span class='ocrx_word' id='word_1_60' title='bbox 428 1065 603 1119; x_wconf 71' lang='grc' dir='ltr'>ἔοικεν</span> <span class='ocrx_word' id='word_1_61' title='bbox 650 1067 939 1137; x_wconf 77' lang='grc' dir='ltr'><strong><em>ἀληθεύειν</em></strong></span> <span class='ocrx_word' id='word_1_62' title='bbox 968 1060 1124 1132; x_wconf 74' lang='grc' dir='ltr'>οὗτος</span> <span class='ocrx_word' id='word_1_63' title='bbox 1158 1071 1187 1122; x_wconf 84' lang='grc' dir='ltr'>ὁ</span> <span class='ocrx_word' id='word_1_64' title='bbox 1219 1069 1374 1138; x_wconf 83' lang='grc' dir='ltr'>λόγος</span> <span class='ocrx_word' id='word_1_65' title='bbox 1395 1088 1412 1103; x_wconf 68' lang='grc' dir='ltr'><strong><em>ο</em></strong></span> <span class='ocrx_word' id='word_1_66' title='bbox 1464 1068 1589 1123; x_wconf 80' lang='grc' dir='ltr'>οὔτε</span> <span class='ocrx_word' id='word_1_67' title='bbox 1618 1068 1729 1138; x_wconf 77' lang='grc' dir='ltr'>γὰρ</span> <span class='ocrx_word' id='word_1_68' title='bbox 1764 1071 1875 1131; x_wconf 81' lang='grc' dir='ltr'>τοῖς</span> <span class='ocrx_word' id='word_1_69' title='bbox 1905 1067 2013 1120; x_wconf 82' lang='grc' dir='ltr'><strong><em>τῶν</em></strong></span> 
     </span>
    </p>
   </div>
   <div class='ocr_carea' id='block_1_11' title="bbox 427 1157 2018 1233">
    <p class='ocr_par' dir='ltr' id='par_1_11' title="bbox 427 1157 2018 1233">
     <span class='ocr_line' id='line_1_11' title="bbox 427 1157 2018 1233; baseline 0.001 -24"><span class='ocrx_word' id='word_1_70' title='bbox 427 1157 636 1228; x_wconf 81' lang='grc' dir='ltr'>εἱρμὼν</span> <span class='ocrx_word' id='word_1_71' title='bbox 657 1159 945 1229; x_wconf 79' lang='grc' dir='ltr'><strong><em>στοιχείοις</em></strong></span> <span class='ocrx_word' id='word_1_72' title='bbox 971 1161 1051 1224; x_wconf 75' lang='grc' dir='ltr'><strong><em>εἰς</em></strong></span> <span class='ocrx_word' id='word_1_73' title='bbox 1073 1162 1172 1230; x_wconf 81' lang='grc' dir='ltr'><strong><em>τὴν</em></strong></span> <span class='ocrx_word' id='word_1_74' title='bbox 1197 1163 1549 1233; x_wconf 78' lang='grc' dir='ltr'>ἀκροστιχίδα</span> <span class='ocrx_word' id='word_1_75' title='bbox 1576 1162 1776 1232; x_wconf 76' lang='grc' dir='ltr'>χρῆται</span> <span class='ocrx_word' id='word_1_76' title='bbox 1803 1162 1831 1212; x_wconf 86' lang='grc' dir='ltr'>ὀ</span> <span class='ocrx_word' id='word_1_77' title='bbox 1858 1159 2018 1226; x_wconf 81' lang='grc' dir='ltr'>Μάρ-</span> 
     </span>
    </p>
   </div>
   <div class='ocr_carea' id='block_1_12' title="bbox 428 1249 2014 1323">
    <p class='ocr_par' dir='ltr' id='par_1_12' title="bbox 428 1249 2014 1323">
     <span class='ocr_line' id='line_1_12' title="bbox 428 1249 2014 1323; baseline 0.002 -23"><span class='ocrx_word' id='word_1_78' title='bbox 428 1266 547 1312; x_wconf 85' lang='grc' dir='ltr'>κος,</span> <span class='ocrx_word' id='word_1_79' title='bbox 598 1249 777 1303; x_wconf 77' lang='grc' dir='ltr'>καίτοι</span> <span class='ocrx_word' id='word_1_80' title='bbox 825 1252 1240 1323; x_wconf 84' lang='grc' dir='ltr'>συναιρομένοις</span> <span class='ocrx_word' id='word_1_81' title='bbox 1273 1253 1425 1323; x_wconf 82' lang='grc' dir='ltr'>αὐτῷ</span> <span class='ocrx_word' id='word_1_82' title='bbox 1468 1254 1538 1305; x_wconf 81' lang='grc' dir='ltr'><strong><em>τὰ</em></strong></span> <span class='ocrx_word' id='word_1_83' title='bbox 1584 1253 1777 1317; x_wconf 81' lang='grc' dir='ltr'>πολλὰ,</span> <span class='ocrx_word' id='word_1_84' title='bbox 1812 1251 2014 1304; x_wconf 73' lang='grc' dir='ltr'>αὐτίκα</span> 
     </span>
    </p>
   </div>
   <div class='ocr_carea' id='block_1_13' title="bbox 428 1340 2015 1413">
    <p class='ocr_par' dir='ltr' id='par_1_13' title="bbox 428 1340 2015 1413">
     <span class='ocr_line' id='line_1_13' title="bbox 428 1340 2015 1413; baseline 0.001 -20"><span class='ocrx_word' id='word_1_85' title='bbox 428 1340 541 1411; x_wconf 80' lang='grc' dir='ltr'><strong><em>γὰρ</em></strong></span> <span class='ocrx_word' id='word_1_86' title='bbox 568 1341 686 1403; x_wconf 81' lang='grc' dir='ltr'>τοῦ,</span> <span class='ocrx_word' id='word_1_87' title='bbox 724 1342 947 1411; x_wconf 80' lang='grc' dir='ltr'>Κύματι</span> <span class='ocrx_word' id='word_1_88' title='bbox 976 1343 1279 1413; x_wconf 81' lang='grc' dir='ltr'><strong><em>θαλάσσης,</em></strong></span> <span class='ocrx_word' id='word_1_89' title='bbox 1313 1345 1372 1396; x_wconf 83' lang='grc' dir='ltr'><strong><em>τὸ</em></strong></span> <span class='ocrx_word' id='word_1_90' title='bbox 1401 1344 1617 1397; x_wconf 80' lang='grc' dir='ltr'><strong>κάππα.</strong></span> <span class='ocrx_word' id='word_1_91' title='bbox 1647 1345 1761 1397; x_wconf 75' lang='grc' dir='ltr'><strong><em>Καὶ</em></strong></span> <span class='ocrx_word' id='word_1_92' title='bbox 1790 1342 1913 1407; x_wconf 82' lang='grc' dir='ltr'>τοῦ,</span> <span class='ocrx_word' id='word_1_93' title='bbox 1946 1342 2015 1395; x_wconf 85' lang='grc' dir='ltr'>Σὲ</span> 
     </span>
    </p>
   </div>
   <div class='ocr_carea' id='block_1_14' title="bbox 427 1431 2014 1504">
    <p class='ocr_par' dir='ltr' id='par_1_14' title="bbox 427 1431 2014 1504">
     <span class='ocr_line' id='line_1_14' title="bbox 427 1431 2014 1504; baseline 0.002 -22"><span class='ocrx_word' id='word_1_94' title='bbox 427 1432 523 1483; x_wconf 66' lang='grc' dir='ltr'>τὴν</span> <span class='ocrx_word' id='word_1_95' title='bbox 551 1433 643 1483; x_wconf 76' lang='grc' dir='ltr'>ἐπὶ</span> <span class='ocrx_word' id='word_1_96' title='bbox 673 1431 903 1495; x_wconf 82' lang='grc' dir='ltr'><strong><em>ὑδάτων,</em></strong></span> <span class='ocrx_word' id='word_1_97' title='bbox 945 1435 1006 1486; x_wconf 80' lang='grc' dir='ltr'>τὸ</span> <span class='ocrx_word' id='word_1_98' title='bbox 1040 1436 1212 1503; x_wconf 78' lang='grc' dir='ltr'>σῖγμα</span> <span class='ocrx_word' id='word_1_99' title='bbox 1244 1435 1595 1487; x_wconf 76' lang='grc' dir='ltr'>συντελοῦσιν</span> <span class='ocrx_word' id='word_1_100' title='bbox 1629 1433 1776 1504; x_wconf 81' lang='grc' dir='ltr'>αὐτῷ</span> <span class='ocrx_word' id='word_1_101' title='bbox 1807 1435 1887 1493; x_wconf 75' lang='grc' dir='ltr'><strong><em>εἰς</em></strong></span> <span class='ocrx_word' id='word_1_102' title='bbox 1916 1432 2014 1503; x_wconf 80' lang='grc' dir='ltr'>τὴν</span> 
     </span>
    </p>
   </div>
   <div class='ocr_carea' id='block_1_15' title="bbox 427 1523 2011 1596">
    <p class='ocr_par' dir='ltr' id='par_1_15' title="bbox 427 1523 2011 1596">
     <span class='ocr_line' id='line_1_15' title="bbox 427 1523 2011 1596; baseline 0.003 -22"><span class='ocrx_word' id='word_1_103' title='bbox 427 1523 782 1592; x_wconf 81' lang='grc' dir='ltr'>ἀκροστιχίδα</span> <span class='ocrx_word' id='word_1_104' title='bbox 813 1540 827 1555; x_wconf 78' lang='grc' dir='ltr'><strong><em>ο</em></strong></span> <span class='ocrx_word' id='word_1_105' title='bbox 867 1525 1005 1578; x_wconf 80' lang='grc' dir='ltr'>ἀλλὰ</span> <span class='ocrx_word' id='word_1_106' title='bbox 1054 1525 1229 1578; x_wconf 82' lang='grc' dir='ltr'>ταῦτα</span> <span class='ocrx_word' id='word_1_107' title='bbox 1261 1526 1581 1581; x_wconf 85' lang='grc' dir='ltr'>καταλιπὼν</span> <span class='ocrx_word' id='word_1_108' title='bbox 1608 1528 1684 1591; x_wconf 86' lang='grc' dir='ltr'>ὼς</span> <span class='ocrx_word' id='word_1_109' title='bbox 1734 1527 2011 1596; x_wconf 82' lang='grc' dir='ltr'>ἀλλότρια,</span> 
     </span>
    </p>
   </div>
   <div class='ocr_carea' id='block_1_16' title="bbox 428 1615 2013 1689">
    <p class='ocr_par' dir='ltr' id='par_1_16' title="bbox 428 1615 2013 1689">
     <span class='ocr_line' id='line_1_16' title="bbox 428 1615 2013 1689; baseline 0.003 -23"><span class='ocrx_word' id='word_1_110' title='bbox 428 1617 524 1667; x_wconf 82' lang='grc' dir='ltr'>καὶ</span> <span class='ocrx_word' id='word_1_111' title='bbox 552 1615 651 1684; x_wconf 75' lang='grc' dir='ltr'>οὐχ</span> <span class='ocrx_word' id='word_1_112' title='bbox 697 1616 895 1669; x_wconf 76' lang='grc' dir='ltr'>ἑαυτοῦ</span> <span class='ocrx_word' id='word_1_113' title='bbox 933 1620 1215 1689; x_wconf 80' lang='grc' dir='ltr'>ποιήματα</span> <span class='ocrx_word' id='word_1_114' title='bbox 1259 1619 1411 1685; x_wconf 73' lang='grc' dir='ltr'>ὄντα,</span> <span class='ocrx_word' id='word_1_115' title='bbox 1441 1618 1557 1673; x_wconf 86' lang='grc' dir='ltr'>ἀντ’</span> <span class='ocrx_word' id='word_1_116' title='bbox 1586 1618 1815 1673; x_wconf 74' lang='grc' dir='ltr'>ἐκείνων</span> <span class='ocrx_word' id='word_1_117' title='bbox 1844 1620 2013 1671; x_wconf 80' lang='grc' dir='ltr'>ποιεῖ-</span> 
     </span>
    </p>
   </div>
   <div class='ocr_carea' id='block_1_17' title="bbox 426 1707 2011 1778">
    <p class='ocr_par' dir='ltr' id='par_1_17' title="bbox 426 1707 2011 1778">
     <span class='ocr_line' id='line_1_17' title="bbox 426 1707 2011 1778; baseline 0.001 -21"><span class='ocrx_word' id='word_1_118' title='bbox 426 1724 518 1758; x_wconf 87' lang='grc' dir='ltr'><strong><em>ται</em></strong></span> <span class='ocrx_word' id='word_1_119' title='bbox 554 1707 852 1776; x_wconf 85' lang='grc' dir='ltr'>τροπάρια,</span> <span class='ocrx_word' id='word_1_120' title='bbox 907 1708 1015 1761; x_wconf 82' lang='grc' dir='ltr'>ἀπὸ</span> <span class='ocrx_word' id='word_1_121' title='bbox 1066 1708 1165 1778; x_wconf 80' lang='grc' dir='ltr'>μὲν</span> <span class='ocrx_word' id='word_1_122' title='bbox 1210 1708 1307 1761; x_wconf 81' lang='grc' dir='ltr'>τοῦ</span> <span class='ocrx_word' id='word_1_123' title='bbox 1353 1712 1548 1762; x_wconf 77' lang='grc' dir='ltr'>κάππα</span> <span class='ocrx_word' id='word_1_124' title='bbox 1594 1710 1899 1778; x_wconf 81' lang='grc' dir='ltr'>ἀρχόμενον</span> <span class='ocrx_word' id='word_1_125' title='bbox 1931 1707 2011 1770; x_wconf 81' lang='grc' dir='ltr'><strong><em>τὸ,</em></strong></span> 
     </span>
    </p>
   </div>
   <div class='ocr_carea' id='block_1_18' title="bbox 2115 612 3702 688">
    <p class='ocr_par' dir='ltr' id='par_1_18' title="bbox 2115 612 3702 688">
     <span class='ocr_line' id='line_1_18' title="bbox 2115 612 3702 688; baseline 0.003 -21"><span class='ocrx_word' id='word_1_126' title='bbox 2115 616 2213 684; x_wconf 84' lang='grc' dir='ltr'><strong><em>τὴν</em></strong></span> <span class='ocrx_word' id='word_1_127' title='bbox 2250 612 2474 686; x_wconf 83' lang='grc' dir='ltr'>πρώτην</span> <span class='ocrx_word' id='word_1_128' title='bbox 2512 615 2655 687; x_wconf 77' lang='grc' dir='ltr'>ᾠδὴν</span> <span class='ocrx_word' id='word_1_129' title='bbox 2702 615 2949 687; x_wconf 79' lang='grc' dir='ltr'>ᾄδουσαι,</span> <span class='ocrx_word' id='word_1_130' title='bbox 2982 616 3082 687; x_wconf 80' lang='grc' dir='ltr'><strong><em>μία</em></strong></span> <span class='ocrx_word' id='word_1_131' title='bbox 3126 616 3226 687; x_wconf 83' lang='grc' dir='ltr'>μὲν</span> <span class='ocrx_word' id='word_1_132' title='bbox 3273 617 3503 688; x_wconf 80' lang='grc' dir='ltr'>ἀνδρῶν,</span> <span class='ocrx_word' id='word_1_133' title='bbox 3536 619 3702 688; x_wconf 80' lang='grc' dir='ltr'>ἑτέρα</span> 
     </span>
    </p>
   </div>
   <div class='ocr_carea' id='block_1_19' title="bbox 2114 707 3701 781">
    <p class='ocr_par' dir='ltr' id='par_1_19' title="bbox 2114 707 3701 781">
     <span class='ocr_line' id='line_1_19' title="bbox 2114 707 3701 781; baseline 0.001 -20"><span class='ocrx_word' id='word_1_134' title='bbox 2114 708 2170 762; x_wconf 84' lang='grc' dir='ltr'>δὲ</span> <span class='ocrx_word' id='word_1_135' title='bbox 2197 707 2497 776; x_wconf 81' lang='grc' dir='ltr'>γυναικῶν,</span> <span class='ocrx_word' id='word_1_136' title='bbox 2528 710 2666 780; x_wconf 80' lang='grc' dir='ltr'>αὐτὴ</span> <span class='ocrx_word' id='word_1_137' title='bbox 2688 711 2786 780; x_wconf 77' lang='grc' dir='ltr'><strong><em>τὴν</em></strong></span> <span class='ocrx_word' id='word_1_138' title='bbox 2814 710 2925 764; x_wconf 69' lang='grc' dir='ltr'><strong><em>τῶν</em></strong></span> <span class='ocrx_word' id='word_1_139' title='bbox 2949 710 3158 780; x_wconf 79' lang='grc' dir='ltr'>ἀνδρῶν</span> <span class='ocrx_word' id='word_1_140' title='bbox 3186 714 3586 781; x_wconf 72' lang='grc' dir='ltr'><strong><em>παρωσαμένη,</em></strong></span> <span class='ocrx_word' id='word_1_141' title='bbox 3622 713 3701 773; x_wconf 81' lang='grc' dir='ltr'>ὡς</span> 
     </span>
    </p>
   </div>
   <div class='ocr_carea' id='block_1_20' title="bbox 2114 798 3698 873">
    <p class='ocr_par' dir='ltr' id='par_1_20' title="bbox 2114 798 3698 873">
     <span class='ocr_line' id='line_1_20' title="bbox 2114 798 3698 873; baseline 0.003 -23"><span class='ocrx_word' id='word_1_142' title='bbox 2114 799 2215 850; x_wconf 84' lang='grc' dir='ltr'><strong><em>οὐκ</em></strong></span> <span class='ocrx_word' id='word_1_143' title='bbox 2250 800 2409 869; x_wconf 77' lang='grc' dir='ltr'>ἀνὴρ,</span> <span class='ocrx_word' id='word_1_144' title='bbox 2461 799 2547 862; x_wconf 80' lang='grc' dir='ltr'>Ὣς</span> <span class='ocrx_word' id='word_1_145' title='bbox 2576 802 2632 854; x_wconf 84' lang='grc' dir='ltr'><strong><em>αἱ</em></strong></span> <span class='ocrx_word' id='word_1_146' title='bbox 2670 801 2930 867; x_wconf 85' lang='grc' dir='ltr'>νεάνιδες,</span> <span class='ocrx_word' id='word_1_147' title='bbox 2963 798 3105 866; x_wconf 75' lang='grc' dir='ltr'>εἷπε,</span> <span class='ocrx_word' id='word_1_148' title='bbox 3133 801 3210 872; x_wconf 82' lang='grc' dir='ltr'>τῷ</span> <span class='ocrx_word' id='word_1_149' title='bbox 3240 802 3428 872; x_wconf 82' lang='grc' dir='ltr'>Κυρίῳ</span> <span class='ocrx_word' id='word_1_150' title='bbox 3453 801 3698 873; x_wconf 84' lang='grc' dir='ltr'>ᾅσωμεν.</span> 
     </span>
    </p>
   </div>
   <div class='ocr_carea' id='block_1_21' title="bbox 2127 886 3705 962">
    <p class='ocr_par' dir='ltr' id='par_1_21' title="bbox 2127 886 3705 962">
     <span class='ocr_line' id='line_1_21' title="bbox 2127 886 3705 962; baseline -0.002 -19"><span class='ocrx_word' id='word_1_151' title='bbox 2127 889 2288 943; x_wconf 82' lang='grc' dir='ltr'>Ἀλλὰ</span> <span class='ocrx_word' id='word_1_152' title='bbox 2315 889 2414 960; x_wconf 65' lang='grc' dir='ltr'><strong><em>1ἤδη</em></strong></span> <span class='ocrx_word' id='word_1_153' title='bbox 2443 890 2538 943; x_wconf 79' lang='grc' dir='ltr'>καὶ</span> <span class='ocrx_word' id='word_1_154' title='bbox 2569 888 2664 959; x_wconf 83' lang='grc' dir='ltr'>τὴν</span> <span class='ocrx_word' id='word_1_155' title='bbox 2698 890 3049 962; x_wconf 79' lang='grc' dir='ltr'>ἀκροστιχῐδα</span> <span class='ocrx_word' id='word_1_156' title='bbox 3075 886 3171 943; x_wconf 76' lang='grc' dir='ltr'>τοῦ</span> <span class='ocrx_word' id='word_1_157' title='bbox 3220 890 3444 953; x_wconf 85' lang='grc' dir='ltr'>κανόνος</span> <span class='ocrx_word' id='word_1_158' title='bbox 3478 893 3705 941; x_wconf 77' lang='grc' dir='ltr'>ἐπισκε-</span> 
     </span>
    </p>
   </div>
   <div class='ocr_carea' id='block_1_22' title="bbox 2114 976 3702 1050">
    <p class='ocr_par' dir='ltr' id='par_1_22' title="bbox 2114 976 3702 1050">
     <span class='ocr_line' id='line_1_22' title="bbox 2114 976 3702 1050; baseline 0.003 -22"><span class='ocrx_word' id='word_1_159' title='bbox 2114 976 2368 1045; x_wconf 71' lang='grc' dir='ltr'>ψώμεθα.</span> <span class='ocrx_word' id='word_1_160' title='bbox 2400 977 2595 1048; x_wconf 82' lang='grc' dir='ltr'>διπλῆν</span> <span class='ocrx_word' id='word_1_161' title='bbox 2637 996 2760 1034; x_wconf 86' lang='grc' dir='ltr'>τινα</span> <span class='ocrx_word' id='word_1_162' title='bbox 2795 982 2889 1034; x_wconf 78' lang='grc' dir='ltr'><strong><em>καὶ</em></strong></span> <span class='ocrx_word' id='word_1_163' title='bbox 2929 981 3134 1050; x_wconf 84' lang='grc' dir='ltr'>ταύτην</span> <span class='ocrx_word' id='word_1_164' title='bbox 3163 976 3354 1049; x_wconf 77' lang='grc' dir='ltr'>οὖσαν,</span> <span class='ocrx_word' id='word_1_165' title='bbox 3382 981 3474 1034; x_wconf 76' lang='grc' dir='ltr'><strong><em>καὶ</em></strong></span> <span class='ocrx_word' id='word_1_166' title='bbox 3521 978 3702 1039; x_wconf 75' lang='grc' dir='ltr'>οὕτως</span> 
     </span>
    </p>
   </div>
   <div class='ocr_carea' id='block_1_23' title="bbox 2116 1063 3699 1143">
    <p class='ocr_par' dir='ltr' id='par_1_23' title="bbox 2116 1063 3699 1143">
     <span class='ocr_line' id='line_1_23' title="bbox 2116 1063 3699 1143; baseline 0.002 -23"><span class='ocrx_word' id='word_1_167' title='bbox 2116 1070 2314 1127; x_wconf 81' lang='grc' dir='ltr'>εἰπεῖν,</span> <span class='ocrx_word' id='word_1_168' title='bbox 2347 1068 2380 1138; x_wconf 85' lang='grc' dir='ltr'>ἦ</span> <span class='ocrx_word' id='word_1_169' title='bbox 2426 1067 2718 1140; x_wconf 73' lang='grc' dir='ltr'>δικόρυφον</span> <span class='ocrx_word' id='word_1_170' title='bbox 2762 1072 2838 1134; x_wconf 81' lang='grc' dir='ltr'><strong><em>ὡς</em></strong></span> <span class='ocrx_word' id='word_1_171' title='bbox 2872 1063 2913 1125; x_wconf 64' lang='grc' dir='ltr'>δ’</span> <span class='ocrx_word' id='word_1_172' title='bbox 2944 1072 3249 1142; x_wconf 82' lang='grc' dir='ltr'>Παρνασδς,</span> <span class='ocrx_word' id='word_1_173' title='bbox 3277 1073 3311 1143; x_wconf 80' lang='grc' dir='ltr'>ἢ</span> <span class='ocrx_word' id='word_1_174' title='bbox 3363 1070 3699 1142; x_wconf 88' lang='grc' dir='ltr'>διθύραμϐον</span> 
     </span>
    </p>
   </div>
   <div class='ocr_carea' id='block_1_24' title="bbox 2116 1159 3700 1234">
    <p class='ocr_par' dir='ltr' id='par_1_24' title="bbox 2116 1159 3700 1234">
     <span class='ocr_line' id='line_1_24' title="bbox 2116 1159 3700 1234; baseline 0.002 -22"><span class='ocrx_word' id='word_1_175' title='bbox 2116 1162 2192 1223; x_wconf 85' lang='grc' dir='ltr'>ὼς</span> <span class='ocrx_word' id='word_1_176' title='bbox 2220 1160 2270 1212; x_wconf 79' lang='grc' dir='ltr'>οἱ</span> <span class='ocrx_word' id='word_1_177' title='bbox 2299 1159 2554 1213; x_wconf 83' lang='grc' dir='ltr'>Διονύσου</span> <span class='ocrx_word' id='word_1_178' title='bbox 2587 1160 2768 1230; x_wconf 79' lang='grc' dir='ltr'>ὕμνοι,</span> <span class='ocrx_word' id='word_1_179' title='bbox 2798 1164 2831 1231; x_wconf 81' lang='grc' dir='ltr'><strong>ἢ</strong></span> <span class='ocrx_word' id='word_1_180' title='bbox 2873 1162 2949 1227; x_wconf 78' lang='grc' dir='ltr'>ὡς</span> <span class='ocrx_word' id='word_1_181' title='bbox 2980 1164 3051 1217; x_wconf 83' lang='grc' dir='ltr'>τὰ</span> <span class='ocrx_word' id='word_1_182' title='bbox 3083 1163 3139 1216; x_wconf 78' lang='grc' dir='ltr'><strong><em>έν</em></strong></span> <span class='ocrx_word' id='word_1_183' title='bbox 3171 1181 3229 1218; x_wconf 86' lang='grc' dir='ltr'><strong><em>τε</em></strong></span> <span class='ocrx_word' id='word_1_184' title='bbox 3258 1164 3441 1234; x_wconf 83' lang='grc' dir='ltr'>χέρσῳ</span> <span class='ocrx_word' id='word_1_185' title='bbox 3473 1164 3569 1215; x_wconf 73' lang='grc' dir='ltr'><strong><em>καὶ</em></strong></span> <span class='ocrx_word' id='word_1_186' title='bbox 3603 1162 3700 1215; x_wconf 89' lang='grc' dir='ltr'>θα-</span> 
     </span>
    </p>
   </div>
   <div class='ocr_carea' id='block_1_25' title="bbox 2116 1249 3702 1324">
    <p class='ocr_par' dir='ltr' id='par_1_25' title="bbox 2116 1249 3702 1324">
     <span class='ocr_line' id='line_1_25' title="bbox 2116 1249 3702 1324; baseline 0 -20"><span class='ocrx_word' id='word_1_187' title='bbox 2116 1250 2294 1322; x_wconf 80' lang='grc' dir='ltr'>λάσσῃ</span> <span class='ocrx_word' id='word_1_188' title='bbox 2328 1249 2507 1313; x_wconf 83' lang='grc' dir='ltr'>ζῶντα</span> <span class='ocrx_word' id='word_1_189' title='bbox 2546 1251 2655 1304; x_wconf 82' lang='grc' dir='ltr'><strong><em>τῶν</em></strong></span> <span class='ocrx_word' id='word_1_190' title='bbox 2693 1251 2850 1316; x_wconf 78' lang='grc' dir='ltr'>ζώων</span> <span class='ocrx_word' id='word_1_191' title='bbox 2891 1254 3152 1324; x_wconf 80' lang='grc' dir='ltr'>ἀμφίϐια.</span> <span class='ocrx_word' id='word_1_192' title='bbox 3184 1254 3336 1307; x_wconf 83' lang='grc' dir='ltr'>Ἐστ’</span> <span class='ocrx_word' id='word_1_193' title='bbox 3365 1254 3430 1308; x_wconf 82' lang='grc' dir='ltr'><strong><em>ἂν</em></strong></span> <span class='ocrx_word' id='word_1_194' title='bbox 3469 1253 3567 1324; x_wconf 84' lang='grc' dir='ltr'><strong><em>μὲν</em></strong></span> <span class='ocrx_word' id='word_1_195' title='bbox 3591 1254 3702 1324; x_wconf 77' lang='grc' dir='ltr'><strong><em>γὰρ</em></strong></span> 
     </span>
    </p>
   </div>
   <div class='ocr_carea' id='block_1_26' title="bbox 2115 1341 3699 1417">
    <p class='ocr_par' dir='ltr' id='par_1_26' title="bbox 2115 1341 3699 1417">
     <span class='ocr_line' id='line_1_26' title="bbox 2115 1341 3699 1417; baseline -0.001 -19"><span class='ocrx_word' id='word_1_196' title='bbox 2115 1341 2445 1414; x_wconf 83' lang='grc' dir='ltr'>τετραῴδιον</span> <span class='ocrx_word' id='word_1_197' title='bbox 2480 1344 2642 1413; x_wconf 77' lang='grc' dir='ltr'>ἔμενε</span> <span class='ocrx_word' id='word_1_198' title='bbox 2673 1346 2744 1399; x_wconf 84' lang='grc' dir='ltr'>τὰ</span> <span class='ocrx_word' id='word_1_199' title='bbox 2767 1345 2861 1398; x_wconf 68' lang='grc' dir='ltr'><strong><em>ἐπὶ</em></strong></span> <span class='ocrx_word' id='word_1_200' title='bbox 2885 1346 2962 1415; x_wconf 85' lang='grc' dir='ltr'>τῷ</span> <span class='ocrx_word' id='word_1_201' title='bbox 2991 1347 3215 1417; x_wconf 87' lang='grc' dir='ltr'>μεγάλῳ</span> <span class='ocrx_word' id='word_1_202' title='bbox 3241 1345 3504 1417; x_wconf 84' lang='grc' dir='ltr'>Σαϐϐάτῳ</span> <span class='ocrx_word' id='word_1_203' title='bbox 3538 1347 3699 1416; x_wconf 87' lang='grc' dir='ltr'>μέλη,</span> 
     </span>
    </p>
   </div>
   <div class='ocr_carea' id='block_1_27' title="bbox 2121 1433 3702 1509">
    <p class='ocr_par' dir='ltr' id='par_1_27' title="bbox 2121 1433 3702 1509">
     <span class='ocr_line' id='line_1_27' title="bbox 2121 1433 3702 1509; baseline 0.001 -21"><span class='ocrx_word' id='word_1_204' title='bbox 2121 1436 2286 1507; x_wconf 83' lang='grc' dir='ltr'>μέρος</span> <span class='ocrx_word' id='word_1_205' title='bbox 2318 1436 2517 1507; x_wconf 76' lang='grc' dir='ltr'>ἰάμϐου</span> <span class='ocrx_word' id='word_1_206' title='bbox 2549 1433 2616 1508; x_wconf 82' lang='grc' dir='ltr'>ἦν</span> <span class='ocrx_word' id='word_1_207' title='bbox 2644 1439 2677 1508; x_wconf 80' lang='grc' dir='ltr'>ἠ</span> <span class='ocrx_word' id='word_1_208' title='bbox 2731 1439 3051 1509; x_wconf 76' lang='grc' dir='ltr'>ἀκροστιχὶς</span> <span class='ocrx_word' id='word_1_209' title='bbox 3093 1439 3306 1493; x_wconf 79' lang='grc' dir='ltr'>ἐκείνου</span> <span class='ocrx_word' id='word_1_210' title='bbox 3335 1438 3476 1507; x_wconf 86' lang='grc' dir='ltr'>λέγω</span> <span class='ocrx_word' id='word_1_211' title='bbox 3505 1438 3702 1508; x_wconf 79' lang='grc' dir='ltr'>ἰάμϐου</span> 
     </span>
    </p>
   </div>
   <div class='ocr_carea' id='block_1_28' title="bbox 2115 1524 3706 1603">
    <p class='ocr_par' dir='ltr' id='par_1_28' title="bbox 2115 1524 3706 1603">
     <span class='ocr_line' id='line_1_28' title="bbox 2115 1524 3706 1603; baseline 0.001 -20"><span class='ocrx_word' id='word_1_212' title='bbox 2115 1528 2234 1593; x_wconf 79' lang='grc' dir='ltr'>τοῦ,</span> <span class='ocrx_word' id='word_1_213' title='bbox 2291 1529 2678 1601; x_wconf 80' lang='grc' dir='ltr'>Προσάϐϐατόν</span> <span class='ocrx_word' id='word_1_214' title='bbox 2723 1547 2786 1585; x_wconf 86' lang='grc' dir='ltr'><strong><em>τε</em></strong></span> <span class='ocrx_word' id='word_1_215' title='bbox 2836 1531 3118 1586; x_wconf 80' lang='grc' dir='ltr'>Σάϐϐατον</span> <span class='ocrx_word' id='word_1_216' title='bbox 3163 1532 3356 1603; x_wconf 83' lang='grc' dir='ltr'>μέλπω</span> <span class='ocrx_word' id='word_1_217' title='bbox 3414 1532 3577 1601; x_wconf 83' lang='grc' dir='ltr'>μέγα.</span> <span class='ocrx_word' id='word_1_218' title='bbox 3628 1524 3706 1585; x_wconf 63' lang='lat' dir='ltr'><strong>OB</strong></span> 
     </span>
    </p>
   </div>
   <div class='ocr_carea' id='block_1_29' title="bbox 2121 1617 3708 1693">
    <p class='ocr_par' dir='ltr' id='par_1_29' title="bbox 2121 1617 3708 1693">
     <span class='ocr_line' id='line_1_29' title="bbox 2121 1617 3708 1693; baseline 0.001 -23"><span class='ocrx_word' id='word_1_219' title='bbox 2121 1617 2319 1689; x_wconf 88' lang='grc' dir='ltr'>ἰάμϐου</span> <span class='ocrx_word' id='word_1_220' title='bbox 2362 1620 2421 1671; x_wconf 75' lang='grc' dir='ltr'>τὸ</span> <span class='ocrx_word' id='word_1_221' title='bbox 2451 1619 2623 1690; x_wconf 82' lang='grc' dir='ltr'>ἥμισυ</span> <span class='ocrx_word' id='word_1_222' title='bbox 2674 1620 2772 1690; x_wconf 82' lang='grc' dir='ltr'>μὲν</span> <span class='ocrx_word' id='word_1_223' title='bbox 2812 1621 3208 1693; x_wconf 75' lang='grc' dir='ltr'>προείληφενή</span> <span class='ocrx_word' id='word_1_224' title='bbox 3261 1622 3469 1692; x_wconf 84' lang='grc' dir='ltr'>μεγάλη</span> <span class='ocrx_word' id='word_1_225' title='bbox 3520 1622 3708 1691; x_wconf 79' lang='grc' dir='ltr'>Παρα-</span> 
     </span>
    </p>
   </div>
   <div class='ocr_carea' id='block_1_30' title="bbox 2119 1707 3705 1789">
    <p class='ocr_par' dir='ltr' id='par_1_30' title="bbox 2119 1707 3705 1789">
     <span class='ocr_line' id='line_1_30' title="bbox 2119 1707 3705 1789; baseline 0.002 -29"><span class='ocrx_word' id='word_1_226' title='bbox 2119 1707 2288 1777; x_wconf 78' lang='grc' dir='ltr'>σκευὴ</span> <span class='ocrx_word' id='word_1_227' title='bbox 2317 1709 2400 1772; x_wconf 74' lang='grc' dir='ltr'><strong><em>τὸ,</em></strong></span> <span class='ocrx_word' id='word_1_228' title='bbox 2435 1709 2820 1789; x_wconf 87' lang='grc' dir='ltr'>Προσάϐϐατόν</span> <span class='ocrx_word' id='word_1_229' title='bbox 2865 1729 2946 1775; x_wconf 84' lang='grc' dir='ltr'><strong><em>τε,</em></strong></span> <span class='ocrx_word' id='word_1_230' title='bbox 2994 1713 3055 1764; x_wconf 83' lang='grc' dir='ltr'><strong><em>τὸ</em></strong></span> <span class='ocrx_word' id='word_1_231' title='bbox 3098 1712 3154 1766; x_wconf 82' lang='grc' dir='ltr'>δὲ</span> <span class='ocrx_word' id='word_1_232' title='bbox 3191 1712 3381 1766; x_wconf 78' lang='grc' dir='ltr'>λοιπὸν</span> <span class='ocrx_word' id='word_1_233' title='bbox 3411 1713 3586 1783; x_wconf 80' lang='grc' dir='ltr'>ἥμισυ</span> <span class='ocrx_word' id='word_1_234' title='bbox 3621 1711 3705 1776; x_wconf 54' lang='grc' dir='ltr'>τὸ,</span> 
     </span>
    </p>
   </div>
   <div class='ocr_carea' id='block_1_31' title="bbox 430 1798 3708 1875">
    <p class='ocr_par' dir='ltr' id='par_1_31' title="bbox 430 1798 3708 1875">
     <span class='ocr_line' id='line_1_31' title="bbox 430 1798 3708 1875; baseline 0.001 -26"><span class='ocrx_word' id='word_1_235' title='bbox 430 1799 603 1867; x_wconf 81' lang='grc' dir='ltr'>Κύριε</span> <span class='ocrx_word' id='word_1_236' title='bbox 645 1799 746 1850; x_wconf 80' lang='grc' dir='ltr'><strong><em>Θεέ</em></strong></span> <span class='ocrx_word' id='word_1_237' title='bbox 778 1815 902 1867; x_wconf 91' lang='grc' dir='ltr'>μου,</span> <span class='ocrx_word' id='word_1_238' title='bbox 936 1800 1045 1851; x_wconf 85' lang='grc' dir='ltr'><strong><em>ἀπὸ</em></strong></span> <span class='ocrx_word' id='word_1_239' title='bbox 1089 1799 1147 1852; x_wconf 83' lang='grc' dir='ltr'>δὲ</span> <span class='ocrx_word' id='word_1_240' title='bbox 1176 1799 1271 1852; x_wconf 83' lang='grc' dir='ltr'>τοῦ</span> <span class='ocrx_word' id='word_1_241' title='bbox 1305 1803 1477 1869; x_wconf 88' lang='grc' dir='ltr'>σῖγμα</span> <span class='ocrx_word' id='word_1_242' title='bbox 1512 1800 1591 1865; x_wconf 86' lang='grc' dir='ltr'><strong><em>τὸ,</em></strong></span> <span class='ocrx_word' id='word_1_243' title='bbox 1627 1798 1883 1866; x_wconf 83' lang='grc' dir='ltr'>Σύμϐολα</span> <span class='ocrx_word' id='word_1_244' title='bbox 1913 1798 2015 1866; x_wconf 71' lang='grc' dir='ltr'>τῆς</span> <span class='ocrx_word' id='word_1_245' title='bbox 2050 1866 2086 1875; x_wconf 36' lang='lat' dir='ltr'><strong>ﬁ</strong></span> <span class='ocrx_word' id='word_1_246' title='bbox 2118 1798 2396 1851; x_wconf 83' lang='grc' dir='ltr'>Σάϐϐατον</span> <span class='ocrx_word' id='word_1_247' title='bbox 2438 1800 2628 1869; x_wconf 88' lang='grc' dir='ltr'>μέλπω</span> <span class='ocrx_word' id='word_1_248' title='bbox 2668 1802 2830 1868; x_wconf 80' lang='grc' dir='ltr'>μέγα,</span> <span class='ocrx_word' id='word_1_249' title='bbox 2871 1802 3107 1855; x_wconf 75' lang='grc' dir='ltr'>ἐνταῦθα</span> <span class='ocrx_word' id='word_1_250' title='bbox 3163 1803 3512 1875; x_wconf 82' lang='grc' dir='ltr'>παρελήφθη.</span> <span class='ocrx_word' id='word_1_251' title='bbox 3553 1802 3708 1856; x_wconf 72' lang='grc' dir='ltr'>Ἐπεὶ</span> 
     </span>
    </p>
   </div>
   <div class='ocr_carea' id='block_1_32' title="bbox 427 1866 3708 1965">
    <p class='ocr_par' dir='ltr' id='par_1_32' title="bbox 427 1866 3708 1965">
     <span class='ocr_line' id='line_1_32' title="bbox 427 1866 3708 1965; baseline 0.001 -23"><span class='ocrx_word' id='word_1_252' title='bbox 427 1866 608 1960; x_wconf 77' lang='grc' dir='ltr'>ταιρῆς</span> <span class='ocrx_word' id='word_1_253' title='bbox 640 1907 759 1945; x_wconf 86' lang='grc' dir='ltr'>σου.</span> <span class='ocrx_word' id='word_1_254' title='bbox 782 1866 902 1944; x_wconf 11' lang='grc' dir='ltr'><strong><em>ΫἘκ</em></strong></span> <span class='ocrx_word' id='word_1_255' title='bbox 932 1909 990 1944; x_wconf 86' lang='grc' dir='ltr'><strong><em>τε</em></strong></span> <span class='ocrx_word' id='word_1_256' title='bbox 1016 1891 1108 1946; x_wconf 80' lang='grc' dir='ltr'><strong><em>οὖν</em></strong></span> <span class='ocrx_word' id='word_1_257' title='bbox 1128 1893 1337 1946; x_wconf 69' lang='grc' dir='ltr'>τούτου</span> <span class='ocrx_word' id='word_1_258' title='bbox 1370 1866 1528 1963; x_wconf 60' lang='grc' dir='ltr'>δῆλόν</span> <span class='ocrx_word' id='word_1_259' title='bbox 1576 1894 1693 1945; x_wconf 82' lang='grc' dir='ltr'>ἐστι</span> <span class='ocrx_word' id='word_1_260' title='bbox 1716 1893 1775 1944; x_wconf 79' lang='grc' dir='ltr'>τὸ</span> <span class='ocrx_word' id='word_1_261' title='bbox 1810 1890 1886 1961; x_wconf 84' lang='grc' dir='ltr'><strong><em>μὴ</em></strong></span> <span class='ocrx_word' id='word_1_262' title='bbox 1920 1889 2014 1942; x_wconf 78' lang='grc' dir='ltr'>τοῦ</span> <span class='ocrx_word' id='word_1_263' title='bbox 2048 1866 2088 1922; x_wconf 71' lang='grc' dir='ltr'><strong>Β</strong></span> <span class='ocrx_word' id='word_1_264' title='bbox 2116 1891 2174 1943; x_wconf 78' lang='grc' dir='ltr'>δὲ</span> <span class='ocrx_word' id='word_1_265' title='bbox 2221 1866 2449 1960; x_wconf 28' lang='grc' dir='ltr'>ἐδέησεν-</span> <span class='ocrx_word' id='word_1_266' title='bbox 2486 1866 2782 1962; x_wconf 64' lang='grc' dir='ltr'>ἐκταθῆναι</span> <span class='ocrx_word' id='word_1_267' title='bbox 2830 1894 2891 1946; x_wconf 74' lang='grc' dir='ltr'>τὸ</span> <span class='ocrx_word' id='word_1_268' title='bbox 2946 1895 3104 1964; x_wconf 86' lang='grc' dir='ltr'>μέλος</span> <span class='ocrx_word' id='word_1_269' title='bbox 3138 1866 3336 1948; x_wconf 46' lang='grc' dir='ltr'>καὶ-τὺ</span> <span class='ocrx_word' id='word_1_270' title='bbox 3362 1866 3708 1965; x_wconf 40' lang='grc' dir='ltr'>’τετραῴδιον</span> 
     </span>
    </p>
   </div>
   <div class='ocr_carea' id='block_1_33' title="bbox 432 1977 2020 2053">
    <p class='ocr_par' dir='ltr' id='par_1_33' title="bbox 432 1977 2020 2053">
     <span class='ocr_line' id='line_1_33' title="bbox 432 1977 2020 2053; baseline -0.002 -17"><span class='ocrx_word' id='word_1_271' title='bbox 432 1983 661 2053; x_wconf 78' lang='grc' dir='ltr'>Μάρκου</span> <span class='ocrx_word' id='word_1_272' title='bbox 686 1977 823 2035; x_wconf 76' lang='grc' dir='ltr'>εἶναι</span> <span class='ocrx_word' id='word_1_273' title='bbox 847 1982 909 2036; x_wconf 82' lang='grc' dir='ltr'>τὸ</span> <span class='ocrx_word' id='word_1_274' title='bbox 936 1985 1093 2053; x_wconf 80' lang='grc' dir='ltr'>μέλος</span> <span class='ocrx_word' id='word_1_275' title='bbox 1119 1986 1214 2038; x_wconf 76' lang='grc' dir='ltr'>καὶ</span> <span class='ocrx_word' id='word_1_276' title='bbox 1242 1987 1368 2047; x_wconf 76' lang='grc' dir='ltr'>τοὺς</span> <span class='ocrx_word' id='word_1_277' title='bbox 1393 1984 1638 2053; x_wconf 72' lang='grc' dir='ltr'>εἱρμοὺς,</span> <span class='ocrx_word' id='word_1_278' title='bbox 1668 1984 1761 2035; x_wconf 70' lang='grc' dir='ltr'><strong><em>καὶ</em></strong></span> <span class='ocrx_word' id='word_1_279' title='bbox 1789 1980 1849 2045; x_wconf 77' lang='grc' dir='ltr'><strong><em>ἐξ</em></strong></span> <span class='ocrx_word' id='word_1_280' title='bbox 1877 1980 2020 2033; x_wconf 83' lang='grc' dir='ltr'>ὲκεί-</span> 
     </span>
    </p>
   </div>
   <div class='ocr_carea' id='block_1_34' title="bbox 430 2061 2019 2143">
    <p class='ocr_par' dir='ltr' id='par_1_34' title="bbox 430 2061 2019 2143">
     <span class='ocr_line' id='line_1_34' title="bbox 430 2061 2019 2143; baseline -0.002 -19"><span class='ocrx_word' id='word_1_281' title='bbox 430 2089 526 2125; x_wconf 88' lang='grc' dir='ltr'><strong><em>νου</em></strong></span> <span class='ocrx_word' id='word_1_282' title='bbox 554 2072 610 2124; x_wconf 77' lang='grc' dir='ltr'>δὲ</span> <span class='ocrx_word' id='word_1_283' title='bbox 636 2073 734 2141; x_wconf 78' lang='grc' dir='ltr'>οὐχ</span> <span class='ocrx_word' id='word_1_284' title='bbox 764 2068 926 2143; x_wconf 81' lang='grc' dir='ltr'>ἦττον</span> <span class='ocrx_word' id='word_1_285' title='bbox 966 2072 1062 2124; x_wconf 83' lang='grc' dir='ltr'>τοῦ</span> <span class='ocrx_word' id='word_1_286' title='bbox 1097 2073 1275 2141; x_wconf 85' lang='grc' dir='ltr'>λέγειν</span> <span class='ocrx_word' id='word_1_287' title='bbox 1296 2061 1361 2125; x_wconf 65' lang='grc' dir='ltr'><strong><em>’ὲν</em></strong></span> <span class='ocrx_word' id='word_1_288' title='bbox 1405 2073 1483 2140; x_wconf 83' lang='grc' dir='ltr'><strong><em>τῷ</em></strong></span> <span class='ocrx_word' id='word_1_289' title='bbox 1516 2069 1694 2141; x_wconf 80' lang='grc' dir='ltr'>εἱρμῷ</span> <span class='ocrx_word' id='word_1_290' title='bbox 1742 2068 1840 2136; x_wconf 77' lang='grc' dir='ltr'>τῆς</span> <span class='ocrx_word' id='word_1_291' title='bbox 1869 2064 2019 2134; x_wconf 78' lang='grc' dir='ltr'>πρώ-</span> 
     </span>
    </p>
   </div>
   <div class='ocr_carea' id='block_1_35' title="bbox 428 2157 2013 2234">
    <p class='ocr_par' dir='ltr' id='par_1_35' title="bbox 428 2157 2013 2234">
     <span class='ocr_line' id='line_1_35' title="bbox 428 2157 2013 2234; baseline -0.005 -16"><span class='ocrx_word' id='word_1_292' title='bbox 428 2180 531 2232; x_wconf 81' lang='grc' dir='ltr'><strong><em>της</em></strong></span> <span class='ocrx_word' id='word_1_293' title='bbox 560 2162 724 2234; x_wconf 80' lang='grc' dir='ltr'>ᾠδῆς,</span> <span class='ocrx_word' id='word_1_294' title='bbox 766 2165 906 2216; x_wconf 82' lang='grc' dir='ltr'>Ἀλλ’</span> <span class='ocrx_word' id='word_1_295' title='bbox 936 2164 1098 2234; x_wconf 76' lang='grc' dir='ltr'>ἡμεῖς</span> <span class='ocrx_word' id='word_1_296' title='bbox 1127 2165 1202 2227; x_wconf 84' lang='grc' dir='ltr'>ὡς</span> <span class='ocrx_word' id='word_1_297' title='bbox 1240 2163 1482 2226; x_wconf 84' lang='grc' dir='ltr'>νεάνιδες</span> <span class='ocrx_word' id='word_1_298' title='bbox 1528 2161 1608 2231; x_wconf 82' lang='grc' dir='ltr'>τῷ</span> <span class='ocrx_word' id='word_1_299' title='bbox 1640 2160 1832 2229; x_wconf 79' lang='grc' dir='ltr'>Κυρίῳ</span> <span class='ocrx_word' id='word_1_300' title='bbox 1866 2157 2013 2228; x_wconf 77' lang='grc' dir='ltr'>ᾄσω-</span> 
     </span>
    </p>
   </div>
   <div class='ocr_carea' id='block_1_36' title="bbox 432 2248 2007 2325">
    <p class='ocr_par' dir='ltr' id='par_1_36' title="bbox 432 2248 2007 2325">
     <span class='ocr_line' id='line_1_36' title="bbox 432 2248 2007 2325; baseline -0.004 -19"><span class='ocrx_word' id='word_1_301' title='bbox 432 2271 556 2322; x_wconf 86' lang='grc' dir='ltr'>μεν.</span> <span class='ocrx_word' id='word_1_302' title='bbox 603 2253 803 2317; x_wconf 77' lang='grc' dir='ltr'>Νεᾶνις</span> <span class='ocrx_word' id='word_1_303' title='bbox 858 2255 969 2325; x_wconf 84' lang='grc' dir='ltr'>γὰρ</span> <span class='ocrx_word' id='word_1_304' title='bbox 1013 2254 1147 2307; x_wconf 78' lang='grc' dir='ltr'>οὖσα</span> <span class='ocrx_word' id='word_1_305' title='bbox 1185 2254 1426 2324; x_wconf 83' lang='grc' dir='ltr'>δηλονότι</span> <span class='ocrx_word' id='word_1_306' title='bbox 1481 2256 1512 2323; x_wconf 81' lang='grc' dir='ltr'>ἡ</span> <span class='ocrx_word' id='word_1_307' title='bbox 1564 2253 1657 2305; x_wconf 59' lang='grc' dir='ltr'><strong><em>καὶ⁹</em></strong></span> <span class='ocrx_word' id='word_1_308' title='bbox 1700 2248 2007 2316; x_wconf 78' lang='grc' dir='ltr'>μελοποιὸς,</span> 
     </span>
    </p>
   </div>
   <div class='ocr_carea' id='block_1_37' title="bbox 429 2342 2019 2417">
    <p class='ocr_par' dir='ltr' id='par_1_37' title="bbox 429 2342 2019 2417">
     <span class='ocr_line' id='line_1_37' title="bbox 429 2342 2019 2417; baseline -0.004 -18"><span class='ocrx_word' id='word_1_309' title='bbox 429 2348 526 2400; x_wconf 78' lang='grc' dir='ltr'><strong><em>καὶ</em></strong></span> <span class='ocrx_word' id='word_1_310' title='bbox 558 2347 689 2399; x_wconf 86' lang='grc' dir='ltr'>αὐτὸ</span> <span class='ocrx_word' id='word_1_311' title='bbox 728 2347 884 2400; x_wconf 82' lang='grc' dir='ltr'>τοῦτο</span> <span class='ocrx_word' id='word_1_312' title='bbox 916 2343 1452 2417; x_wconf 77' lang='grc' dir='ltr'>ἐμφῆναιθέλουσα,</span> <span class='ocrx_word' id='word_1_313' title='bbox 1489 2347 1571 2399; x_wconf 83' lang='grc' dir='ltr'>ὅτι</span> <span class='ocrx_word' id='word_1_314' title='bbox 1610 2342 1873 2413; x_wconf 77' lang='grc' dir='ltr'>γυναικός</span> <span class='ocrx_word' id='word_1_315' title='bbox 1904 2342 2019 2393; x_wconf 75' lang='grc' dir='ltr'>ἐστι</span> 
     </span>
    </p>
   </div>
   <div class='ocr_carea' id='block_1_38' title="bbox 2116 1976 3710 2052">
    <p class='ocr_par' dir='ltr' id='par_1_38' title="bbox 2116 1976 3710 2052">
     <span class='ocr_line' id='line_1_38' title="bbox 2116 1976 3710 2052; baseline 0.005 -26"><span class='ocrx_word' id='word_1_316' title='bbox 2116 1976 2370 2042; x_wconf 86' lang='grc' dir='ltr'>γενέσθαι</span> <span class='ocrx_word' id='word_1_317' title='bbox 2416 1979 2618 2031; x_wconf 86' lang='grc' dir='ltr'>κανόνα</span> <span class='ocrx_word' id='word_1_318' title='bbox 2666 1981 2983 2052; x_wconf 85' lang='grc' dir='ltr'>ὁλόκληρον,</span> <span class='ocrx_word' id='word_1_319' title='bbox 3039 1983 3322 2052; x_wconf 77' lang='grc' dir='ltr'>ἀναλόγως</span> <span class='ocrx_word' id='word_1_320' title='bbox 3384 1983 3710 2052; x_wconf 81' lang='grc' dir='ltr'>συνολοκλη-</span> 
     </span>
    </p>
   </div>
   <div class='ocr_carea' id='block_1_39' title="bbox 2117 2066 3701 2150">
    <p class='ocr_par' dir='ltr' id='par_1_39' title="bbox 2117 2066 3701 2150">
     <span class='ocr_line' id='line_1_39' title="bbox 2117 2066 3701 2150; baseline 0.006 -33"><span class='ocrx_word' id='word_1_321' title='bbox 2117 2066 2303 2136; x_wconf 79' lang='grc' dir='ltr'>ροῦται</span> <span class='ocrx_word' id='word_1_322' title='bbox 2339 2070 2434 2120; x_wconf 81' lang='grc' dir='ltr'><strong><em>καὶ</em></strong></span> <span class='ocrx_word' id='word_1_323' title='bbox 2479 2071 2512 2139; x_wconf 82' lang='grc' dir='ltr'>ἡ</span> <span class='ocrx_word' id='word_1_324' title='bbox 2544 2073 2879 2150; x_wconf 27' lang='grc' dir='ltr'>ᾁηκροστιχὶς,</span> <span class='ocrx_word' id='word_1_325' title='bbox 2929 2075 3026 2127; x_wconf 52' lang='grc' dir='ltr'><strong><em>καὶ⁹</em></strong></span> <span class='ocrx_word' id='word_1_326' title='bbox 3072 2075 3195 2129; x_wconf 74' lang='grc' dir='ltr'>ἀντὶ</span> <span class='ocrx_word' id='word_1_327' title='bbox 3241 2075 3441 2146; x_wconf 82' lang='grc' dir='ltr'>μέρους</span> <span class='ocrx_word' id='word_1_328' title='bbox 3501 2074 3701 2143; x_wconf 76' lang='grc' dir='ltr'>ἰάμϐου</span> 
     </span>
    </p>
   </div>
   <div class='ocr_carea' id='block_1_40' title="bbox 2110 2155 3703 2239">
    <p class='ocr_par' dir='ltr' id='par_1_40' title="bbox 2110 2155 3703 2239">
     <span class='ocr_line' id='line_1_40' title="bbox 2110 2155 3703 2239; baseline 0.007 -30"><span class='ocrx_word' id='word_1_329' title='bbox 2110 2156 2230 2220; x_wconf 81' lang='grc' dir='ltr'>ὅλος</span> <span class='ocrx_word' id='word_1_330' title='bbox 2261 2155 2458 2227; x_wconf 70' lang='grc' dir='ltr'>ἴαμϐος</span> <span class='ocrx_word' id='word_1_331' title='bbox 2491 2161 2721 2239; x_wconf 75' lang='grc' dir='ltr'>γίνεται.</span> <span class='ocrx_word' id='word_1_332' title='bbox 2747 2158 2878 2217; x_wconf 79' lang='grc' dir='ltr'>Ὧδέ</span> <span class='ocrx_word' id='word_1_333' title='bbox 2914 2182 2988 2237; x_wconf 91' lang='grc' dir='ltr'><strong><em>πη</em></strong></span> <span class='ocrx_word' id='word_1_334' title='bbox 3028 2165 3145 2236; x_wconf 77' lang='grc' dir='ltr'>ἔχει</span> <span class='ocrx_word' id='word_1_335' title='bbox 3166 2182 3181 2198; x_wconf 91' lang='grc'><strong>·</strong></span> <span class='ocrx_word' id='word_1_336' title='bbox 3214 2168 3326 2221; x_wconf 69' lang='grc' dir='ltr'>Καὶ</span> <span class='ocrx_word' id='word_1_337' title='bbox 3372 2166 3703 2237; x_wconf 69' lang='grc' dir='ltr'>σήμερονεδὲ</span> 
     </span>
    </p>
   </div>
   <div class='ocr_carea' id='block_1_41' title="bbox 2110 2249 2828 2326">
    <p class='ocr_par' dir='ltr' id='par_1_41' title="bbox 2110 2249 2828 2326">
     <span class='ocr_line' id='line_1_41' title="bbox 2110 2249 2828 2326; baseline 0.014 -25"><span class='ocrx_word' id='word_1_338' title='bbox 2110 2249 2389 2303; x_wconf 82' lang='grc' dir='ltr'>Σάϐϐατον</span> <span class='ocrx_word' id='word_1_339' title='bbox 2421 2253 2612 2321; x_wconf 90' lang='grc' dir='ltr'>μέλπω</span> <span class='ocrx_word' id='word_1_340' title='bbox 2660 2257 2828 2326; x_wconf 83' lang='grc' dir='ltr'>μέγα.</span> 
     </span>
    </p>
   </div>
   <div class='ocr_carea' id='block_1_42' title="bbox 430 2519 3712 2604">
    <p class='ocr_par' dir='ltr' id='par_1_42' title="bbox 430 2519 3712 2604">
     <span class='ocr_line' id='line_1_42' title="bbox 430 2519 3712 2604; baseline -0 -17"><span class='ocrx_word' id='word_1_341' title='bbox 430 2533 683 2600; x_wconf 76' lang='lat' dir='ltr'><strong><em>absolvit;</em></strong></span> <span class='ocrx_word' id='word_1_342' title='bbox 708 2535 798 2604; x_wconf 89' lang='lat' dir='ltr'><strong><em>qui</em></strong></span> <span class='ocrx_word' id='word_1_343' title='bbox 822 2551 940 2590; x_wconf 81' lang='lat' dir='ltr'><strong><em>vero</em></strong></span> <span class='ocrx_word' id='word_1_344' title='bbox 965 2553 1084 2591; x_wconf 90' lang='lat' dir='ltr'><strong><em>eam</em></strong></span> <span class='ocrx_word' id='word_1_345' title='bbox 1108 2533 1526 2592; x_wconf 83' lang='lat' dir='ltr'><strong><em>subsecutisunt,</em></strong></span> <span class='ocrx_word' id='word_1_346' title='bbox 1546 2528 1708 2584; x_wconf 86' lang='lat' dir='ltr'><strong><em>melos</em></strong></span> <span class='ocrx_word' id='word_1_347' title='bbox 1725 2522 2002 2585; x_wconf 66' lang='lat' dir='ltr'><strong><em>admirari,</em></strong></span> <span class='ocrx_word' id='word_1_348' title='bbox 2103 2519 2315 2590; x_wconf 84' lang='lat' dir='ltr'><strong><em>quidem</em></strong></span> <span class='ocrx_word' id='word_1_349' title='bbox 2344 2538 2406 2575; x_wconf 70' lang='lat' dir='ltr'><strong><em>ex</em></strong></span> <span class='ocrx_word' id='word_1_350' title='bbox 2433 2525 2705 2587; x_wconf 77' lang='lat' dir='ltr'><strong><em>masculis,</em></strong></span> <span class='ocrx_word' id='word_1_351' title='bbox 2733 2526 2905 2581; x_wconf 89' lang='lat' dir='ltr'><strong><em>altera</em></strong></span> <span class='ocrx_word' id='word_1_352' title='bbox 2933 2545 2997 2582; x_wconf 77' lang='lat' dir='ltr'><strong><em>ea:</em></strong></span> <span class='ocrx_word' id='word_1_353' title='bbox 3024 2530 3256 2598; x_wconf 79' lang='lat' dir='ltr'><strong><em>feminis,</em></strong></span> <span class='ocrx_word' id='word_1_354' title='bbox 3285 2531 3400 2602; x_wconf 82' lang='lat' dir='ltr'><strong><em>ipsa</em></strong></span> <span class='ocrx_word' id='word_1_355' title='bbox 3449 2533 3712 2587; x_wconf 82' lang='lat' dir='ltr'><strong><em>masculo—</em></strong></span> 
     </span>
    </p>
   </div>
   <div class='ocr_carea' id='block_1_43' title="bbox 430 2612 3707 2696">
    <p class='ocr_par' dir='ltr' id='par_1_43' title="bbox 430 2612 3707 2696">
     <span class='ocr_line' id='line_1_43' title="bbox 430 2612 3707 2696; baseline 0 -20"><span class='ocrx_word' id='word_1_356' title='bbox 430 2623 650 2694; x_wconf 87' lang='lat' dir='ltr'><strong><em>dignum</em></strong></span> <span class='ocrx_word' id='word_1_357' title='bbox 687 2625 1029 2679; x_wconf 80' lang='lat' dir='ltr'><strong><em>nihilominus</em></strong></span> <span class='ocrx_word' id='word_1_358' title='bbox 1043 2625 1346 2696; x_wconf 88' lang='lat' dir='ltr'><strong><em>judicantes</em></strong></span> <span class='ocrx_word' id='word_1_359' title='bbox 1384 2620 1724 2676; x_wconf 73' lang='lat' dir='ltr'><strong><em>muliebribus</em></strong></span> <span class='ocrx_word' id='word_1_360' title='bbox 1745 2617 2008 2672; x_wconf 79' lang='lat' dir='ltr'><strong><em>sermoni-</em></strong></span> <span class='ocrx_word' id='word_1_361' title='bbox 2107 2627 2228 2666; x_wconf 85' lang='lat' dir='ltr'><strong><em>rum</em></strong></span> <span class='ocrx_word' id='word_1_362' title='bbox 2258 2612 2547 2684; x_wconf 64' lang='lat' dir='ltr'><strong><em>spernens,</em></strong></span> <span class='ocrx_word' id='word_1_363' title='bbox 2571 2617 2733 2672; x_wconf 85' lang='lat' dir='ltr'><strong><em>veluti</em></strong></span> <span class='ocrx_word' id='word_1_364' title='bbox 2766 2636 2887 2691; x_wconf 75' lang='lat' dir='ltr'><strong><em>qute</em></strong></span> <span class='ocrx_word' id='word_1_365' title='bbox 2921 2621 3112 2675; x_wconf 86' lang='lat' dir='ltr'><strong><em>mulier</em></strong></span> <span class='ocrx_word' id='word_1_366' title='bbox 3144 2632 3279 2687; x_wconf 91' lang='lat' dir='ltr'><strong><em>erat,</em></strong></span> <span class='ocrx_word' id='word_1_367' title='bbox 3306 2624 3583 2695; x_wconf 83' lang='lat' dir='ltr'><strong><em>Tanquam</em></strong></span> <span class='ocrx_word' id='word_1_368' title='bbox 3614 2626 3707 2695; x_wconf 59' lang='lat' dir='ltr'><strong><em>jn.</em></strong></span> 
     </span>
    </p>
   </div>
   <div class='ocr_carea' id='block_1_44' title="bbox 430 2705 3702 2788">
    <p class='ocr_par' dir='ltr' id='par_1_44' title="bbox 430 2705 3702 2788">
     <span class='ocr_line' id='line_1_44' title="bbox 430 2705 3702 2788; baseline 0.001 -19"><span class='ocrx_word' id='word_1_369' title='bbox 430 2716 524 2769; x_wconf 86' lang='lat' dir='ltr'><strong><em>bus</em></strong></span> <span class='ocrx_word' id='word_1_370' title='bbox 552 2717 722 2771; x_wconf 85' lang='lat' dir='ltr'><strong><em>herois</em></strong></span> <span class='ocrx_word' id='word_1_371' title='bbox 752 2719 899 2771; x_wconf 88' lang='lat' dir='ltr'><strong><em>illius</em></strong></span> <span class='ocrx_word' id='word_1_372' title='bbox 928 2718 1131 2773; x_wconf 78' lang='lat' dir='ltr'><strong><em>Cosma:</em></strong></span> <span class='ocrx_word' id='word_1_373' title='bbox 1159 2719 1429 2773; x_wconf 79' lang='lat' dir='ltr'><strong><em>cautiones</em></strong></span> <span class='ocrx_word' id='word_1_374' title='bbox 1458 2716 1778 2786; x_wconf 85' lang='lat' dir='ltr'><strong><em>conjungere</em></strong></span> <span class='ocrx_word' id='word_1_375' title='bbox 1798 2754 1812 2777; x_wconf 89' lang='lat'><strong><em>,</em></strong></span> <span class='ocrx_word' id='word_1_376' title='bbox 1847 2712 2009 2766; x_wconf 85' lang='lat' dir='ltr'><strong><em>melos</em></strong></span> <span class='ocrx_word' id='word_1_377' title='bbox 2106 2705 2359 2769; x_wconf 63' lang='grc' dir='ltr'><strong><em>υεησδιίαέ,</em></strong></span> <span class='ocrx_word' id='word_1_378' title='bbox 2390 2708 2546 2773; x_wconf 54' lang='lat' dir='ltr'><strong><em>dixit.</em></strong></span> <span class='ocrx_word' id='word_1_379' title='bbox 2580 2708 2691 2763; x_wconf 75' lang='lat' dir='ltr'><strong><em>Deo</em></strong></span> <span class='ocrx_word' id='word_1_380' title='bbox 2721 2728 3001 2768; x_wconf 70' lang='lat' dir='ltr'><strong><em>canamus.</em></strong></span> <span class='ocrx_word' id='word_1_381' title='bbox 3047 2711 3404 2770; x_wconf 78' lang='lat' dir='ltr'><strong><em>Veruntamen</em></strong></span> <span class='ocrx_word' id='word_1_382' title='bbox 3445 2725 3496 2771; x_wconf 87' lang='lat' dir='ltr'><strong><em>et</em></strong></span> <span class='ocrx_word' id='word_1_383' title='bbox 3533 2718 3702 2788; x_wconf 80' lang='lat' dir='ltr'><strong><em>ipsam</em></strong></span> 
     </span>
    </p>
   </div>
   <div class='ocr_carea' id='block_1_45' title="bbox 434 2798 3708 2880">
    <p class='ocr_par' dir='ltr' id='par_1_45' title="bbox 434 2798 3708 2880">
     <span class='ocr_line' id='line_1_45' title="bbox 434 2798 3708 2880; baseline 0.002 -20"><span class='ocrx_word' id='word_1_384' title='bbox 434 2809 698 2863; x_wconf 74' lang='lat' dir='ltr'><strong><em>tradentes</em></strong></span> <span class='ocrx_word' id='word_1_385' title='bbox 738 2809 944 2876; x_wconf 78' lang='lat' dir='ltr'><strong><em>Murco,</em></strong></span> <span class='ocrx_word' id='word_1_386' title='bbox 988 2819 1039 2865; x_wconf 90' lang='lat' dir='ltr'><strong><em>et</em></strong></span> <span class='ocrx_word' id='word_1_387' title='bbox 1079 2812 1275 2865; x_wconf 83' lang='lat' dir='ltr'><strong><em>hirmos</em></strong></span> <span class='ocrx_word' id='word_1_388' title='bbox 1317 2811 1705 2880; x_wconf 84' lang='lat' dir='ltr'><strong><em>consignantes,</em></strong></span> <span class='ocrx_word' id='word_1_389' title='bbox 1728 2807 1770 2861; x_wconf 91' lang='grc' dir='ltr'><em>Τ</em></span> <span class='ocrx_word' id='word_1_390' title='bbox 1770 2807 2011 2876; x_wconf 87' lang='lat' dir='ltr'><strong><em>ropario-</em></strong></span> <span class='ocrx_word' id='word_1_391' title='bbox 2110 2798 2329 2851; x_wconf 72' lang='grc' dir='ltr'><strong><em>εαηοηίις</em></strong></span> <span class='ocrx_word' id='word_1_392' title='bbox 2365 2801 2763 2871; x_wconf 71' lang='lat' dir='ltr'><strong><em>acrostichidem</em></strong></span> <span class='ocrx_word' id='word_1_393' title='bbox 2788 2843 2803 2869; x_wconf 88' lang='lat'><strong><em>,</em></strong></span> <span class='ocrx_word' id='word_1_394' title='bbox 2836 2802 3099 2873; x_wconf 86' lang='lat' dir='ltr'><strong><em>duplicem</em></strong></span> <span class='ocrx_word' id='word_1_395' title='bbox 3128 2805 3281 2861; x_wconf 81' lang='lat' dir='ltr'><strong><em>illam</em></strong></span> <span class='ocrx_word' id='word_1_396' title='bbox 3310 2823 3537 2877; x_wconf 81' lang='lat' dir='ltr'><strong><em>quoque,</em></strong></span> <span class='ocrx_word' id='word_1_397' title='bbox 3567 2819 3614 2861; x_wconf 82' lang='lat' dir='ltr'><strong><em>el</em></strong></span> <span class='ocrx_word' id='word_1_398' title='bbox 3650 2820 3708 2862; x_wconf 84' lang='lat' dir='ltr'><strong><em>ut</em></strong></span> 
     </span>
    </p>
   </div>
   <div class='ocr_carea' id='block_1_46' title="bbox 433 2889 2015 2972">
    <p class='ocr_par' dir='ltr' id='par_1_46' title="bbox 433 2899 2014 2972">
     <span class='ocr_line' id='line_1_46' title="bbox 433 2899 2014 2972; baseline -0.002 -18"><span class='ocrx_word' id='word_1_399' title='bbox 433 2918 550 2954; x_wconf 84' lang='lat' dir='ltr'><strong><em>rum</em></strong></span> <span class='ocrx_word' id='word_1_400' title='bbox 591 2904 1018 2972; x_wconf 83' lang='lat' dir='ltr'><strong><em>compositionem</em></strong></span> <span class='ocrx_word' id='word_1_401' title='bbox 1057 2903 1140 2957; x_wconf 87' lang='lat' dir='ltr'><strong><em>illi</em></strong></span> <span class='ocrx_word' id='word_1_402' title='bbox 1203 2903 1303 2958; x_wconf 89' lang='lat' dir='ltr'><strong><em>soli</em></strong></span> <span class='ocrx_word' id='word_1_403' title='bbox 1340 2903 1732 2957; x_wconf 86' lang='lat' dir='ltr'><strong><em>commiserunt.</em></strong></span> <span class='ocrx_word' id='word_1_404' title='bbox 1775 2899 1842 2954; x_wconf 80' lang='lat' dir='ltr'><strong><em>Et</em></strong></span> <span class='ocrx_word' id='word_1_405' title='bbox 1882 2914 2014 2953; x_wconf 88' lang='lat' dir='ltr'><strong><em>sane</em></strong></span> 
     </span>
    </p>
   </div>
   <div class='ocr_carea' id='block_1_47' title="bbox 2118 2889 3708 2972">
    <p class='ocr_par' dir='ltr' id='par_1_47' title="bbox 2118 2889 3708 2971">
     <span class='ocr_line' id='line_1_47' title="bbox 2118 2889 3708 2971; baseline 0.006 -28"><span class='ocrx_word' id='word_1_406' title='bbox 2118 2889 2197 2944; x_wconf 91' lang='lat' dir='ltr'><strong><em>ita</em></strong></span> <span class='ocrx_word' id='word_1_407' title='bbox 2227 2890 2425 2953; x_wconf 86' lang='lat' dir='ltr'><strong><em>dicam,</em></strong></span> <span class='ocrx_word' id='word_1_408' title='bbox 2451 2891 2711 2965; x_wconf 76' lang='lat' dir='ltr'><strong><em>bicipitem</em></strong></span> <span class='ocrx_word' id='word_1_409' title='bbox 2740 2895 2900 2961; x_wconf 60' lang='lat' dir='ltr'><strong><em>ueluti</em></strong></span> <span class='ocrx_word' id='word_1_410' title='bbox 2926 2895 3282 2964; x_wconf 87' lang='lat' dir='ltr'><strong><em>Parnassum,</em></strong></span> <span class='ocrx_word' id='word_1_411' title='bbox 3308 2898 3393 2954; x_wconf 83' lang='lat' dir='ltr'><strong><em>vel</em></strong></span> <span class='ocrx_word' id='word_1_412' title='bbox 3416 2900 3708 2971; x_wconf 52' lang='lat' dir='ltr'><strong><em>dithyramv</em></strong></span> 
     </span>
    </p>
   </div>
   <div class='ocr_carea' id='block_1_48' title="bbox 433 2984 2015 3071">
    <p class='ocr_par' dir='ltr' id='par_1_48' title="bbox 433 2993 2015 3071">
     <span class='ocr_line' id='line_1_48' title="bbox 433 2993 2015 3071; baseline -0.001 -27"><span class='ocrx_word' id='word_1_413' title='bbox 433 2993 650 3047; x_wconf 76' lang='lat' dir='ltr'><strong><em>traditio</em></strong></span> <span class='ocrx_word' id='word_1_414' title='bbox 685 2995 794 3047; x_wconf 71' lang='lat' dir='ltr'><strong><em>lucc</em></strong></span> <span class='ocrx_word' id='word_1_415' title='bbox 828 3011 935 3071; x_wconf 77' lang='lat' dir='ltr'><strong><em>non</em></strong></span> <span class='ocrx_word' id='word_1_416' title='bbox 970 2995 1178 3049; x_wconf 83' lang='lat' dir='ltr'><strong><em>videtur</em></strong></span> <span class='ocrx_word' id='word_1_417' title='bbox 1212 3013 1245 3049; x_wconf 89' lang='lat' dir='ltr'><strong><em>a</em></strong></span> <span class='ocrx_word' id='word_1_418' title='bbox 1279 2997 1499 3050; x_wconf 85' lang='lat' dir='ltr'><strong><em>veritate</em></strong></span> <span class='ocrx_word' id='word_1_419' title='bbox 1537 2994 1808 3057; x_wconf 87' lang='lat' dir='ltr'><strong><em>aberrare,</em></strong></span> <span class='ocrx_word' id='word_1_420' title='bbox 1847 3007 2015 3061; x_wconf 85' lang='lat' dir='ltr'><strong><em>neque</em></strong></span> 
     </span>
    </p>
   </div>
   <div class='ocr_carea' id='block_1_49' title="bbox 2118 2984 3710 3071">
    <p class='ocr_par' dir='ltr' id='par_1_49' title="bbox 2121 2984 3710 3057">
     <span class='ocr_line' id='line_1_49' title="bbox 2121 2984 3710 3057; baseline 0.006 -21"><span class='ocrx_word' id='word_1_421' title='bbox 2121 2984 2264 3046; x_wconf 81' lang='lat' dir='ltr'><strong><em>bum,</em></strong></span> <span class='ocrx_word' id='word_1_422' title='bbox 2301 2994 2355 3037; x_wconf 92' lang='lat' dir='ltr'><strong><em>ut</em></strong></span> <span class='ocrx_word' id='word_1_423' title='bbox 2388 2995 2513 3039; x_wconf 87' lang='lat' dir='ltr'><strong><em>sunt</em></strong></span> <span class='ocrx_word' id='word_1_424' title='bbox 2542 2988 2725 3057; x_wconf 81' lang='lat' dir='ltr'><strong><em>hymni</em></strong></span> <span class='ocrx_word' id='word_1_425' title='bbox 2744 2990 2809 3042; x_wconf 66' lang='lat' dir='ltr'><strong><em>&#39;in</em></strong></span> <span class='ocrx_word' id='word_1_426' title='bbox 2846 2988 3132 3055; x_wconf 83' lang='lat' dir='ltr'><strong><em>Bacchum,</em></strong></span> <span class='ocrx_word' id='word_1_427' title='bbox 3164 2990 3305 3045; x_wconf 84' lang='lat' dir='ltr'><strong><em>velut</em></strong></span> <span class='ocrx_word' id='word_1_428' title='bbox 3334 3007 3396 3046; x_wconf 90' lang='lat' dir='ltr'><strong><em>ea</em></strong></span> <span class='ocrx_word' id='word_1_429' title='bbox 3427 3007 3546 3056; x_wconf 72' lang='lat' dir='ltr'><strong><em>quae</em></strong></span> <span class='ocrx_word' id='word_1_430' title='bbox 3577 3000 3627 3044; x_wconf 76' lang='lat' dir='ltr'><strong><em>et</em></strong></span> <span class='ocrx_word' id='word_1_431' title='bbox 3656 2993 3710 3045; x_wconf 86' lang='lat' dir='ltr'><strong><em>in</em></strong></span> 
     </span>
    </p>
   </div>
   <div class='ocr_carea' id='block_1_50' title="bbox 434 3085 2014 3157">
    <p class='ocr_par' dir='ltr' id='par_1_50' title="bbox 434 3085 2014 3157">
     <span class='ocr_line' id='line_1_50' title="bbox 434 3085 2014 3157; baseline 0.001 -21"><span class='ocrx_word' id='word_1_432' title='bbox 434 3087 575 3139; x_wconf 87' lang='lat' dir='ltr'><strong><em>enim</em></strong></span> <span class='ocrx_word' id='word_1_433' title='bbox 620 3088 912 3141; x_wconf 85' lang='lat' dir='ltr'><strong><em>hirmorum</em></strong></span> <span class='ocrx_word' id='word_1_434' title='bbox 963 3088 1151 3143; x_wconf 84' lang='lat' dir='ltr'><strong><em>litteris</em></strong></span> <span class='ocrx_word' id='word_1_435' title='bbox 1199 3089 1513 3157; x_wconf 85' lang='lat' dir='ltr'><strong><em>capitalibus</em></strong></span> <span class='ocrx_word' id='word_1_436' title='bbox 1557 3088 1618 3141; x_wconf 92' lang='lat' dir='ltr'><strong><em>in</em></strong></span> <span class='ocrx_word' id='word_1_437' title='bbox 1666 3085 2014 3140; x_wconf 88' lang='lat' dir='ltr'><strong><em>acrostichide</em></strong></span> 
     </span>
    </p>
   </div>
   <div class='ocr_carea' id='block_1_51' title="bbox 433 3172 2012 3250">
    <p class='ocr_par' dir='ltr' id='par_1_51' title="bbox 433 3172 2012 3250">
     <span class='ocr_line' id='line_1_51' title="bbox 433 3172 2012 3250; baseline -0.001 -18"><span class='ocrx_word' id='word_1_438' title='bbox 433 3172 646 3232; x_wconf 77' lang='lat' dir='ltr'><strong><em>Marcus</em></strong></span> <span class='ocrx_word' id='word_1_439' title='bbox 672 3181 869 3239; x_wconf 81' lang='lat' dir='ltr'><strong><em>&#39;utitur.</em></strong></span> <span class='ocrx_word' id='word_1_440' title='bbox 907 3180 1023 3235; x_wconf 90' lang='lat' dir='ltr'><strong><em>licet</em></strong></span> <span class='ocrx_word' id='word_1_441' title='bbox 1060 3181 1143 3234; x_wconf 86' lang='lat' dir='ltr'><strong><em>illi</em></strong></span> <span class='ocrx_word' id='word_1_442' title='bbox 1184 3182 1410 3236; x_wconf 85' lang='lat' dir='ltr'><strong><em>multum</em></strong></span> <span class='ocrx_word' id='word_1_443' title='bbox 1446 3180 1744 3250; x_wconf 79' lang='lat' dir='ltr'><strong><em>conferrent</em></strong></span> <span class='ocrx_word' id='word_1_444' title='bbox 1778 3195 1797 3232; x_wconf 92' lang='lat'><strong><em>:</em></strong></span> <span class='ocrx_word' id='word_1_445' title='bbox 1832 3179 2012 3234; x_wconf 85' lang='lat' dir='ltr'><strong><em>statim</em></strong></span> 
     </span>
    </p>
   </div>
   <div class='ocr_carea' id='block_1_52' title="bbox 432 3269 2015 3343">
    <p class='ocr_par' dir='ltr' id='par_1_52' title="bbox 432 3269 2015 3343">
     <span class='ocr_line' id='line_1_52' title="bbox 432 3269 2015 3343; baseline 0.001 -21"><span class='ocrx_word' id='word_1_446' title='bbox 432 3270 573 3324; x_wconf 88' lang='lat' dir='ltr'><strong><em>enim</em></strong></span> <span class='ocrx_word' id='word_1_447' title='bbox 608 3269 774 3337; x_wconf 88' lang='lat' dir='ltr'><strong><em>illius,</em></strong></span> <span class='ocrx_word' id='word_1_448' title='bbox 800 3273 1023 3341; x_wconf 81' lang='grc' dir='ltr'>Κύματι</span> <span class='ocrx_word' id='word_1_449' title='bbox 1066 3270 1371 3341; x_wconf 83' lang='grc' dir='ltr'>θαλάσσης,</span> <span class='ocrx_word' id='word_1_450' title='bbox 1412 3273 1558 3327; x_wconf 85' lang='lat' dir='ltr'><strong><em>unde</em></strong></span> <span class='ocrx_word' id='word_1_451' title='bbox 1598 3272 1774 3343; x_wconf 81' lang='lat' dir='ltr'><strong><em>majus</em></strong></span> <span class='ocrx_word' id='word_1_452' title='bbox 1811 3271 1878 3334; x_wconf 85' lang='grc' dir='ltr'>Κ,</span> <span class='ocrx_word' id='word_1_453' title='bbox 1911 3284 2015 3325; x_wconf 88' lang='lat' dir='ltr'><strong><em>nec</em></strong></span> 
     </span>
    </p>
   </div>
   <div class='ocr_carea' id='block_1_53' title="bbox 432 3361 2010 3436">
    <p class='ocr_par' dir='ltr' id='par_1_53' title="bbox 432 3361 2010 3436">
     <span class='ocr_line' id='line_1_53' title="bbox 432 3361 2010 3436; baseline 0 -21"><span class='ocrx_word' id='word_1_454' title='bbox 432 3376 543 3415; x_wconf 87' lang='lat' dir='ltr'><strong><em>non</em></strong></span> <span class='ocrx_word' id='word_1_455' title='bbox 576 3361 748 3429; x_wconf 82' lang='lat' dir='ltr'><strong><em>illius,</em></strong></span> <span class='ocrx_word' id='word_1_456' title='bbox 782 3363 849 3416; x_wconf 79' lang='grc' dir='ltr'><strong>Σὲ</strong></span> <span class='ocrx_word' id='word_1_457' title='bbox 882 3363 977 3416; x_wconf 77' lang='grc' dir='ltr'><strong><em>τὸν</em></strong></span> <span class='ocrx_word' id='word_1_458' title='bbox 1006 3366 1100 3417; x_wconf 77' lang='grc' dir='ltr'>ἐπὶ</span> <span class='ocrx_word' id='word_1_459' title='bbox 1131 3364 1384 3431; x_wconf 80' lang='grc' dir='ltr'>ὑδάτων,</span> <span class='ocrx_word' id='word_1_460' title='bbox 1415 3375 1469 3420; x_wconf 84' lang='lat' dir='ltr'><strong><em>te</em></strong></span> <span class='ocrx_word' id='word_1_461' title='bbox 1502 3380 1670 3436; x_wconf 85' lang='lat' dir='ltr'><strong><em>super</em></strong></span> <span class='ocrx_word' id='word_1_462' title='bbox 1697 3379 1869 3433; x_wconf 82' lang='lat' dir='ltr'><strong><em>aquas</em></strong></span> <span class='ocrx_word' id='word_1_463' title='bbox 1891 3404 1906 3429; x_wconf 92' lang='lat'><strong><em>,</em></strong></span> <span class='ocrx_word' id='word_1_464' title='bbox 1937 3363 2010 3428; x_wconf 92' lang='grc' dir='ltr'>Σ,</span> 
     </span>
    </p>
   </div>
   <div class='ocr_carea' id='block_1_54' title="bbox 432 3455 2016 3524">
    <p class='ocr_par' dir='ltr' id='par_1_54' title="bbox 432 3455 2016 3524">
     <span class='ocr_line' id='line_1_54' title="bbox 432 3455 2016 3524; baseline 0.002 -17"><span class='ocrx_word' id='word_1_465' title='bbox 432 3470 594 3524; x_wconf 85' lang='lat' dir='ltr'><strong><em>quam</em></strong></span> <span class='ocrx_word' id='word_1_466' title='bbox 630 3456 860 3509; x_wconf 75' lang='lat' dir='ltr'><strong><em>maxime</em></strong></span> <span class='ocrx_word' id='word_1_467' title='bbox 892 3455 974 3510; x_wconf 90' lang='lat' dir='ltr'><strong><em>illi</em></strong></span> <span class='ocrx_word' id='word_1_468' title='bbox 1002 3457 1058 3511; x_wconf 88' lang='lat' dir='ltr'><strong><em>in</em></strong></span> <span class='ocrx_word' id='word_1_469' title='bbox 1091 3459 1436 3513; x_wconf 81' lang='lat' dir='ltr'><strong><em>acrostichide</em></strong></span> <span class='ocrx_word' id='word_1_470' title='bbox 1463 3459 1788 3520; x_wconf 87' lang='lat' dir='ltr'><strong><em>conducunt,</em></strong></span> <span class='ocrx_word' id='word_1_471' title='bbox 1816 3456 1907 3512; x_wconf 87' lang='lat' dir='ltr'><strong><em>sed</em></strong></span> <span class='ocrx_word' id='word_1_472' title='bbox 1937 3457 2016 3510; x_wconf 86' lang='lat' dir='ltr'><strong><em>his</em></strong></span> 
     </span>
    </p>
   </div>
   <div class='ocr_carea' id='block_1_55' title="bbox 434 3543 2016 3620">
    <p class='ocr_par' dir='ltr' id='par_1_55' title="bbox 434 3543 2016 3620">
     <span class='ocr_line' id='line_1_55' title="bbox 434 3543 2016 3620; baseline 0.003 -23"><span class='ocrx_word' id='word_1_473' title='bbox 434 3543 683 3613; x_wconf 72' lang='lat' dir='ltr'><strong><em>neglectis</em></strong></span> <span class='ocrx_word' id='word_1_474' title='bbox 717 3553 977 3610; x_wconf 86' lang='lat' dir='ltr'><strong><em>tanquam</em></strong></span> <span class='ocrx_word' id='word_1_475' title='bbox 1011 3548 1197 3602; x_wconf 86' lang='lat' dir='ltr'><strong><em>alienis</em></strong></span> <span class='ocrx_word' id='word_1_476' title='bbox 1230 3566 1325 3603; x_wconf 88' lang='lat' dir='ltr'><strong><em>nec</em></strong></span> <span class='ocrx_word' id='word_1_477' title='bbox 1361 3553 1588 3620; x_wconf 86' lang='lat' dir='ltr'><strong><em>propriis</em></strong></span> <span class='ocrx_word' id='word_1_478' title='bbox 1625 3550 1867 3620; x_wconf 78' lang='lat' dir='ltr'><strong><em>operibus</em></strong></span> <span class='ocrx_word' id='word_1_479' title='bbox 1902 3547 2016 3602; x_wconf 85' lang='lat' dir='ltr'><strong><em>loco</em></strong></span> 
     </span>
    </p>
   </div>
   <div class='ocr_carea' id='block_1_56' title="bbox 434 3636 2015 3710">
    <p class='ocr_par' dir='ltr' id='par_1_56' title="bbox 434 3636 2015 3710">
     <span class='ocr_line' id='line_1_56' title="bbox 434 3636 2015 3710; baseline 0.003 -21"><span class='ocrx_word' id='word_1_480' title='bbox 434 3651 613 3689; x_wconf 89' lang='lat' dir='ltr'><strong><em>eorum</em></strong></span> <span class='ocrx_word' id='word_1_481' title='bbox 640 3636 895 3700; x_wconf 85' lang='lat' dir='ltr'><strong><em>Troparia</em></strong></span> <span class='ocrx_word' id='word_1_482' title='bbox 922 3641 1195 3696; x_wconf 85' lang='lat' dir='ltr'><strong><em>conscribit</em></strong></span> <span class='ocrx_word' id='word_1_483' title='bbox 1221 3660 1252 3695; x_wconf 91' lang='lat' dir='ltr'><strong><em>a</em></strong></span> <span class='ocrx_word' id='word_1_484' title='bbox 1279 3642 1321 3696; x_wconf 82' lang='lat' dir='ltr'><strong>K</strong></span> <span class='ocrx_word' id='word_1_485' title='bbox 1345 3643 1552 3708; x_wconf 87' lang='lat' dir='ltr'><strong><em>quidem</em></strong></span> <span class='ocrx_word' id='word_1_486' title='bbox 1579 3644 1833 3710; x_wconf 84' lang='lat' dir='ltr'><strong><em>incipiens</em></strong></span> <span class='ocrx_word' id='word_1_487' title='bbox 1857 3640 2015 3705; x_wconf 86' lang='lat' dir='ltr'><strong><em>illud,</em></strong></span> 
     </span>
    </p>
   </div>
   <div class='ocr_carea' id='block_1_57' title="bbox 436 3728 2016 3797">
    <p class='ocr_par' dir='ltr' id='par_1_57' title="bbox 436 3728 2016 3797">
     <span class='ocr_line' id='line_1_57' title="bbox 436 3728 2016 3797; baseline 0.004 -19"><span class='ocrx_word' id='word_1_488' title='bbox 436 3728 614 3796; x_wconf 80' lang='grc' dir='ltr'>Κύριε</span> <span class='ocrx_word' id='word_1_489' title='bbox 643 3728 747 3780; x_wconf 79' lang='grc' dir='ltr'><strong><em>Θεέ</em></strong></span> <span class='ocrx_word' id='word_1_490' title='bbox 776 3746 902 3797; x_wconf 88' lang='grc' dir='ltr'>μου,</span> <span class='ocrx_word' id='word_1_491' title='bbox 930 3731 1159 3786; x_wconf 87' lang='lat' dir='ltr'><strong><em>Domine</em></strong></span> <span class='ocrx_word' id='word_1_492' title='bbox 1186 3733 1329 3786; x_wconf 90' lang='lat' dir='ltr'><strong><em>Deus</em></strong></span> <span class='ocrx_word' id='word_1_493' title='bbox 1354 3749 1530 3796; x_wconf 87' lang='lat' dir='ltr'><strong><em>meus,</em></strong></span> <span class='ocrx_word' id='word_1_494' title='bbox 1556 3735 1622 3788; x_wconf 89' lang='lat' dir='ltr'><strong><em>ab</em></strong></span> <span class='ocrx_word' id='word_1_495' title='bbox 1649 3734 1687 3785; x_wconf 89' lang='grc' dir='ltr'>Σ</span> <span class='ocrx_word' id='word_1_496' title='bbox 1711 3750 1832 3788; x_wconf 87' lang='lat' dir='ltr'><strong><em>vero</em></strong></span> <span class='ocrx_word' id='word_1_497' title='bbox 1857 3734 2016 3797; x_wconf 90' lang='lat' dir='ltr'><strong><em>illud,</em></strong></span> 
     </span>
    </p>
   </div>
   <div class='ocr_carea' id='block_1_58' title="bbox 436 3818 2017 3895">
    <p class='ocr_par' dir='ltr' id='par_1_58' title="bbox 436 3818 2017 3895">
     <span class='ocr_line' id='line_1_58' title="bbox 436 3818 2017 3895; baseline 0.006 -26"><span class='ocrx_word' id='word_1_498' title='bbox 436 3818 694 3889; x_wconf 64' lang='grc' dir='ltr'>Σύμϐολα</span> <span class='ocrx_word' id='word_1_499' title='bbox 732 3819 834 3888; x_wconf 84' lang='grc' dir='ltr'>τῆς</span> <span class='ocrx_word' id='word_1_500' title='bbox 871 3821 1057 3892; x_wconf 78' lang='grc' dir='ltr'>ταφῆς</span> <span class='ocrx_word' id='word_1_501' title='bbox 1101 3840 1220 3884; x_wconf 94' lang='grc' dir='ltr'>σου,</span> <span class='ocrx_word' id='word_1_502' title='bbox 1261 3824 1506 3895; x_wconf 78' lang='lat' dir='ltr'><strong><em>symbola</em></strong></span> <span class='ocrx_word' id='word_1_503' title='bbox 1553 3835 1656 3879; x_wconf 67' lang='lat' dir='ltr'><strong><em>tua:</em></strong></span> <span class='ocrx_word' id='word_1_504' title='bbox 1697 3827 2017 3894; x_wconf 76' lang='lat' dir='ltr'><strong><em>sepulturae.</em></strong></span> 
     </span>
    </p>
   </div>
   <div class='ocr_carea' id='block_1_59' title="bbox 438 3911 2021 3990">
    <p class='ocr_par' dir='ltr' id='par_1_59' title="bbox 438 3911 2021 3990">
     <span class='ocr_line' id='line_1_59' title="bbox 438 3911 2021 3990; baseline 0.006 -26"><span class='ocrx_word' id='word_1_505' title='bbox 438 3911 522 3965; x_wconf 75' lang='lat' dir='ltr'><strong><em>Ea;</em></strong></span> <span class='ocrx_word' id='word_1_506' title='bbox 570 3913 666 3966; x_wconf 89' lang='lat' dir='ltr'><strong><em>hoc</em></strong></span> <span class='ocrx_word' id='word_1_507' title='bbox 715 3922 936 3984; x_wconf 88' lang='lat' dir='ltr'><strong><em>utroque</em></strong></span> <span class='ocrx_word' id='word_1_508' title='bbox 984 3916 1326 3985; x_wconf 83' lang='lat' dir='ltr'><strong><em>manifestum</em></strong></span> <span class='ocrx_word' id='word_1_509' title='bbox 1381 3925 1455 3971; x_wconf 91' lang='lat' dir='ltr'><strong><em>est</em></strong></span> <span class='ocrx_word' id='word_1_510' title='bbox 1509 3917 1672 3972; x_wconf 89' lang='lat' dir='ltr'><strong><em>melos</em></strong></span> <span class='ocrx_word' id='word_1_511' title='bbox 1722 3919 2021 3990; x_wconf 86' lang='lat' dir='ltr'><strong><em>hirmosque</em></strong></span> 
     </span>
    </p>
   </div>
   <div class='ocr_carea' id='block_1_60' title="bbox 436 4003 2019 4077">
    <p class='ocr_par' dir='ltr' id='par_1_60' title="bbox 436 4003 2019 4077">
     <span class='ocr_line' id='line_1_60' title="bbox 436 4003 2019 4077; baseline 0.004 -20"><span class='ocrx_word' id='word_1_512' title='bbox 436 4003 604 4058; x_wconf 80' lang='lat' dir='ltr'><strong><em>Marci</em></strong></span> <span class='ocrx_word' id='word_1_513' title='bbox 631 4020 736 4057; x_wconf 90' lang='lat' dir='ltr'><strong><em>non</em></strong></span> <span class='ocrx_word' id='word_1_514' title='bbox 764 4020 892 4066; x_wconf 84' lang='lat' dir='ltr'><strong><em>esse,</em></strong></span> <span class='ocrx_word' id='word_1_515' title='bbox 920 4013 969 4059; x_wconf 92' lang='lat' dir='ltr'><strong><em>et</em></strong></span> <span class='ocrx_word' id='word_1_516' title='bbox 997 4023 1056 4060; x_wconf 91' lang='lat' dir='ltr'><strong><em>eo</em></strong></span> <span class='ocrx_word' id='word_1_517' title='bbox 1082 4009 1243 4062; x_wconf 87' lang='lat' dir='ltr'><strong><em>etiam</em></strong></span> <span class='ocrx_word' id='word_1_518' title='bbox 1271 4024 1414 4077; x_wconf 75' lang='lat' dir='ltr'><strong><em>tuque</em></strong></span> <span class='ocrx_word' id='word_1_519' title='bbox 1436 4009 1598 4076; x_wconf 82' lang='lat' dir='ltr'><strong><em>probe</em></strong></span> <span class='ocrx_word' id='word_1_520' title='bbox 1621 4012 1878 4064; x_wconf 86' lang='lat' dir='ltr'><strong><em>evincitur</em></strong></span> <span class='ocrx_word' id='word_1_521' title='bbox 1901 4028 2019 4065; x_wconf 85' lang='lat' dir='ltr'><strong><em>cum</em></strong></span> 
     </span>
    </p>
   </div>
   <div class='ocr_carea' id='block_1_61' title="bbox 435 4094 2020 4174">
    <p class='ocr_par' dir='ltr' id='par_1_61' title="bbox 435 4094 2020 4174">
     <span class='ocr_line' id='line_1_61' title="bbox 435 4094 2020 4174; baseline 0.005 -27"><span class='ocrx_word' id='word_1_522' title='bbox 435 4094 579 4147; x_wconf 81' lang='lat' dir='ltr'><strong><em>dicat</em></strong></span> <span class='ocrx_word' id='word_1_523' title='bbox 620 4096 674 4147; x_wconf 92' lang='lat' dir='ltr'><strong><em>in</em></strong></span> <span class='ocrx_word' id='word_1_524' title='bbox 714 4096 903 4164; x_wconf 67' lang='lat' dir='ltr'><strong><em>prima!</em></strong></span> <span class='ocrx_word' id='word_1_525' title='bbox 935 4097 1050 4152; x_wconf 76' lang='lat' dir='ltr'><strong><em>oda:</em></strong></span> <span class='ocrx_word' id='word_1_526' title='bbox 1081 4100 1250 4153; x_wconf 89' lang='lat' dir='ltr'><strong><em>hirmo</em></strong></span> <span class='ocrx_word' id='word_1_527' title='bbox 1289 4115 1306 4153; x_wconf 90' lang='lat'><strong><em>:</em></strong></span> <span class='ocrx_word' id='word_1_528' title='bbox 1346 4099 1453 4153; x_wconf 87' lang='lat' dir='ltr'><strong><em>Sed</em></strong></span> <span class='ocrx_word' id='word_1_529' title='bbox 1494 4116 1594 4155; x_wconf 85' lang='lat' dir='ltr'><strong><em>nos</em></strong></span> <span class='ocrx_word' id='word_1_530' title='bbox 1629 4111 1887 4171; x_wconf 84' lang='lat' dir='ltr'><strong><em>tanquam</em></strong></span> <span class='ocrx_word' id='word_1_531' title='bbox 1926 4103 2020 4174; x_wconf 83' lang='lat' dir='ltr'><strong><em>ju-</em></strong></span> 
     </span>
    </p>
   </div>
   <div class='ocr_carea' id='block_1_62' title="bbox 438 4187 2021 4247">
    <p class='ocr_par' dir='ltr' id='par_1_62' title="bbox 438 4187 2021 4247">
     <span class='ocr_line' id='line_1_62' title="bbox 438 4187 2021 4247; baseline 0.005 -8"><span class='ocrx_word' id='word_1_532' title='bbox 438 4187 683 4239; x_wconf 70' lang='lat' dir='ltr'><strong><em>vcnculaa</em></strong></span> <span class='ocrx_word' id='word_1_533' title='bbox 732 4187 968 4242; x_wconf 88' lang='lat' dir='ltr'><strong><em>Domino</em></strong></span> <span class='ocrx_word' id='word_1_534' title='bbox 1018 4201 1329 4244; x_wconf 83' lang='lat' dir='ltr'><strong><em>cantemus.</em></strong></span> <span class='ocrx_word' id='word_1_535' title='bbox 1373 4189 1663 4245; x_wconf 81' lang='lat' dir='ltr'><strong><em>Juvencula</em></strong></span> <span class='ocrx_word' id='word_1_536' title='bbox 1712 4193 1852 4247; x_wconf 87' lang='lat' dir='ltr'><strong><em>enim</em></strong></span> <span class='ocrx_word' id='word_1_537' title='bbox 1900 4209 2021 4247; x_wconf 88' lang='lat' dir='ltr'><strong><em>cum</em></strong></span> 
     </span>
    </p>
   </div>
   <div class='ocr_carea' id='block_1_63' title="bbox 435 4279 2023 4349">
    <p class='ocr_par' dir='ltr' id='par_1_63' title="bbox 435 4279 2023 4349">
     <span class='ocr_line' id='line_1_63' title="bbox 435 4279 2023 4349; baseline 0.006 -19"><span class='ocrx_word' id='word_1_538' title='bbox 435 4283 569 4331; x_wconf 84' lang='lat' dir='ltr'><strong><em>esset</em></strong></span> <span class='ocrx_word' id='word_1_539' title='bbox 598 4279 712 4349; x_wconf 89' lang='lat' dir='ltr'><strong><em>ipsa</em></strong></span> <span class='ocrx_word' id='word_1_540' title='bbox 746 4280 1123 4334; x_wconf 86' lang='lat' dir='ltr'><strong><em>modulationis</em></strong></span> <span class='ocrx_word' id='word_1_541' title='bbox 1150 4282 1365 4349; x_wconf 70' lang='lat' dir='ltr'><strong><em>artifex,</em></strong></span> <span class='ocrx_word' id='word_1_542' title='bbox 1393 4292 1441 4336; x_wconf 93' lang='lat' dir='ltr'><strong><em>et</em></strong></span> <span class='ocrx_word' id='word_1_543' title='bbox 1468 4287 1562 4337; x_wconf 87' lang='lat' dir='ltr'><strong><em>hoc</em></strong></span> <span class='ocrx_word' id='word_1_544' title='bbox 1585 4285 1721 4338; x_wconf 85' lang='lat' dir='ltr'><strong><em>idem</em></strong></span> <span class='ocrx_word' id='word_1_545' title='bbox 1751 4287 2023 4341; x_wconf 87' lang='lat' dir='ltr'><strong><em>ostendere</em></strong></span> 
     </span>
    </p>
   </div>
   <div class='ocr_carea' id='block_1_64' title="bbox 436 4367 2023 4435">
    <p class='ocr_par' dir='ltr' id='par_1_64' title="bbox 436 4367 2023 4435">
     <span class='ocr_line' id='line_1_64' title="bbox 436 4367 2023 4435; baseline 0.005 -14"><span class='ocrx_word' id='word_1_546' title='bbox 436 4367 615 4422; x_wconf 82' lang='lat' dir='ltr'><strong><em>volens</em></strong></span> <span class='ocrx_word' id='word_1_547' title='bbox 646 4371 915 4424; x_wconf 86' lang='lat' dir='ltr'><strong><em>canticum</em></strong></span> <span class='ocrx_word' id='word_1_548' title='bbox 942 4370 1082 4425; x_wconf 87' lang='lat' dir='ltr'><strong><em>illud</em></strong></span> <span class='ocrx_word' id='word_1_549' title='bbox 1110 4370 1348 4426; x_wconf 79' lang='lat' dir='ltr'><strong><em>mulieris</em></strong></span> <span class='ocrx_word' id='word_1_550' title='bbox 1377 4388 1486 4426; x_wconf 89' lang='lat' dir='ltr'><strong><em>esse</em></strong></span> <span class='ocrx_word' id='word_1_551' title='bbox 1507 4413 1521 4435; x_wconf 86' lang='lat'><strong><em>,</em></strong></span> <span class='ocrx_word' id='word_1_552' title='bbox 1550 4390 1667 4428; x_wconf 89' lang='lat' dir='ltr'><strong><em>cum</em></strong></span> <span class='ocrx_word' id='word_1_553' title='bbox 1698 4374 1819 4430; x_wconf 70' lang='lat' dir='ltr'><strong><em>duo:</em></strong></span> <span class='ocrx_word' id='word_1_554' title='bbox 1851 4384 2023 4431; x_wconf 86' lang='lat' dir='ltr'><strong><em>essent</em></strong></span> 
     </span>
    </p>
   </div>
   <div class='ocr_carea' id='block_1_65' title="bbox 436 4459 2033 4535">
    <p class='ocr_par' dir='ltr' id='par_1_65' title="bbox 436 4459 2033 4535">
     <span class='ocr_line' id='line_1_65' title="bbox 436 4459 2033 4535; baseline 0.008 -23"><span class='ocrx_word' id='word_1_555' title='bbox 436 4459 638 4515; x_wconf 76' lang='lat' dir='ltr'><strong><em>chorea:</em></strong></span> <span class='ocrx_word' id='word_1_556' title='bbox 675 4462 817 4533; x_wconf 88' lang='lat' dir='ltr'><strong><em>apud</em></strong></span> <span class='ocrx_word' id='word_1_557' title='bbox 854 4461 1119 4529; x_wconf 75' lang='lat' dir='ltr'><strong><em>Exodum,</em></strong></span> <span class='ocrx_word' id='word_1_558' title='bbox 1153 4466 1382 4535; x_wconf 87' lang='lat' dir='ltr'><strong><em>primam</em></strong></span> <span class='ocrx_word' id='word_1_559' title='bbox 1419 4467 1576 4521; x_wconf 72' lang='lat' dir='ltr'><strong><em>ortam</em></strong></span> <span class='ocrx_word' id='word_1_560' title='bbox 1612 4475 1880 4534; x_wconf 87' lang='lat' dir='ltr'><strong><em>canentes,</em></strong></span> <span class='ocrx_word' id='word_1_561' title='bbox 1915 4486 2033 4524; x_wconf 79' lang='lat' dir='ltr'><strong><em>una.</em></strong></span> 
     </span>
    </p>
   </div>
   <div class='ocr_carea' id='block_1_66' title="bbox 2124 3078 3712 3153">
    <p class='ocr_par' dir='ltr' id='par_1_66' title="bbox 2124 3078 3712 3153">
     <span class='ocr_line' id='line_1_66' title="bbox 2124 3078 3712 3153; baseline 0.004 -23"><span class='ocrx_word' id='word_1_562' title='bbox 2124 3078 2288 3142; x_wconf 88' lang='lat' dir='ltr'><strong><em>mari,</em></strong></span> <span class='ocrx_word' id='word_1_563' title='bbox 2320 3088 2369 3132; x_wconf 90' lang='lat' dir='ltr'><strong><em>et</em></strong></span> <span class='ocrx_word' id='word_1_564' title='bbox 2402 3081 2456 3131; x_wconf 91' lang='lat' dir='ltr'><strong><em>in</em></strong></span> <span class='ocrx_word' id='word_1_565' title='bbox 2492 3088 2635 3133; x_wconf 90' lang='lat' dir='ltr'><strong><em>terra</em></strong></span> <span class='ocrx_word' id='word_1_566' title='bbox 2668 3080 2848 3135; x_wconf 80' lang='lat' dir='ltr'><strong><em>vivunt</em></strong></span> <span class='ocrx_word' id='word_1_567' title='bbox 2880 3081 3143 3136; x_wconf 86' lang='lat' dir='ltr'><strong><em>animalia</em></strong></span> <span class='ocrx_word' id='word_1_568' title='bbox 3172 3083 3442 3153; x_wconf 84' lang='lat' dir='ltr'><strong><em>amphibiu</em></strong></span> <span class='ocrx_word' id='word_1_569' title='bbox 3471 3083 3712 3136; x_wconf 77' lang='lat' dir='ltr'><strong><em>consida-</em></strong></span> 
     </span>
    </p>
   </div>
   <div class='ocr_carea' id='block_1_67' title="bbox 2123 3169 3711 3244">
    <p class='ocr_par' dir='ltr' id='par_1_67' title="bbox 2123 3169 3711 3244">
     <span class='ocr_line' id='line_1_67' title="bbox 2123 3169 3711 3244; baseline 0.003 -22"><span class='ocrx_word' id='word_1_570' title='bbox 2123 3186 2327 3225; x_wconf 85' lang='lat' dir='ltr'><strong><em>ramns.</em></strong></span> <span class='ocrx_word' id='word_1_571' title='bbox 2359 3169 2534 3224; x_wconf 86' lang='lat' dir='ltr'><strong><em>Donec</em></strong></span> <span class='ocrx_word' id='word_1_572' title='bbox 2568 3173 2706 3225; x_wconf 89' lang='lat' dir='ltr'><strong><em>enim</em></strong></span> <span class='ocrx_word' id='word_1_573' title='bbox 2742 3171 3064 3228; x_wconf 83' lang='lat' dir='ltr'><strong><em>Tetraodion</em></strong></span> <span class='ocrx_word' id='word_1_574' title='bbox 3099 3181 3237 3239; x_wconf 89' lang='lat' dir='ltr'><strong><em>erat,</em></strong></span> <span class='ocrx_word' id='word_1_575' title='bbox 3267 3175 3406 3244; x_wconf 87' lang='lat' dir='ltr'><strong><em>quod</em></strong></span> <span class='ocrx_word' id='word_1_576' title='bbox 3438 3174 3492 3228; x_wconf 90' lang='lat' dir='ltr'><strong><em>in</em></strong></span> <span class='ocrx_word' id='word_1_577' title='bbox 3525 3183 3711 3228; x_wconf 88' lang='lat' dir='ltr'><strong><em>sancto</em></strong></span> 
     </span>
    </p>
   </div>
   <div class='ocr_carea' id='block_1_68' title="bbox 2117 3259 3713 3334">
    <p class='ocr_par' dir='ltr' id='par_1_68' title="bbox 2117 3259 3713 3334">
     <span class='ocr_line' id='line_1_68' title="bbox 2117 3259 3713 3334; baseline 0.003 -19"><span class='ocrx_word' id='word_1_578' title='bbox 2117 3259 2348 3315; x_wconf 83' lang='lat' dir='ltr'><strong><em>Sabbato</em></strong></span> <span class='ocrx_word' id='word_1_579' title='bbox 2398 3262 2695 3316; x_wconf 86' lang='lat' dir='ltr'><strong><em>concinitur</em></strong></span> <span class='ocrx_word' id='word_1_580' title='bbox 2747 3263 2950 3330; x_wconf 88' lang='lat' dir='ltr'><strong><em>melos,</em></strong></span> <span class='ocrx_word' id='word_1_581' title='bbox 3002 3265 3168 3318; x_wconf 89' lang='lat' dir='ltr'><strong><em>iambi</em></strong></span> <span class='ocrx_word' id='word_1_582' title='bbox 3219 3267 3543 3334; x_wconf 83' lang='lat' dir='ltr'><strong><em>principium</em></strong></span> <span class='ocrx_word' id='word_1_583' title='bbox 3594 3276 3713 3320; x_wconf 82' lang='lat' dir='ltr'><strong><em>erat</em></strong></span> 
     </span>
    </p>
   </div>
   <div class='ocr_carea' id='block_1_69' title="bbox 2118 3354 3717 3427">
    <p class='ocr_par' dir='ltr' id='par_1_69' title="bbox 2118 3354 3717 3427">
     <span class='ocr_line' id='line_1_69' title="bbox 2118 3354 3717 3427; baseline -0.001 -18"><span class='ocrx_word' id='word_1_584' title='bbox 2118 3354 2498 3420; x_wconf 89' lang='lat' dir='ltr'><strong><em>acrostichidis,</em></strong></span> <span class='ocrx_word' id='word_1_585' title='bbox 2526 3354 2671 3409; x_wconf 89' lang='lat' dir='ltr'><strong><em>illius</em></strong></span> <span class='ocrx_word' id='word_1_586' title='bbox 2699 3371 2905 3426; x_wconf 88' lang='lat' dir='ltr'><strong><em>nempe,</em></strong></span> <span class='ocrx_word' id='word_1_587' title='bbox 2930 3356 3022 3427; x_wconf 85' lang='lat' dir='ltr'><strong><em>qui</em></strong></span> <span class='ocrx_word' id='word_1_588' title='bbox 3047 3356 3351 3426; x_wconf 89' lang='lat' dir='ltr'><strong><em>incipiebat,</em></strong></span> <span class='ocrx_word' id='word_1_589' title='bbox 3382 3356 3717 3426; x_wconf 61' lang='grc' dir='ltr'>Προσάϐὅατ</span> 
     </span>
    </p>
   </div>
   <div class='ocr_carea' id='block_1_70' title="bbox 2117 3447 3714 3525">
    <p class='ocr_par' dir='ltr' id='par_1_70' title="bbox 2117 3447 3714 3525">
     <span class='ocr_line' id='line_1_70' title="bbox 2117 3447 3714 3525; baseline 0.001 -25"><span class='ocrx_word' id='word_1_590' title='bbox 2117 3447 2209 3502; x_wconf 86' lang='grc' dir='ltr'><strong><em>τόν</em></strong></span> <span class='ocrx_word' id='word_1_591' title='bbox 2235 3465 2295 3501; x_wconf 87' lang='grc' dir='ltr'><strong><em>τε</em></strong></span> <span class='ocrx_word' id='word_1_592' title='bbox 2324 3447 2608 3502; x_wconf 80' lang='grc' dir='ltr'>Σάϐϐατον</span> <span class='ocrx_word' id='word_1_593' title='bbox 2637 3448 2831 3519; x_wconf 86' lang='grc' dir='ltr'>μέλπω</span> <span class='ocrx_word' id='word_1_594' title='bbox 2868 3450 3046 3520; x_wconf 82' lang='grc' dir='ltr'>μέγα,</span> <span class='ocrx_word' id='word_1_595' title='bbox 3076 3450 3216 3503; x_wconf 79' lang='lat' dir='ltr'><strong><em>Ante</em></strong></span> <span class='ocrx_word' id='word_1_596' title='bbox 3246 3448 3548 3525; x_wconf 64' lang='lat' dir='ltr'><strong><em>Sabbatmn</em></strong></span> <span class='ocrx_word' id='word_1_597' title='bbox 3577 3448 3714 3502; x_wconf 83' lang='lat' dir='ltr'><strong><em>Sab-</em></strong></span> 
     </span>
    </p>
   </div>
   <div class='ocr_carea' id='block_1_71' title="bbox 2117 3538 3713 3611">
    <p class='ocr_par' dir='ltr' id='par_1_71' title="bbox 2117 3538 3713 3611">
     <span class='ocr_line' id='line_1_71' title="bbox 2117 3538 3713 3611; baseline -0.003 -16"><span class='ocrx_word' id='word_1_598' title='bbox 2117 3540 2308 3596; x_wconf 83' lang='lat' dir='ltr'><strong><em>batum</em></strong></span> <span class='ocrx_word' id='word_1_599' title='bbox 2344 3555 2482 3595; x_wconf 90' lang='lat' dir='ltr'><strong><em>cano</em></strong></span> <span class='ocrx_word' id='word_1_600' title='bbox 2518 3556 2802 3611; x_wconf 79' lang='lat' dir='ltr'><strong><em>magnum.</em></strong></span> <span class='ocrx_word' id='word_1_601' title='bbox 2839 3540 3007 3610; x_wconf 84' lang='lat' dir='ltr'><strong><em>Cujus</em></strong></span> <span class='ocrx_word' id='word_1_602' title='bbox 3042 3541 3205 3595; x_wconf 88' lang='lat' dir='ltr'><strong><em>iambi</em></strong></span> <span class='ocrx_word' id='word_1_603' title='bbox 3238 3540 3468 3594; x_wconf 86' lang='lat' dir='ltr'><strong><em>mediam</em></strong></span> <span class='ocrx_word' id='word_1_604' title='bbox 3498 3538 3713 3606; x_wconf 87' lang='lat' dir='ltr'><strong><em>quidem</em></strong></span> 
     </span>
    </p>
   </div>
   <div class='ocr_carea' id='block_1_72' title="bbox 2118 3628 3713 3704">
    <p class='ocr_par' dir='ltr' id='par_1_72' title="bbox 2118 3628 3713 3704">
     <span class='ocr_line' id='line_1_72' title="bbox 2118 3628 3713 3704; baseline -0.005 -17"><span class='ocrx_word' id='word_1_605' title='bbox 2118 3641 2322 3704; x_wconf 85' lang='lat' dir='ltr'><strong><em>partem</em></strong></span> <span class='ocrx_word' id='word_1_606' title='bbox 2358 3632 2637 3702; x_wconf 71' lang='lat' dir='ltr'><strong><em>praeripuit</em></strong></span> <span class='ocrx_word' id='word_1_607' title='bbox 2672 3647 2871 3703; x_wconf 88' lang='lat' dir='ltr'><strong><em>magna</em></strong></span> <span class='ocrx_word' id='word_1_608' title='bbox 2902 3632 3216 3696; x_wconf 82' lang='lat' dir='ltr'><strong><em>Parasceve,</em></strong></span> <span class='ocrx_word' id='word_1_609' title='bbox 3248 3646 3434 3700; x_wconf 88' lang='lat' dir='ltr'><strong><em>nempe</em></strong></span> <span class='ocrx_word' id='word_1_610' title='bbox 3469 3628 3713 3696; x_wconf 67' lang='grc' dir='ltr'>προσάϐ-</span> 
     </span>
    </p>
   </div>
   <div class='ocr_carea' id='block_1_73' title="bbox 2120 3722 3713 3792">
    <p class='ocr_par' dir='ltr' id='par_1_73' title="bbox 2120 3722 3713 3792">
     <span class='ocr_line' id='line_1_73' title="bbox 2120 3722 3713 3792; baseline -0.003 -17"><span class='ocrx_word' id='word_1_611' title='bbox 2120 3724 2284 3777; x_wconf 72' lang='grc' dir='ltr'>ϐατὸν</span> <span class='ocrx_word' id='word_1_612' title='bbox 2329 3739 2413 3786; x_wconf 86' lang='grc' dir='ltr'><strong><em>τε,</em></strong></span> <span class='ocrx_word' id='word_1_613' title='bbox 2457 3731 2587 3777; x_wconf 87' lang='lat' dir='ltr'><strong><em>ante</em></strong></span> <span class='ocrx_word' id='word_1_614' title='bbox 2643 3723 2973 3786; x_wconf 76' lang='lat' dir='ltr'><strong><em>Sabbatum,</em></strong></span> <span class='ocrx_word' id='word_1_615' title='bbox 3026 3722 3288 3792; x_wconf 87' lang='lat' dir='ltr'><strong><em>reliquum</em></strong></span> <span class='ocrx_word' id='word_1_616' title='bbox 3339 3736 3481 3779; x_wconf 84' lang='lat' dir='ltr'><strong><em>vero.</em></strong></span> <span class='ocrx_word' id='word_1_617' title='bbox 3525 3734 3713 3788; x_wconf 86' lang='lat' dir='ltr'><strong><em>nempe</em></strong></span> 
     </span>
    </p>
   </div>
   <div class='ocr_carea' id='block_1_74' title="bbox 2121 3815 3710 3885">
    <p class='ocr_par' dir='ltr' id='par_1_74' title="bbox 2121 3815 3710 3885">
     <span class='ocr_line' id='line_1_74' title="bbox 2121 3815 3710 3885; baseline -0.003 -17"><span class='ocrx_word' id='word_1_618' title='bbox 2121 3816 2403 3869; x_wconf 78' lang='grc' dir='ltr'>Σάϐὅατον</span> <span class='ocrx_word' id='word_1_619' title='bbox 2447 3815 2641 3885; x_wconf 78' lang='grc' dir='ltr'>μέλπω</span> <span class='ocrx_word' id='word_1_620' title='bbox 2688 3815 2853 3885; x_wconf 83' lang='grc' dir='ltr'>μέγα,</span> <span class='ocrx_word' id='word_1_621' title='bbox 2893 3815 3196 3870; x_wconf 83' lang='lat' dir='ltr'><strong><em>Sabbatum</em></strong></span> <span class='ocrx_word' id='word_1_622' title='bbox 3244 3828 3383 3868; x_wconf 87' lang='lat' dir='ltr'><strong><em>cano</em></strong></span> <span class='ocrx_word' id='word_1_623' title='bbox 3426 3827 3710 3882; x_wconf 85' lang='lat' dir='ltr'><strong><em>magnum,</em></strong></span> 
     </span>
    </p>
   </div>
   <div class='ocr_carea' id='block_1_75' title="bbox 2120 3909 3716 3976">
    <p class='ocr_par' dir='ltr' id='par_1_75' title="bbox 2120 3909 3716 3976">
     <span class='ocr_line' id='line_1_75' title="bbox 2120 3909 3716 3976; baseline -0.006 -11"><span class='ocrx_word' id='word_1_624' title='bbox 2120 3911 2216 3965; x_wconf 81' lang='lat' dir='ltr'><strong><em>hoc</em></strong></span> <span class='ocrx_word' id='word_1_625' title='bbox 2241 3911 2297 3964; x_wconf 90' lang='lat' dir='ltr'><strong><em>in</em></strong></span> <span class='ocrx_word' id='word_1_626' title='bbox 2325 3913 2436 3963; x_wconf 90' lang='lat' dir='ltr'><strong><em>loco</em></strong></span> <span class='ocrx_word' id='word_1_627' title='bbox 2465 3909 2704 3963; x_wconf 87' lang='lat' dir='ltr'><strong><em>relictum</em></strong></span> <span class='ocrx_word' id='word_1_628' title='bbox 2735 3918 2832 3964; x_wconf 84' lang='lat' dir='ltr'><strong><em>est.</em></strong></span> <span class='ocrx_word' id='word_1_629' title='bbox 2864 3911 3113 3963; x_wconf 79' lang='lat' dir='ltr'><strong><em>Attamen</em></strong></span> <span class='ocrx_word' id='word_1_630' title='bbox 3139 3923 3257 3961; x_wconf 87' lang='lat' dir='ltr'><strong><em>cum</em></strong></span> <span class='ocrx_word' id='word_1_631' title='bbox 3286 3922 3415 3976; x_wconf 87' lang='lat' dir='ltr'><strong><em>opus</em></strong></span> <span class='ocrx_word' id='word_1_632' title='bbox 3442 3912 3573 3958; x_wconf 88' lang='lat' dir='ltr'><strong><em>esset</em></strong></span> <span class='ocrx_word' id='word_1_633' title='bbox 3605 3918 3716 3956; x_wconf 82' lang='lat' dir='ltr'><strong><em>me—</em></strong></span> 
     </span>
    </p>
   </div>
   <div class='ocr_carea' id='block_1_76' title="bbox 2122 3998 3716 4074">
    <p class='ocr_par' dir='ltr' id='par_1_76' title="bbox 2122 3998 3716 4074">
     <span class='ocr_line' id='line_1_76' title="bbox 2122 3998 3716 4074; baseline -0.006 -16"><span class='ocrx_word' id='word_1_634' title='bbox 2122 4004 2201 4058; x_wconf 92' lang='lat' dir='ltr'><strong><em>los</em></strong></span> <span class='ocrx_word' id='word_1_635' title='bbox 2248 4003 2525 4074; x_wconf 86' lang='lat' dir='ltr'><strong><em>elongari,</em></strong></span> <span class='ocrx_word' id='word_1_636' title='bbox 2574 4011 2625 4056; x_wconf 88' lang='lat' dir='ltr'><strong><em>et</em></strong></span> <span class='ocrx_word' id='word_1_637' title='bbox 2671 4001 2985 4056; x_wconf 89' lang='lat' dir='ltr'><strong><em>Tetraodion</em></strong></span> <span class='ocrx_word' id='word_1_638' title='bbox 3033 4002 3225 4071; x_wconf 83' lang='lat' dir='ltr'><strong><em>integri</em></strong></span> <span class='ocrx_word' id='word_1_639' title='bbox 3271 3998 3490 4052; x_wconf 87' lang='lat' dir='ltr'><strong><em>canonis</em></strong></span> <span class='ocrx_word' id='word_1_640' title='bbox 3534 4003 3716 4067; x_wconf 85' lang='lat' dir='ltr'><strong><em>partes</em></strong></span> 
     </span>
    </p>
   </div>
   <div class='ocr_carea' id='block_1_77' title="bbox 2119 4088 3803 4167">
    <p class='ocr_par' dir='ltr' id='par_1_77' title="bbox 2119 4088 3803 4167">
     <span class='ocr_line' id='line_1_77' title="bbox 2119 4088 3803 4167; baseline -0.01 -15"><span class='ocrx_word' id='word_1_641' title='bbox 2119 4099 2394 4159; x_wconf 90' lang='lat' dir='ltr'><strong><em>sustinere,</em></strong></span> <span class='ocrx_word' id='word_1_642' title='bbox 2413 4096 2753 4167; x_wconf 85' lang='lat' dir='ltr'><strong><em>proportione</em></strong></span> <span class='ocrx_word' id='word_1_643' title='bbox 2784 4094 3019 4164; x_wconf 87' lang='lat' dir='ltr'><strong><em>quadam</em></strong></span> <span class='ocrx_word' id='word_1_644' title='bbox 3051 4104 3099 4146; x_wconf 86' lang='lat' dir='ltr'><strong><em>et</em></strong></span> <span class='ocrx_word' id='word_1_645' title='bbox 3132 4089 3434 4145; x_wconf 86' lang='lat' dir='ltr'><strong><em>acrostichis</em></strong></span> <span class='ocrx_word' id='word_1_646' title='bbox 3471 4088 3714 4157; x_wconf 86' lang='lat' dir='ltr'><strong><em>integra-</em></strong></span> <span class='ocrx_word' id='word_1_647' title='bbox 3799 4103 3803 4107; x_wconf 54' lang='grc' dir='ltr'><strong><em>ν</em></strong></span> 
     </span>
    </p>
   </div>
   <div class='ocr_carea' id='block_1_78' title="bbox 2123 4177 3715 4251">
    <p class='ocr_par' dir='ltr' id='par_1_78' title="bbox 2123 4177 3715 4251">
     <span class='ocr_line' id='line_1_78' title="bbox 2123 4177 3715 4251; baseline -0.008 -11"><span class='ocrx_word' id='word_1_648' title='bbox 2123 4198 2232 4251; x_wconf 77' lang='lat' dir='ltr'><strong><em>tur,</em></strong></span> <span class='ocrx_word' id='word_1_649' title='bbox 2275 4196 2324 4241; x_wconf 91' lang='lat' dir='ltr'><strong><em>et</em></strong></span> <span class='ocrx_word' id='word_1_650' title='bbox 2368 4186 2531 4242; x_wconf 90' lang='lat' dir='ltr'><strong><em>iambi</em></strong></span> <span class='ocrx_word' id='word_1_651' title='bbox 2576 4184 2752 4239; x_wconf 88' lang='lat' dir='ltr'><strong><em>mutili</em></strong></span> <span class='ocrx_word' id='word_1_652' title='bbox 2797 4183 2944 4250; x_wconf 88' lang='lat' dir='ltr'><strong><em>loco,</em></strong></span> <span class='ocrx_word' id='word_1_653' title='bbox 2974 4182 3189 4236; x_wconf 87' lang='lat' dir='ltr'><strong><em>iambus</em></strong></span> <span class='ocrx_word' id='word_1_654' title='bbox 3232 4181 3439 4246; x_wconf 83' lang='lat' dir='ltr'><strong><em>inteqer</em></strong></span> <span class='ocrx_word' id='word_1_655' title='bbox 3480 4177 3715 4230; x_wconf 79' lang='lat' dir='ltr'><strong><em>succedit</em></strong></span> 
     </span>
    </p>
   </div>
   <div class='ocr_carea' id='block_1_79' title="bbox 2122 4270 3798 4349">
    <p class='ocr_par' dir='ltr' id='par_1_79' title="bbox 2122 4270 3798 4349">
     <span class='ocr_line' id='line_1_79' title="bbox 2122 4270 3798 4349; baseline -0.008 -15"><span class='ocrx_word' id='word_1_656' title='bbox 2122 4281 2260 4335; x_wconf 86' lang='lat' dir='ltr'><strong><em>hunc</em></strong></span> <span class='ocrx_word' id='word_1_657' title='bbox 2295 4281 2349 4343; x_wconf 83' lang='lat' dir='ltr'><strong><em>in</em></strong></span> <span class='ocrx_word' id='word_1_658' title='bbox 2391 4283 2601 4335; x_wconf 89' lang='lat' dir='ltr'><strong><em>modum</em></strong></span> <span class='ocrx_word' id='word_1_659' title='bbox 2638 4294 2655 4335; x_wconf 92' lang='lat'><strong><em>:</em></strong></span> <span class='ocrx_word' id='word_1_660' title='bbox 2692 4281 2802 4333; x_wconf 75' lang='grc' dir='ltr'>Καὶ</span> <span class='ocrx_word' id='word_1_661' title='bbox 2837 4279 3083 4349; x_wconf 78' lang='grc' dir='ltr'>σήμερον</span> <span class='ocrx_word' id='word_1_662' title='bbox 3114 4273 3172 4328; x_wconf 79' lang='grc' dir='ltr'>δὲ</span> <span class='ocrx_word' id='word_1_663' title='bbox 3211 4273 3484 4327; x_wconf 79' lang='grc' dir='ltr'>σάϐϐατον</span> <span class='ocrx_word' id='word_1_664' title='bbox 3522 4270 3716 4341; x_wconf 87' lang='grc' dir='ltr'>μέλπω</span> <span class='ocrx_word' id='word_1_665' title='bbox 3792 4270 3798 4276; x_wconf 74' lang='grc'><em>’</em></span> 
     </span>
    </p>
   </div>
   <div class='ocr_carea' id='block_1_80' title="bbox 2128 4368 3568 4448">
    <p class='ocr_par' dir='ltr' id='par_1_80' title="bbox 2128 4368 3568 4448">
     <span class='ocr_line' id='line_1_80' title="bbox 2128 4368 3568 4448; baseline -0.007 -20"><span class='ocrx_word' id='word_1_666' title='bbox 2128 4375 2292 4448; x_wconf 83' lang='grc' dir='ltr'>μέγα.</span> <span class='ocrx_word' id='word_1_667' title='bbox 2326 4370 2395 4428; x_wconf 86' lang='lat' dir='ltr'><strong><em>Et</em></strong></span> <span class='ocrx_word' id='word_1_668' title='bbox 2425 4372 2591 4428; x_wconf 89' lang='lat' dir='ltr'><strong><em>hodie</em></strong></span> <span class='ocrx_word' id='word_1_669' title='bbox 2617 4386 2750 4428; x_wconf 74' lang='lat' dir='ltr'><strong><em>vero</em></strong></span> <span class='ocrx_word' id='word_1_670' title='bbox 2781 4368 3083 4427; x_wconf 81' lang='lat' dir='ltr'><strong><em>Sabbatum</em></strong></span> <span class='ocrx_word' id='word_1_671' title='bbox 3116 4381 3256 4423; x_wconf 85' lang='lat' dir='ltr'><strong><em>cano</em></strong></span> <span class='ocrx_word' id='word_1_672' title='bbox 3288 4379 3568 4437; x_wconf 69' lang='lat' dir='ltr'><strong><em>maguum.</em></strong></span> 
     </span>
    </p>
   </div>
  </div>
