4050 6398
333 394 469 460 1239

1462 434 1469 440 ι
1524 390 1922 452 THEODORI
1962 388 2372 453 PRODBOMI

3469 378 3613 445 1240

1261 701 1400 755 ΤΟΥ
1431 698 2004 757 ΦΙΛΟΣΟΦΩΤΛΤΟΥ
2054 703 2175 758 ΚΑΙ
2226 699 2661 757 ΛΟΓΙΩΤΑΤΟΥ

1863 861 2072 911 ΚΥΡΟΥ

702 1023 1635 1162 ΘΕΟΔΩΡΟΥ
1712 1020 2063 1155 ΤΟΥ
2153 1015 3243 1154 ΠΡΟΔΡΟΜΟΥ

1213 1266 2705 1461 ΕΠΙΣΤΟΛΑΙ.

1347 1722 1849 1782 SAPIENTISSIMI
1882 1723 1970 1780 ET
2002 1723 2594 1793 ELOQUENTISSIMI

1859 1884 2093 1937 DOMINI

890 2058 1904 2218 THEODORI

2025 2061 3041 2221 PRODROMI

1573 2357 2357 2473 EPISTOLfE.

1224 2560 1244 2616 ζ
1252 2559 1433 2611 Partim
1455 2572 1520 2611 ex
1545 2562 1964 2624 interpretatione
1994 2559 2189 2626 Lateri,
2211 2568 2390 2626 parum
2413 2576 2478 2613 ex
2509 2563 2725 2626 nostra.)

859 2863 939 2919 A'.
968 2893 1039 2905 —
1072 2862 1157 2931 Τῷ
1192 2865 1407 2935 ἐφόρφ.

424 2959 622 3029 Ἦμεῑς
646 2957 774 3027 μὲν,
820 2955 979 3011 ὀλϐία
1008 2973 1101 3027 μοι
1135 2960 1230 3011 καὶ
1280 2959 1569 3027 σοφωτάτη
1604 2960 1773 3030 ψυχὴ,
1804 2960 1923 3031 τρί-

337 3071 440 3124 την
462 3053 670 3124 ταύτην
702 3052 916 3122 ἡμέραν
942 3051 1083 3116 ὅλως
1109 3053 1588 3125 ἀναπεπταμένοις
1611 3055 1794 3118 ώτίοις
1822 3055 1924 3126 τῆς

340 3148 492 3218 ἱερᾶς
523 3163 620 3200 σου
660 3143 929 3215 χελιδόνος
955 3144 1171 3214 ἑαρινόν
1198 3160 1254 3199 τι
1293 3145 1457 3212 μέλος
1492 3145 1928 3217 καραδοκοῦντες

335 3237 627 3311 καθήμεθα
650 3254 667 3272 ο
694 3238 729 3309 ἡ
753 3236 811 3290 δὲ
840 3236 942 3291 οὐκ
967 3234 1066 3291 οἷδ’
1106 3239 1217 3291 εἴτε
1249 3237 1349 3308 τὴν
1379 3238 1656 3310 ἡμετέραν
1689 3237 1928 3309 ἐρημίαν

338 3327 736 3401 βδελυττομένη
772 3327 1020 3398 (εἰώθασι
1063 3328 1174 3399 γὰρ
1204 3329 1475 3399 χελιδόνες
1521 3329 1648 3391 τοὺς
1691 3329 1926 3382 πολυαν-

340 3421 723 3493 θρωποτέρους
747 3421 857 3474 τῶν
884 3421 1080 3491 χώρων
1115 3421 1316 3491 μᾶλλον
1344 3420 1702 3492 ¹ιτεριλαλεῖν),
1728 3421 1837 3474 είτε
1864 3420 1928 3473 τὸ

338 3515 471 3585 περὶ
498 3515 646 3584 ἡμᾶς
673 3513 1032 3583 δυσχείμερον
1074 3512 1526 3582 δυσχεραίνουσα,
1560 3514 1721 3584 σιγᾷν
1752 3512 1929 3565 ἐθέλει

338 3606 435 3658 καὶ
460 3604 542 3657 ἔτι
570 3607 670 3657 καὶ
697 3604 799 3675 τὴν
829 3604 1097 3675 μελῳδίαν
1139 3604 1577 3659 διαναϐἀλλεται·
1611 3604 1927 3674 διαφθονου-

342 3694 483 3765 μινη
521 3694 620 3765 μὲν
652 3696 787 3764 ἡμῖν
820 3694 917 3748 τοῦ
954 3694 1150 3764 μέλους
1181 3694 1283 3748 οὐκ
1318 3696 1388 3748 ἂν
1414 3696 1650 3764 εἴποιμι,
1674 3695 1931 3761 ἀναξίους

339 3785 389 3838 δ’
421 3785 550 3849 ἴσως
583 3785 846 3854 κρίνουσα
878 3786 977 3855 τῆς
1007 3786 1170 3857 ᾠδῆς.
1204 3785 1369 3840 Ἀλλά
1400 3786 1476 3859 μὴ
1514 3786 1579 3840 σύ
1613 3804 1700 3855 γε,
1735 3783 1781 3842 ὦ
1810 3788 1932 3859 βελ-

338 3877 499 3946 τίστη
547 3892 639 3946 μοι
677 3876 984 3947 χελιδόνων.
1033 3876 1223 3948 μακρά
1265 3878 1523 3948 σιγήσαις
1562 3878 1653 3931 τὸν
1680 3878 1931 3949 χειμῶνα

337 3966 472 4034 ἡμῖν
497 3966 839 4031 ικτείνουσα,
870 3965 986 4020 ἀλλ’
1017 3960 1171 4037 ᾆσον,
1190 3967 1287 4020 καὶ
1309 3965 1371 4020 τὸ
1401 3967 1502 4037 τῆς
1529 3966 1799 4038 θυμηδίας
1827 3968 1931 4036 ἔαρ

337 4060 405 4128 τῇ
443 4056 557 4129 ᾠδῇ
612 4057 1053 4129 σνμπαρένεγκε.
1099 4058 1162 4110 Εἰ
1202 4057 1313 4129 γὰρ
1355 4058 1486 4129 μίαν
1545 4059 1794 4129 χελιδόνα
1826 4058 1929 4130 ἔαρ

338 4148 610 4219 ἀκούομεν
651 4150 729 4220 μὴ
759 4151 959 4216 ποιεῖν,
993 4147 1131 4203 ἀλλά
1162 4151 1227 4202 ad
1271 4168 1336 4219 γε
1368 4150 1527 4205 τοῦτο
1558 4152 1819 4224 ποιήσῃς,
1842 4152 1925 4205 ὅτι

923 4324 964 4379 l.
997 4355 1068 4365 —
1099 4325 1347 4397 Ephoro.

414 4417 527 4473 Nos
547 4418 778 4488 quidem.
798 4433 828 4470 ο
848 4418 1060 4488 sapiens
1084 4417 1316 4487 felixque
1338 4419 1542 4482 anima,
1567 4424 1687 4488 post
1710 4417 1927 4471 tertium

338 4513 514 4582 ipsum
557 4511 697 4563 diem
741 4509 964 4563 arrectis
1009 4511 1222 4564 auribus
1265 4527 1435 4566 sacra:
1475 4511 1780 4565 hirundinis
1824 4519 1929 4564 tua:

338 4617 554 4655 carmen
590 4607 950 4671 exspectantes
982 4601 1242 4655 sedemus.
1279 4601 1400 4656 Hcce
1433 4611 1610 4656 autem
1645 4604 1821 4657 nescio
1856 4618 1929 4655 an

338 4701 581 4749 nostram
656 4696 793 4746 hanc
865 4692 1205 4746 solitudinem
1275 4705 1522 4747 aversata
1580 4700 1930 4765 (consuevere

339 4787 482 4841 enim
506 4784 811 4839 hirundines
835 4787 890 4840 in
913 4784 1347 4855 frequentissimis
1374 4778 1497 4839 locis
1520 4802 1629 4841 esse
1656 4778 1930 4858 loquacio-

336 4880 474 4947 res),
495 4895 566 4932 an
596 4878 805 4950 frigida:
828 4878 990 4946 huius
1022 4877 1347 4945 tempestatis
1373 4886 1597 4947 pertwsa
1626 4887 1802 4933 tacere
1830 4880 1901 4933 ad
1912 4909 1929 4921 -

339 4973 442 5026 huc
469 4969 580 5024 vult
612 4981 930 5041 cautumque
960 4986 1116 5023 suum
1145 4970 1357 5040 differre
1386 4971 1552 5039 pergit
1582 4972 1637 5024 in
1666 4972 1798 5024 dies.
1827 4971 1932 5025 Ne-

339 5080 441 5134 que
478 5066 618 5118 enim
657 5066 805 5118 nobis
842 5064 994 5118 illam
1032 5062 1268 5116 invidere
1305 5062 1480 5114 dicam
1515 5063 1761 5132 indignos
1800 5064 1936 5131 forte

339 5171 433 5208 nos
470 5171 582 5209 esse
616 5172 852 5210 censens.
890 5156 968 5210 Ne
1008 5164 1207 5220 taceas,
1245 5170 1275 5208 ο
1314 5155 1661 5208 hirundinum
1704 5156 1931 5225 optima,

338 5246 549 5301 silentio
580 5256 668 5300 tuo
699 5250 921 5302 hiemem
958 5246 1107 5301 nobis
1135 5247 1522 5301 diuturniorem
1538 5245 1794 5314 efﬁciens:
1824 5247 1930 5301 imo

339 5353 493 5400 cane,
532 5347 794 5406 cantuque
836 5342 972 5395 veris
1019 5340 1163 5394 nobis
1208 5337 1535 5409 voluptatem
1575 5349 1923 5407 repreesenta.

341 5427 459 5481 Etsi
491 5432 632 5484 enim
663 5432 832 5486 dicere
864 5431 1093 5486 solemus
1113 5473 1129 5498 ,
1161 5448 1252 5485 ver
1281 5432 1346 5485 ab
1382 5448 1489 5485 una
1523 5430 1808 5485 hirundine
1838 5446 1926 5482 ne-

338 5524 605 5589 quaquam
635 5522 791 5592 e/ﬁci,
824 5525 981 5594 facies
1014 5535 1067 5578 tu
1097 5532 1297 5591 tamen,
1322 5525 1448 5594 quia
1479 5523 1713 5593 reliquas
1740 5523 1930 5577 hirun—

410 5746 491 5825 (Ι)
518 5753 718 5825 γήθους
738 5754 867 5807 Cod.
907 5757 1025 5808 Vat.

413 5823 491 5890 (2)
527 5826 605 5880 Ita
644 5823 700 5876 in
732 5824 871 5878 (20d.
912 5836 1102 5882 nostro
1133 5846 1144 5880 :
1180 5845 1373 5886 sensus
1407 5830 1541 5887 satis
1574 5826 1927 5891 manifestus,

1956 2873 2010 2931 Α
2033 2886 2117 2923 τοι
2145 2871 2374 2927 καὶτῶν
2406 2870 2609 2924 λοιπῶν
2649 2872 2934 2942 χελιδόνων
2964 2870 3309 2937 δπέρκεισαι.
3354 2872 3418 2926 El
3445 2874 3554 2944 γὰρ
3583 2873 3617 2929 δ

2028 2955 2111 3024 εἷς
2140 2962 2325 3032 μυρίοι
2360 2963 2491 3033 παρ’
2530 2964 2894 3034 Ἡρακλείτῳ,
2925 2965 3022 3017 ἐὰν
3053 2964 3274 3035 ἀριστος
3300 2960 3356 3037 ᾗ,
3393 2965 3614 3029 πάντως

2034 3051 2130 3107 καὶ
2167 3055 2200 3124 ἡ
2239 3052 2338 3123 μία
2386 3052 2613 3124 χελιδὼν
2634 3055 2762 3131 ἀντὶ
2814 3054 3024 3125 μυρίων
3072 3053 3340 3122 λογίζοιτο
3383 3054 3474 3121 ἂν,
3516 3056 3617 3109 εὰν

2034 3145 2315 3216 κληρῶται
2365 3147 2429 3199 τὸ
2472 3146 2716 3215 ἄριστον.
2746 3148 2956 3218 Μυρίαι
3005 3146 3063 3199 δὲ
3110 3146 3377 3216 χελιδόνες
3421 3146 3616 3201 θᾶττον

2033 3239 2250 3302 πάντως
2281 3237 2381 3308 ἔαρ
2412 3241 2752 3309 ποιήσουσιν,
2784 3239 2860 3299 ὡς
2886 3238 3061 3306 ἔγωγε
3086 3238 3189 3310 ἤδη
3220 3238 3315 3291 καὶ
3344 3237 3445 3310 τὴν
3478 3240 3617 3309 ὴμέ-

2034 3347 2134 3399 ραν
2162 3329 2381 3398 ὲαρινὸν
2431 3330 2682 3397 γελῶσαν
2728 3330 2863 3400 ὁρῶ,
2897 3329 2992 3382 καὶ
3024 3327 3123 3400 τὴν
3158 3327 3388 3399 βοτάνην
3431 3328 3617 3398 ἠρέμα

2031 3421 2132 3491 τῆς
2158 3424 2261 3492 γῆς
2290 3422 2701 3491 ὑποφυομένην,
2733 3422 2828 3474 καὶ
2857 3422 2970 3483 τοῖς
3001 3417 3221 3474 ἄνθεσιν
3255 3415 3369 3473 οἷον
3396 3420 3467 3473 τά
3496 3420 3614 3474 δέν-

2031 3515 2135 3584 δρα
2172 3513 2525 3584 τριχούμενα.
2568 3513 2724 3569 Μετὰ
2751 3512 3010 3567 τοιούτων
3039 3528 3101 3565 σε
3149 3513 3258 3566 τῶν
3286 3511 3541 3572 ἐλπίδων.
3569 3505 3618 3565 ὦ

2032 3602 2154 3673 ἱερὰ
2193 3603 2402 3675 σειρὴν,
2442 3603 2815 3674 περιμένομεν
2844 3617 2859 3631 ⁶
2904 3600 2978 3671 μὴ
3003 3596 3135 3666 γοῦν
3178 3598 3274 3652 ἐπὶ
3316 3598 3428 3652 τῶν
3465 3596 3621 3651 ἑλπί-

2027 3694 2135 3748 δων
2157 3693 2238 3746 ἔτι
2255 3693 2531 3764 καθῆσθαι
2553 3694 2701 3764 ἡμᾶς
2723 3692 3015 3763 ἀπολίπῃς,
3034 3691 3149 3746 ἀλλ’
3175 3690 3407 3762 ἄμειψαι
3428 3693 3615 3762 γραφῇ

2030 3786 2130 3850 τὴν
2166 3785 2408 3854 γραφὴν,
2452 3783 2526 3854 μὴ
2568 3784 2908 3854 δυσχεράνας
2954 3784 3037 3837 ὅτι
3066 3800 3148 3836 τοι
3199 3783 3322 3837 sm
3368 3781 3617 3853 χαλκέων

2030 3875 2190 3938 δίδως
2216 3876 2285 3929 τὰ
2314 3875 2544 3946 χρύσεα,
2577 3874 2713 3928 ἀλλά
2767 3874 2968 3944 μᾶλλον
3014 3874 3217 3944 γήλους
3249 3872 3329 3945 (1)
3369 3872 3620 3942 ὑποπλη-

2034 3967 2204 4031 σθεὶς,
2234 3968 2319 4021 ὅτι
2366 3967 2544 4039 ψυχὴν
2586 3966 2799 4037 ἀνακτᾷ
2828 3965 3040 4036 μυρίων
3085 3964 3326 4037 ἀνιαρῶν
3367 3978 3622 4021 κατακω-

2033 4060 2269 4131 χιμένην
2308 4060 2407 4131 (2).
2443 4062 2717 4131 Ἔρρωσο.

1963 4332 2006 4387 Β
2034 4326 2183 4382 dines
2226 4326 2517 4383 antecellis.
2557 4325 2614 4382 Si
2657 4329 2799 4382 enim
2835 4342 2971 4382 unus
3009 4328 3103 4397 qui
3144 4328 3376 4398 optimus
3414 4289 3499 4381 sit;
3524 4342 3623 4396 pro

2036 4424 2213 4473 decem
2258 4419 2492 4475 millibus
2535 4428 2632 4485 est,
2676 4422 2840 4491 juxta
2884 4419 3258 4487 Heraclitum;
3297 4427 3349 4475 et
3392 4435 3503 4474 una
3542 4420 3626 4474 hi—

2036 4514 2209 4567 rundo
2229 4530 2323 4583 pro
2343 4514 2519 4567 decem
2547 4513 2776 4568 millibus
2800 4514 3101 4584 computari
3124 4512 3294 4578 debet,
3317 4513 3394 4567 sic
3416 4512 3621 4566 eveniat

2037 4622 2150 4674 esse
2180 4605 2335 4660 illam
2368 4608 2645 4677 optimam.
2680 4605 3042 4660 Hirundinum
3074 4620 3197 4659 vero
3231 4604 3410 4658 decem
3442 4601 3617 4658 millia

2036 4694 2258 4751 celerius
2287 4699 2501 4751 omnino
2531 4713 2621 4751 ver
2665 4698 2890 4767 facient;
2922 4705 2977 4749 ut
3009 4703 3060 4749 et
3110 4695 3369 4749 ridentem
3398 4709 3618 4749 vernum

2039 4803 2133 4859 ego
2177 4789 2315 4841 diem
2357 4789 2535 4843 videre
2576 4791 2770 4860 possim
2809 4797 2859 4843 et
2900 4790 3118 4844 herbam
3155 4805 3183 4842 e
3224 4788 3338 4842 solo
3382 4786 3620 4841 molliter

2037 4889 2400 4949 erumpentem
2415 4919 2442 4943 ,.
2459 4886 2617 4947 atque
2641 4880 2698 4933 in
2722 4878 3043 4950 capillorum
3067 4894 3266 4932 morem
3289 4878 3503 4932 arbores
3524 4877 3623 4948 ﬂo-

2039 4974 2182 5026 ribus
2210 4981 2448 5026 onustas.
2481 4970 2637 5024 Hanc
2676 4988 2820 5042 spem
2849 4972 3079 5041 foventes
3106 4978 3177 5036 te,
3204 4988 3234 5024 ο
3258 4987 3414 5025 sacra
3439 4968 3618 5034 Siren,

2032 5074 2421 5135 exspectamus.
2442 5063 2522 5118 Ne
2537 5080 2660 5135 ergo
2676 5071 2954 5135 postquam
2978 5066 3073 5119 hoc
3093 5064 3424 5132 speravimus
3450 5062 3623 5117 adhuc
3672 5054 3677 5069 ’

2034 5157 2111 5210 ita
2144 5157 2345 5209 morari
2374 5156 2541 5221 sinas,
2569 5155 2660 5209 sed
2686 5156 2921 5227 epistolis
2950 5154 3204 5226 epistolas
3235 5154 3499 5227 repende;
3528 5169 3623 5207 nec

2036 5249 2341 5317 dedignere.
2375 5245 2518 5316 quod
2546 5262 2643 5315 pro
2686 5264 2791 5301 a're
2820 5257 2876 5301 tu
2908 5264 3102 5302 aurum
3132 5246 3413 5310 exhibeas;
3444 5244 3621 5316 gaude

2035 5342 2209 5410 potius
2249 5339 2389 5409 quod
2424 5340 2664 5394 animum
2706 5339 2839 5394 leves
2880 5342 3139 5396 sexcentis
3179 5340 3431 5395 utrumuis
3468 5337 3626 5392 obru-

2035 5442 2167 5487 tum.
2202 5431 2346 5486 Vale.

2034 5773 2160 5811 vera
2193 5758 2358 5815 lectio
2376 5760 2642 5823 obscura;
2672 5755 2812 5812 forte
2832 5753 3358 5824 κατακωκυομὲνην,
3397 5751 3624 5822 ploran-

2043 5837 2173 5883 tem.
