4050 6426
383 418 518 487 1ἒ41

1561 436 1886 496 SCRIPTA
1925 439 2489 505 MlSCELLANEA.

3542 438 3683 503 12ίὲ

376 535 567 628 ιδ’-οῖ,
584 536 1076 628 εὺιξξρκζῖήριρς
1124 542 1205 628 τῷ
1259 545 1686 628 macerantes-
1717 564 1974 628 τίρωτεκς
2002 560 2049 616 Α
2077 553 2266 606 τεσθαι
2291 554 2427 623 πρὸς
2450 554 2541 608 τὸν
2570 555 2943 626 ὑμνητηριονς
2973 556 3036 609 Et
3061 555 3116 609 δὲ
3142 558 3235 609 καὶ
3263 555 3297 609 ἀ
3324 557 3449 626 χεὶρ
3476 555 3553 628 (ί)
3576 559 3680 613 τάν

450 607 620 684 brium,
689 611 788 684 grai
846 607 1345 682 opsaarorpdgctpf
1367 607 1531 684 κὺρῷ
1584 607 1834 684 Ἀλεξῗῳ
1893 619 1972 684 τῷ

463 674 823 745 Ἀριστήνῳ.

450 813 585 872 Εἶτα
620 819 892 887 τραγῳδοὶ
939 820 1040 891 μὲν
1071 822 1164 875 καὶ
1210 822 1684 894 διθυραμϐοποιοὶ,
1717 828 1972 884 θεσπέσιε

376 911 636 978 δέσποτα,
659 910 887 982 (μέτρον
919 912 976 965 δὲ
1004 915 1034 967 ὁ
1082 914 1441 986 διθύραμῶς,
1474 919 1534 971 ἑν
1582 919 1836 991 Κορίνθῳ
1874 923 1973 991 μὲν

377 1002 684 1073 εὑρημένον
715 1003 821 1056 ὑπὸ
864 1003 1122 1075 Ἀρίωνος
1167 1009 1265 1060 τοῦ
1300 1007 1696 1080 Μηθύμνηθεν,
1734 1012 1870 1065 πολὺ
1914 1013 1973 1067 δὲ

374 1096 438 1148 τὸ
468 1094 822 1160 ἐνθουσιῶδες
844 1098 982 1167 μετά
1005 1100 1224 1170 χορείας
1244 1098 1368 1170 ἔχον
1395 1103 1490 1155 καὶ
1512 1101 1819 1175 βακχικδν),
1845 1104 1973 1174 βοῦν

375 1203 498 1239 τινα
557 1187 718 1256 μόνον
767 1187 802 1257 ἢ
852 1190 1107 1261 ἀμφορέα
1157 1190 1372 1244 ἔπαθλα
1428 1193 1529 1263 τῆς
1558 1193 1705 1266 ᾠδῆς
1749 1196 1973 1266 κομιζό-

380 1297 558 1349 μενοι,
592 1280 743 1349 ὅμως
762 1281 865 1352 οὐχ
892 1281 1126 1351 ὑφίεσαν
1154 1283 1259 1352 τῆς
1286 1285 1487 1357 ὁρμῆς,
1518 1287 1640 1339 οὐδὲ
1669 1288 1972 1344 ἐνεδίδοσαν

375 1371 940 1443 διθυραμὸῳδοῦντες,
968 1373 1000 1445 ἢ
1033 1376 1440 1446 τραγῳδοῦντες
1467 1393 1481 1408 ⁶
1516 1378 1629 1445 ἐγὼ
1648 1379 1727 1444 δὲ,
1758 1381 1970 1451 μικρῶν

375 1464 485 1515 τῶν
526 1464 619 1516 ἐπὶ
646 1465 728 1516 σοὶ
776 1463 1059 1536 ῥημάτων,
1097 1468 1191 1521 καὶ
1219 1467 1375 1521 οὐδέν
1421 1485 1475 1523 τι
1503 1469 1636 1524 ἀλλο
1685 1471 1718 1541 ἢ
1753 1470 1968 1527 εὔνοιαν

380 1555 550 1624 μόνην
576 1553 1060 1627 προϐεϐλημένων,
1092 1559 1362 1624 τοσαύτας
1397 1562 1490 1614 καὶ
1520 1561 1662 1616 οὕτω
1704 1564 1969 1633 μεγίστας

376 1645 797 1715 ἀντιλαμϐάνων
823 1647 924 1712 τὰς
972 1651 1230 1720 ἀμοιϐὰς,
1261 1653 1356 1706 καὶ
1386 1653 1518 1706 αὐτὸ
1546 1654 1610 1725 δὴ
1652 1655 1835 1719 τοῦτο,
1868 1657 1968 1728 τὴν

2080 646 2239 713 χεῖρα
2287 644 2448 709 vita,
2484 645 2546 697 τὸ
2588 646 3001 718 Ἐπιχάρμειον,
3038 648 3132 700 καὶ⁵
3178 648 3257 717 τῷ
3304 648 3432 719 δότῃ
3489 647 3677 701 δίδωσί

2075 751 2180 798 τις,
2218 735 2280 788 τὸ
2320 734 2614 789 Ἡσιόδειον
2646 738 2742 806 (2),
2779 740 2873 791 καὶ
2918 739 3010 791 τὸν
3050 739 3243 803 ξύοντα
3273 737 3568 804 ἀντιξύειν,
3604 740 3671 809 τῇ

2080 827 2357 897 παροιμίᾳ
2389 828 2466 895 (5)
2498 827 2665 891 δοκεῖ,
2700 830 2795 882 καὶ
2836 830 2999 900 χάρις
3035 832 3184 883 ἐστὶν
3215 830 3248 900 ἡ
3279 831 3541 883 τίκτουσα
3570 830 3673 900 χά-

2078 932 2166 982 ριν
2202 914 2305 985 (4),
2336 917 2479 970 κατά
2522 917 2620 987 τὴν
2660 919 2975 987 τραγῳδίαν
2997 933 3009 946 ·
3046 918 3162 982 πῶς
3192 920 3253 972 οὐ
3289 922 3388 981 τὰς
3441 919 3675 989 Ὁμηρι-

2075 1007 2181 1070 ut;
2212 1024 2304 1075 μοι
2333 1009 2644 1079 χρησθῆναι
2674 1009 2924 1076 γλώσσας
2964 1006 3251 1079 εὐξαίμην,
3281 1011 3375 1063 καὶ
3404 1010 3674 1081 περιστή-

2076 1097 2267 1151 σεσθαί
2301 1116 2369 1169 με
2403 1099 2505 1169 τὴν
2536 1102 2865 1171 οἰκουμένην
2895 1101 3045 1169 ὃλην,
3073 1102 3148 1165 ὡς
3179 1101 3424 1172 θέατρον,
3460 1102 3548 1155 ἵνα
3574 1117 3673 1154 σου

2074 1192 2167 1246 ἀπὶ
2198 1195 2335 1247 πᾶσι
2369 1194 2433 1247 τὸ
2455 1193 2735 1264 ἐγκώμιον
2761 1194 3288 1265 ὑψηλολογήσωμακ

2149 1286 2313 1339 Ἰστω
2371 1286 2504 1352 γοῦν
2537 1287 2769 1356 οὐρανὸς
2822 1288 3082 1358 ὕπερθεν,
3144 1289 3278 1341 ῐστω
3314 1288 3373 1342 δὲ
3426 1287 3674 1341 κάτωθεν

2073 1373 2144 1443 γῆ
2173 1390 2187 1404 ⁶
2218 1375 2355 1429 ἵστω
2393 1374 2454 1428 δὲ
2482 1375 2551 1428 τὰ
2596 1374 2758 1429 λοιπὰ
2803 1377 2912 1429 τῶν
2943 1377 3253 1447 στοιχείων,
3286 1378 3320 1448 ἡ
3348 1376 3443 1429 τοῦ
3479 1377 3672 1442 ὓδατος

2073 1469 2263 1540 φύσις,
2289 1472 2323 1540 ἡ
2356 1470 2454 1525 τοῦ
2484 1472 2644 1541 ἀέρος
2678 1472 2855 1542 χύσις,
2889 1475 2922 1545 ἡ
2950 1473 3047 1527 τοῦ
3076 1476 3250 1543 πυρὸς
3280 1474 3671 1545 λεπτομέρεια,

2070 1562 2146 1624 ὡς
2186 1562 2298 1615 ἰδοὺ
2334 1563 2402 1616 τὰ
2455 1565 2611 1635 χείλη
2647 1582 2749 1635 μου
2798 1566 2860 1617 οὐ
2891 1567 2968 1637 μὴ
3017 1564 3270 1630 κωλύσω,
3304 1565 3465 1619 τοῦτο
3506 1567 3569 1636 δὴ
3610 1567 3674 1620 τὸ

2073 1652 2228 1723 παρὰ
2252 1653 2333 1724 τῷ
2360 1654 2530 1708 Δαόῖδ
2551 1655 3034 1728 ψαλτῳδούμενον,
3067 1656 3163 1710 τοῦ
3193 1659 3466 1721 παντοίως
3498 1659 3674 1729 ὑμνη-

377 1736 594 1807 ὐψηλήν
623 1753 718 1791 σου
761 1738 1016 1807 γλῶσσαν
1047 1743 1143 1796 καὶ
1197 1743 1351 1812 ἱερὰν
1391 1745 1490 1812 τῆς
1522 1747 1662 1817 ἐμῆς
1690 1747 1969 1812 οὐθενείας
2072 1747 2258 1813 γορεῖν
2295 1763 2377 1799 σοι
2422 1749 2491 1800 τὰ
2541 1751 2892 1819 χαριστήρια.
2926 1748 3039 1801 Καὶ
3082 1748 3259 1803 ταῦτα
3290 1750 3530 1819 διῆλθον,
3567 1750 3668 1820 οὐχ

376 1822 650 1892 πολλαχοῦ
703 1827 799 1878 καὶ
843 1827 1105 1892 πολλάκις
1167 1831 1415 1886 πλουτῶν
1468 1835 1855 1905 ἐπιμνήμονα,
1904 1838 1966 1891 οὐ
2071 1836 2154 1889 ὅτι
2189 1838 2253 1891 σὺ
2299 1838 2398 1906 τῆς
2429 1838 2582 1891 κάτω
2630 1838 2727 1891 καὶ
2773 1840 3110 1909 φαινομένης
3153 1839 3313 1909 δόξης
3362 1841 3531 1908 ὲρᾷς³
3559 1837 3670 1891 οὐδ’

376 1914 558 2004 πάντα
601 1916 743 1967 κατά
793 1917 966 1970 νώτου
1014 1917 1242 1989 θέμενος
1288 1923 1355 1975 τά
1386 1923 1571 1989 λοιπὰ,
1604 1924 1664 1978 ἒν
1692 1927 1852 1980 τοῦτο
1881 1928 1969 1983 διὰ
1995 1945 2045 2004 Β
2072 1930 2157 1984 ὅτι
2190 1931 2291 2000 τῆς
2325 1930 2385 1996 ὲξ
2414 1932 2722 2001 ἀνθρώπων
2756 1933 3036 2002 εὐφημίας
3064 1933 3246 2002 ἥττων
3280 1933 3660 2003 καθέστηκας,

378 2001 497 2072 βίου
534 2005 715 2074 μόνον,
762 2006 860 2078 τὴν
891 2008 989 2078 σὴν
1034 2011 1335 2081 εὐφημίαν,
1369 2016 1845 2088 προχειριξοίμην,
1891 2020 1969 2084 ὡς
1996 2001 2033 2004 ὴ
2074 2022 2217 2092 ἀνὴρ
2252 2022 2455 2085 παντὸς
2488 2024 2713 2076 ἐπαίνου
2739 2001 3004 2093 κρείττων
3030 2001 3344 2093 γενόμενος,
3376 2023 3473 2077 καὶ
3501 2001 3669 2086 αὐτὸς

378 2096 455 2166 μὴ
485 2097 647 2166 μόνον
662 2099 891 2163 ἑπτάκις
921 2118 978 2154 σε
1008 2104 1106 2173 τῆς
1133 2104 1346 2174 ἡμέρας
1370 2108 1564 2169 αἰνεῖν,
1590 2109 1705 2163 ἀλλ’
1734 2112 1964 2186 ἀπειρά-
2067 2115 2150 2176 εἰς
2181 2114 2353 2182 ὕμνον
2400 2115 2689 2185 ἀποχρέων
2715 2114 2917 2186 ἐαυτῷ,
2962 2115 3066 2169 κᾶν
3112 2116 3397 2184 ἄνθρωποι
3448 2115 3668 2183 σιωπή.-

374 2204 464 2250 κις
493 2190 758 2259 ἀπείρως,
790 2194 840 2246 εί
871 2188 983 2246 οἷόν
1013 2211 1071 2247 τε
1093 2196 1252 2249 τοῦτο
1283 2200 1478 2263 ποιεῖν,
1512 2200 1608 2254 καὶ
1631 2203 1689 2255 ἐν
1721 2205 1833 2265 τοῖς
1856 2205 1970 2267 σοῖς
2069 2223 2266 2276 σαιμεν
2295 2224 2310 2239 ³
2346 2209 2462 2262 ἀλλ’
2514 2210 2598 2262 ὅτι
2640 2225 2723 2261 τοι
2767 2209 2828 2262 τὸ
2861 2208 2961 2278 τῆς
3019 2208 3344 2278 ἀχαριστίας
3383 2205 3497 2274 ἐγὼ
3527 2205 3664 2259 πολὺ

373 2282 684 2353 ἀδολεσχεῖν
734 2285 1070 2358 δικαιώμασι
1121 2291 1220 2360 τὴν
1269 2293 1566 2363 καλλίστην
1613 2295 1819 2366 ταύτην
1871 2298 1968 2351 καὶ
2070 2300 2179 2371 πρὸ
2208 2301 2317 2354 τῶν
2364 2301 2543 2354 ἄλλων
2582 2299 2861 2368 ἐπιτίμιον
2914 2299 3154 2362 δέδοικα,
3195 2299 3290 2351 καὶ
3343 2298 3667 2351 ὑποστέλλο-

373 2376 518 2439 ὅλοις
554 2378 867 2448 προφήταις
915 2382 1383 2454 ἀδολεσχεουμένην
1427 2385 1786 2457 ἀδολεσχίαν;
1821 2389 1964 2442 Καί-
2074 2392 2173 2463 μαί
2200 2408 2284 2461 γε,
2325 2393 2426 2463 τὴν
2454 2394 2755 2461 παροιμίαν
2786 2391 2889 2461 (5),
2922 2393 2996 2463 μή
3034 2408 3099 2463 με
3124 2394 3241 2452 τοὶς
3272 2391 3662 2461 μυριζομένοις

371 2483 456 2519 τοι
502 2468 621 2532 πῶς
656 2470 724 2523 ἂν
754 2472 841 2541 εἴη
896 2471 1057 2526 τοῦτο
1114 2474 1193 2545 μὴ
1243 2476 1505 2540 ἐπιεικῶς
1562 2479 1812 2549 ἀνοήτου,
1866 2481 1962 2534 καὶ
2071 2481 2464 2555 συγκατατάξῃ
2519 2485 2752 2553 νεκροῖς.
2790 2482 3025 2536 Ἔπειτα
3084 2481 3316 2552 εὐχομαι
3368 2483 3499 2544 τοὺς
3561 2481 3663 2549 μὲν

370 2559 565 2631 τιόρρω
598 2561 919 2632 φιλοσοφίας
947 2564 1287 2629 ἐλαύνοντος,
1311 2567 1373 2620 ὃν
1404 2568 1511 2621 ἔδει
1535 2571 1630 2623 καὶ
1666 2572 1805 2624 κατά
1833 2573 1960 2642 κοτ’)⁴
2067 2574 2332 2641 ἀγαθοὺς,
2467 2574 2533 2628 ἂν
2565 2569 2673 2636 οἷός
2706 2589 2764 2626 τε
2792 2567 2860 2639 ὧ,
2894 2573 3186 2644 εὐφημεῖν,
3221 2572 3412 2641 ψέγειν
3436 2572 3491 2624 δὲ
3524 2571 3664 2641 μηδὲ

372 2651 478 2720 ρης
515 2654 809 2723 παιόμενον
841 2656 947 2710 ὑπὸ
980 2657 1097 2723 σοῦ,
1143 2660 1237 2711 καὶ
1282 2659 1594 2731 ὠθούμενον
1624 2663 1728 2716 ὐπὸ
1757 2664 1962 2734 τράχη-
2066 2669 2194 2727 τοὺς
2229 2665 2461 2728 κακοὺς,
2490 2656 2839 2718 δικαιότατον
2866 2663 3055 2716 τοῦτον
3086 2663 3254 2731 φόόον
3295 2661 3660 2731 φοϐούμενος,

370 2741 484 2805 λον,
515 2745 611 2796 καὶ
639 2744 693 2797 τί
718 2746 843 2827 οὐχὶ
883 2747 1166 2802 πάνδεινον
1194 2749 1492 2820 πάσχοντα,
1528 2753 1721 2821 ὑμνεῖν
1765 2771 1825 2806 σε
1860 2756 1958 2807 καὶ
2066 2760 2140 2828 μή
2170 2776 2255 2821 τις
2283 2761 2378 2811 καὶ
2411 2759 2580 2812 πάλιν
2611 2757 2805 2826 Τίμων
2838 2755 3105 2826 νεώτερος
3131 2756 3339 2824 ἀγαθόν
3368 2771 3436 2823 με
3471 2755 3663 2823 ψέγειν

368 2831 534 2895 0cm”-
586 2836 679 2890 καὶ
728 2837 818 2890 διὰ
859 2838 1104 2908 γλώττης
1160 2842 1316 2909 ἄγειν
1363 2844 1636 2913 εὐφήμου,
1673 2846 1814 2899 αἱδοῖ
1867 2856 1999 2899 σου¹
2063 2854 2585 2924 προσαγορεύσειεν,
2638 2852 2713 2915 ὡς
2752 2854 2779 2905 ὀ
2813 2852 3048 2913 παλαιὸς
3098 2852 3304 2912 ἐκεῖνος
3354 2849 3445 2902 τὸν
3477 2848 3663 2901 Σπεύ-

368 2932 588 2997 πάντως
633 2935 733 3004 τῆς
757 2936 980 3007 ἀρετῆς,
1029 2937 1241 3003 τοῦτον,
1285 2940 1381 2992 καὶ
1424 2934 1484 2992 εὖ
1518 2939 1816 3010 πάσχοντα,
1866 2943 1964 2995 καὶ
2064 2960 2286 2996 σιππον.
2325 2943 2434 2995 Καὶ
2477 2940 2655 3004 ἄλλως
2704 2941 2783 3006 δὲ,
2821 2942 2998 2994 εἶκαὶ
3039 2940 3115 3010 μὴ
3152 2939 3216 2992 σύ
3263 2939 3375 2991 τῶν
3417 2937 3661 2992 ἐπαίνων

373 3026 599 3095 μυρίαις
639 3026 793 3090 ὅσαις
818 3030 942 3091 ταῖς
982 3029 1169 3098 χάρισι
1212 3029 1578 3100 δεξιούμενον,
1612 3032 1705 3083 νῦν
1757 3032 1858 3101 μὲν
1894 3036 1959 3103 τῇ
2059 3036 2179 3106 δέῃ,
2215 3035 2353 3087 ἀλλὰ
2388 3034 2484 3087 σοῦ
2532 3036 2581 3086 οἱ
2629 3034 2841 3087 ἔπαινοι
2879 3035 3113 3098 δέονται,
3144 3033 3204 3085 οὐ
3257 3031 3461 3099 μᾶλλον
3502 3033 3662 3083 ἐπαι-

350 3104 513 3187 ⁵χειρί
560 3132 677 3182 σου,
720 3117 815 3173 νῦν
862 3119 919 3172 δὲ
957 3122 1024 3191 τῇ
1059 3118 1297 3191 γλώττῃ,
1351 3119 1514 3190 σχολῇ
1567 3119 1663 3173 καὶ
1708 3121 1958 3191 ἀπομύτ-
2066 3104 2285 3190 νούντες
2312 3125 2346 3196 ἦ
2376 3125 2462 3180 διὰ
2490 3122 2585 3180 τοῦ
2611 3127 2854 3178 ἐπαινεῖν
2888 3125 3293 3193 ἐπαινούμενοι.
3336 3119 3521 3193 Ὑμνῶ
3548 3121 3658 3192 γὰρ

363 3322 433 3379 Π.
468 3352 537 3364 -
570 3320 791 3397 Gratias
827 3323 940 3393 agit
973 3321 1174 3397 Alexio
1213 3322 1499 3397 Aristono,
1537 3326 1945 3396 nomophylaci.
1977 3334 2022 3395 (ζ
2057 3328 2232 3392 ιαυαι,
2262 3336 2319 3380 ut
2349 3327 2703 3397 Epicharmus
2734 3327 2890 3390 dicit,
2921 3333 3011 3379 aut
3044 3324 3091 3377 si
3119 3322 3272 3376 danti
3300 3323 3393 3374 dat
3426 3319 3653 3391 aliquis,

434 3392 754 3487 protecdico
780 3402 837 3447 et
865 3392 1352 3487 orphsnotropho,
1383 3396 1454 3487 oi)
1491 3396 1683 3451 laudes
1710 3392 1861 3466 'qu'as
1902 3398 1948 3453 is

2064 3428 2116 3471 ut
2145 3428 2221 3472 est
2255 3421 2309 3474 in
2342 3392 2588 3483 Ilesiodo,
2617 3429 2711 3472 aut
2737 3419 2782 3471 si
2810 3418 3091 3487 {ricantem
3122 3413 3340 3483 refricat
3364 3452 3378 3476 ,
3410 3422 3466 3465 ut
3494 3420 3571 3465 est
3600 3413 3656 3465 in

434 3466 490 3519 in
524 3464 703 3533 ipsum
736 3478 838 3533 pro
868 3464 1138 3520 concione
1168 3466 1464 3521 effuderat.

435 3595 677 3667 Tragoedi
713 3612 776 3649 ac
808 3590 1184 3667 dithyrambici
1218 3608 1382 3668 poeta:
1402 3639 1417 3661 ,
1452 3600 1663 3654 domine
1696 3598 1949 3655 illustris-

358 3691 490 3742 sime
529 3693 632 3759 (est
676 3698 857 3743 autem
915 3689 1278 3760 dithyrambus
1349 3702 1574 3746 metrum
1615 3694 1692 3747 'ab
1755 3694 1951 3748 Arione

360 3778 752 3851 Methymnensi
787 3782 1079 3845 inventum,
1099 3781 1457 3835 enthusiasmo
1493 3799 1554 3834 ac
1586 3781 1865 3835 saltationi
1899 3793 1947 3835 et

358 3871 785 3927 Bacchanalibus
813 3872 1044 3942 aptum),
1076 3872 1255 3927 bovem
1284 3873 1573 3943 simplicem
1607 3883 1700 3928 aut
1730 3876 1951 3945 ampho—

361 3982 479 4018 ram
508 3965 663 4035 pretii
691 3963 805 4018 loco
834 3974 1190 4035 reportantes,
1221 3966 1465 4019 bacchari
1495 3974 1542 4019 et
1568 3968 1725 4037 genio
1749 3968 1948 4037 poetico

358 4056 634 4129 indulgere
665 4058 1067 4113 continuabant.
1101 4057 1218 4127 Ego
1251 4071 1461 4123 autem,
1494 4060 1584 4129 qui
1618 4076 1713 4130 pro
1746 4061 1947 4130 exiguis

359 4149 429 4201 ad
458 4156 509 4202 te
535 4149 703 4203 verbis
730 4166 794 4204 ex
822 4150 1071 4203 benevolo
1101 4151 1279 4203 animo
1308 4151 1530 4220 prolatis
1560 4153 1950 4205 remuneratio-

266 4238 275 4244 “
357 4259 479 4296 nem
511 4242 630 4314 plus
663 4259 824 4313 quam
857 4244 1103 4297 meritam
1138 4243 1364 4305 obtineo,
1402 4243 1639 4313 linguam
1674 4252 1823 4297 tuam
1855 4263 1945 4299 sa-

357 4352 507 4391 cram
542 4353 661 4408 qute
697 4338 767 4391 ad
802 4338 1142 4406 exiguitatem
1181 4353 1354 4391 meam
1393 4344 1705 4407 comparata
1744 4338 1947 4406 primas

355 4432 458 4501 fert
495 4441 695 4502 partes,
728 4431 948 4484 minime
979 4431 1173 4501 spretis
1211 4439 1303 4485 aut
1342 4428 1591 4497 neglectis
1625 4431 1830 4484 caeteris
1864 4447 1949 4484 re-

354 4521 475 4583 bus,
506 4536 601 4591 per
632 4529 800 4574 totam
833 4520 997 4575 vitam
1032 4527 1180 4574 tuam
1213 4519 1583 4573 tantummodo
1620 4518 1832 4574 laudem
1864 4536 1948 4573 ce-

356 4613 690 4677 lebraverim,
724 4621 779 4666 ut
815 4629 917 4667 non
948 4611 1123 4667 solum
1151 4615 1338 4682 septies
1367 4621 1418 4665 te
1445 4611 1680 4683 quotidie
1703 4611 1743 4679 ',
1769 4613 1859 4666 sed
1890 4615 1945 4667 in

355 4703 647 4773 inﬁnitum,
675 4704 721 4760 si
748 4704 868 4772 fieri
900 4711 1092 4769 potest,
1124 4703 1447 4772 collaudem,
1483 4712 1532 4756 et
1564 4704 1621 4758 in
1654 4703 1947 4759 cxaltanda
1982 4689 2021 4742 Β

355 4800 563 4866 iustitia
617 4808 710 4854 tua
759 4797 1119 4867 eloquentiam
1173 4799 1440 4870 prophetis
1486 4798 1705 4866 dignam
1758 4814 1948 4870 expro-

354 4909 519 4948 mam.
553 4892 664 4948 Hoc
692 4910 815 4948 vero
847 4895 1071 4948 hominis
1103 4894 1244 4950 male
1269 4896 1390 4949 sani
1420 4904 1469 4950 et
1503 4893 1566 4948 ab
1599 4896 1744 4949 omni
1776 4895 1947 4966 philo-

351 4985 536 5055 sophia
572 4985 737 5040 alieni
773 4986 953 5057 fuerit,
988 5005 1144 5058 quem
1177 5006 1210 5042 a
1245 4996 1296 5042 te
1328 4988 1598 5043 verberari
1631 4997 1850 5042 strenue
1885 5004 1948 5041 ac

351 5081 604 5149 castigari
644 5096 745 5149 par
784 5089 937 5144 esset,
979 5081 1237 5151 siquidem
1276 5089 1325 5136 et
1363 5082 1439 5136 sic
1480 5088 1529 5136 te
1571 5080 1754 5153 lingua
1797 5080 1950 5135 blan-

351 5172 525 5224 diente
568 5171 774 5241 hymnis
814 5172 1065 5238 celebrat,
1107 5182 1156 5227 te
1199 5175 1290 5244 qui
1333 5175 1505 5243 ipsum
1550 5173 1665 5229 licet
1710 5175 1948 5228 maxima

353 5280 473 5318 eam
511 5264 730 5334 fortuna
767 5266 1146 5337 amplectatur,
1183 5284 1346 5321 manu
1385 5284 1447 5322 ac
1488 5267 1674 5339 lingua
1714 5275 1950 5322 tractare

353 5361 410 5409 ut
445 5366 697 5424 meretur,
735 5374 789 5412 es
828 5358 1143 5414 destinatus.
1178 5356 1237 5413 Si
1276 5368 1457 5413 autem
1497 5375 1687 5414 manus
1729 5376 1952 5414 manum

427 5536 443 5568 ³
478 5535 828 5603 Psal,cxvm,
864 5536 986 5592 164.
1065 5535 1251 5594 Ῥείιι.
1278 5553 1468 5606 xxxix,
1504 5538 1590 5592 10.

430 5687 509 5760 (ι)
533 5686 695 5760 (Ioni.
731 5689 871 5760 Plat.
912 5690 963 5743 in
994 5690 1183 5747 Asiae.
1222 5697 1261 5743 ι.
1291 5689 1383 5756 III,
1421 5705 1474 5760 p.
1504 5687 1631 5757 556,
1661 5690 1720 5747 C.

418 5758 498 5826 (ε)
533 5755 769 5829 lic-siml.
793 5758 895 5829 ορ.
937 5775 989 5815 ν.
1031 5761 1138 5816 355

356 5828 711 5954 δὲῦἶηῇτξι.
739 5828 845 5886 0r.
869 5829 917 5895 1,
955 5846 1050 5899 pro
1103 5829 1233 5885 IV"
1270 5834 1416 5903 viris,
1450 5848 1498 5890 ς.
1534 5830 1657 5903 Ml,
1692 5841 1727 5887 t.
1765 5833 1821 5898 Π,
1881 5850 1935 5902 p.

432 5939 448 5966 ,
487 5939 581 5953 IIII!
624 5939 677 5956 υ.

2058 3508 2363 3580 proverbio,
2394 3520 2487 3563 aut
2510 3510 2555 3562 si
2583 3510 2758 3580 gratia
2786 3509 2879 3560 dat
2906 3508 3169 3577 gratiam,
3193 3514 3251 3557 ut
3283 3503 3462 3556 dicunt
3488 3512 3655 3569 poeta:

2058 3604 2247 3673 tragici
2281 3618 2299 3656 :
2341 3602 2601 3673 quomodo
2642 3618 2749 3656 non
2790 3600 3130 3654 Homericam
3172 3595 3440 3667 loquelam
3480 3602 3655 3665 optem

2056 3695 2219 3759 mihi,
2246 3704 2301 3748 ut
2334 3712 2513 3748 coram
2545 3695 2787 3748 omnibus
2818 3702 2972 3747 terra:
3002 3689 3188 3745 incolis
3222 3689 3291 3744 ad
3321 3688 3507 3742 caelum
3538 3685 3658 3740 lau-

2057 3786 2147 3840 des
2172 3794 2292 3840 tuas
2323 3789 2538 3858 eﬁeram
2560 3788 2586 3841 I’

2130 3878 2274 3934 Sciat
2326 3881 2489 3951 igitur
2536 3880 2723 3934 coelum
2770 3893 3019 3948 superne,
3066 3876 3199 3930 sciat
3257 3883 3437 3938 terra;
3483 3873 3655 3927 sciant

1998 3982 2012 4002 '
2057 3982 2251 4028 cwtera
2284 3972 2566 4035 elementa,
2601 3988 2756 4041 aqua:
2791 3981 3007 4033 natura,
3045 3969 3185 4022 aeris
3223 3969 3479 4027 mixtura,
3515 3966 3655 4034 ignis

2054 4065 2353 4125 subtilitas,
2388 4064 2526 4133 quod
2561 4064 2718 4117 labiis
2755 4064 2882 4115 meis
2918 4077 3023 4114 non
3061 4058 3363 4139 temperabo
3394 4066 3443 4108 et
3478 4056 3655 4126 quod,

2057 4156 2128 4210 ad
2158 4155 2376 4210 Davidis
2399 4154 2802 4226 psalmographi
2820 4150 3117 4220 exemplum
3137 4152 3181 4209 ³.
3201 4151 3341 4204 dona
3363 4158 3455 4203 tua
3486 4150 3655 4202 inces-

2054 4259 2238 4304 santer
2261 4258 2423 4304 cantu
2454 4248 2678 4303 celebro.
2708 4247 2831 4301 Hazc
2860 4254 3040 4299 autem
3070 4244 3186 4297 dico
3218 4260 3321 4298 non
3352 4243 3506 4314 quasi
3533 4241 3652 4311 glo-

2055 4341 2151 4395 riae
2189 4341 2452 4395 terrestris
2487 4353 2738 4411 vaua’que
2770 4345 2827 4389 tu
2856 4335 3078 4406 cupidus
3110 4337 3180 4389 sis
3203 4376 3218 4401 ,
3252 4344 3344 4388 aut
3379 4334 3655 4388 hominum

2058 4434 2300 4489 laudibus
2335 4433 2630 4497 seducaris,
2672 4442 2729 4483 tu
2765 4431 2855 4501 qui
2892 4431 3037 4484 omni
3072 4427 3329 4498 pauegyri
3364 4426 3541 4496 major
3573 4440 3648 4487 es,

2055 4527 2146 4599 qui
2174 4529 2252 4582 tui
2283 4528 2446 4599 ipsius
2472 4542 2525 4581 es
2552 4526 2798 4597 hymnus,
2830 4522 2951 4577 licet
2983 4539 3077 4576 nos
3105 4522 3285 4576 ca'teri
3308 4519 3520 4574 silentio
3546 4519 3665 4572 cir-

2056 4628 2193 4673 tutes
2227 4626 2345 4671 tuas
2379 4626 2795 4688 praetereamus;
2825 4614 2917 4667 sed
2946 4614 3071 4683 quia
3104 4612 3374 4682 ingratum
3409 4610 3652 4662 animum

2051 4713 2193 4766 inter
2216 4702 2446 4780 pessima
2479 4724 2615 4779 pono
2646 4705 2800 4768 vitia,
2829 4714 2879 4758 et
2910 4703 3048 4775 quod
3078 4705 3255 4765 timeo,
3286 4718 3371 4761 ne,
3401 4710 3456 4753 ut
3488 4711 3563 4753 est
3594 4701 3655 4755 in.

2052 4802 2355 4872 proverbio,
2384 4799 2609 4853 mortuis
2640 4796 2864 4850 conditis
2896 4795 3084 4850 similis
3114 4795 3334 4849 habear.
3372 4791 3501 4846 Tum
3530 4807 3655 4861 pre-

2054 4911 2163 4961 cor,
2199 4900 2256 4947 ut
2294 4894 2453 4947 bonos
2489 4907 2584 4962 pro
2616 4890 2759 4945 virili
2795 4898 2948 4961 parte
2984 4886 3221 4949 laudem,
3261 4884 3430 4939 malos
3468 4893 3650 4937 autem

2052 5004 2117 5042 ne
2143 4987 2436 5057 objurgem,
2470 4986 2524 5039 id
2554 5002 2745 5055 magno
2772 5001 2894 5040 meo
2916 4985 3046 5055 jure
3076 4991 3202 5037 ante
3236 4983 3416 5035 omnia
3456 4979 3649 5031 timens

2056 5095 2121 5133 ne
2156 5078 2291 5133 alter
2324 5077 2468 5131 Timo
2500 5094 2580 5132 me
2617 5078 2707 5147 qui
2739 5079 2903 5131 bonus
2938 5092 3078 5138 sum,
3115 5076 3415 5142 vituperare
3448 5086 3652 5140 praesu-

2057 5180 2204 5237 mat,
2254 5181 2310 5225 ut
2358 5174 2608 5243 antiquus
2655 5170 2747 5224 ille
2792 5172 2873 5225 vir
2917 5167 3291 5237 Speusippum.
3335 5163 3482 5218 Illud
3523 5178 3649 5216 vero

2056 5267 2185 5321 scito
2215 5266 2354 5336 quod
2380 5266 2427 5318 si
2457 5274 2512 5319 tu
2545 5280 2650 5317 non
2683 5261 2839 5316 laude
2871 5277 2987 5333 eges
3008 5301 3022 5324 ,
3053 5269 3190 5313 certe
3220 5257 3403 5312 laudes
3433 5266 3484 5309 te
3515 5271 3649 5324 opus

2058 5358 2249 5413 habent
2282 5359 2343 5410 ob
2379 5358 2539 5411 uicem
2577 5358 2921 5426 reciprocam.
2965 5351 3127 5406 Valde
3158 5352 3297 5405 enim
3331 5348 3465 5404 illud
3501 5348 3645 5401 Cice-

2778 5595 2807 5623 δ

2238 5688 2503 5769 §ophocL
2665 5702 2717 5739 v.

2122 5753 2447 5885 {Elian-usui.
2510 5753 2681 5829 Adag.
2728 5758 2857 5813 clzii.
2904 5758 2989 5826 Ill,
3050 5764 3192 5813 cent.
3228 5753 3313 5822 Ill,
3345 5756 3504 5827 alios.
3539 5754 3633 5820 50,

2051 5847 2114 5887 cc
2146 5872 2156 5885 .
2303 5870 2317 5883 .

2062 5954 2107 5968 -

2230 6029 2259 6043 ρ
