4050 6428
410 410 547 477 1243

1640 430 2042 491 ΤΗΕΟΒΟΒῐ
2071 430 2470 492 PRODROM-l

3534 424 3676 488 124i

402 525 516 592 ἐγὼ
546 529 766 581 κάκεῖνο
798 531 858 582 τὸ
881 530 976 584 τοῦ
1016 535 1352 604 Κικέρωνος,
1384 539 1412 591 ὃ
1445 541 1581 611 πρὸς
1623 542 1717 596 τὸν
1749 561 1982 614 στρατη-
2008 556 2059 613 Α
2087 548 2255 610 πόσος
2301 550 2483 616 κρῖναι
2550 545 2836 615 ποιήματα
2892 540 3146 607 πέφυκας
3172 555 3186 601 ;
3259 536 3561 605 Ἐθρέψατό
3614 555 3676 589 σε

401 618 705 685 γικὼτατον
736 623 966 677 Κάτωνα
999 625 1097 694 (6),
1146 626 1399 699 Ῥωμαίω
1431 630 1474 683 δ’
1501 632 1670 701 ἄμφω
1698 633 1774 686 τὼ
1800 636 1982 704 ἄνδρε,

406 711 587 779 σοφῶς
632 714 1047 783 ἀπεφθέγξατο·
1081 721 1144 773 El
1174 723 1271 775 καὶ
1311 724 1386 794 μὴ
1419 725 1617 779 Κάτων
1645 726 1813 780 δεῖται
1851 727 1987 779 Ῥώ-

407 817 535 870 μης,
570 801 762 869 είπὼν,
789 805 907 859 ἀλλ’
937 809 968 878 ή
1007 807 1194 881 Ῥώμη
1227 814 1504 878 Κάτωνος.

461 892 547 965 ,⁸0
585 896 684 961 μὲν
736 893 831 951 οὖν
879 899 1160 968 Ἀθηναῖος
1218 904 1512 975 φιλόσοφος
1554 903 1724 976 (οἶδας
1771 908 1833 959 τὸ
1889 909 1987 974 τῆς

404 985 785 1057 πρεσϐυτέρας
826 989 987 1060 εὖχος
1033 993 1391 1063 Ἀκαδημίας,
1447 997 1539 1050 τδν
1580 999 1843 1052 Πλάτωνα
1883 998 1986 1071 [7])

403 1074 636 1130 ἕκαστον
664 1078 774 1130 τῶν
808 1080 907 1149 τῆς
938 1083 1070 1152 παρ’
1113 1084 1280 1138 αὐτοῦ
1320 1085 1681 1157 πολιζομένης
1712 1089 1989 1152 πολιτείας

404 1166 617 1235 ἀνδρῶν
652 1171 781 1238 μιᾶς
817 1188 965 1235 τινος
998 1174 1090 1228 καὶ
1131 1176 1301 1246 μόνης
1340 1173 1482 1233 εἶναι
1511 1180 1763 1249 τεχνίτην
1794 1181 1990 1250 τέχνης

405 1258 803 1330 νενομοθέτηκε
827 1277 841 1291 ⁸
880 1264 1014 1332 μηδὲ
1057 1266 1167 1337 γὰρ
1218 1268 1310 1321 τδν
1350 1269 1637 1339 φιλόσοφον
1676 1273 1805 1337 περὶ
1838 1272 1992 1325 δικα-

408 1351 600 1420 στικὴν
655 1354 960 1423 ὲστράφθαι
990 1357 1189 1427 χρῆναι
1228 1361 1323 1414 καὶ
1368 1363 1622 1432 νομικὴν,
1677 1363 1813 1433 μηδὲ
1860 1365 1989 1435 περὶ

408 1441 731 1512 φιλοσοφίαν
756 1442 913 1508 αὖθις
938 1448 1027 1501 τὸν
1054 1450 1339 1523 δικαστὴν,
1365 1453 1432 1506 ἵν’
1460 1452 1603 1506 οὕτω
1631 1456 1752 1517 ταῖς
1773 1456 1990 1524 τέχναις

408 1536 472 1589 τὸ
507 1538 678 1609 ἄκρον
736 1542 830 1593 καὶ
860 1542 923 1595 τὸ
964 1540 1025 1598 εὖ
1071 1546 1433 1616 περιγένοιτο.
1468 1548 1532 1601 Ei
1583 1549 1639 1601 δέ
1681 1565 1766 1611 τις
1822 1548 1988 1613 ἔλθοι,

412 1630 548 1700 φησι
598 1630 697 1701 (8),
757 1634 1001 1698 ποικίλος
1054 1637 1194 1707 ἀνὴρ
1240 1638 1334 1692 καὶ
1386 1640 1752 1704 παντοδαπὸς,
1801 1639 1992 1693 τοῦτον

412 1727 744 1791 προσκυνεῖν
780 1727 882 1795 μὲν
920 1729 1013 1781 καὶ
1042 1729 1430 1801 ἀποδέχεσθαι,
1460 1733 1534 1796 ὡς
1562 1734 1707 1805 ἱερὸν
1731 1734 1828 1789 καὶ
1859 1734 1993 1787 θαυ-

414 1814 642 1882 μαστόν,
672 1817 1053 1885 ἀποφαίνεται,
1088 1821 1169 1886 είς
1210 1822 1404 1891 ἑτέραν
1432 1823 1475 1876 δ’
1523 1825 1672 1895 ὅμως
1705 1826 1859 1879 πόλιν
1905 1828 1995 1878 έκ-

2097 638 2427 707 Ῥητορικήο
2489 637 2585 689 καὶ
2636 634 2734 703 φεῦ
2787 632 2895 684 τῶν
2925 631 3026 696 τῆς
3076 627 3299 688 πειθοῦς
3345 628 3550 694 ιύγγων
3583 626 3681 677 καὶ

2087 731 2196 783 τῶν
2229 730 2534 800 σειρήνωνι
2573 729 2696 790 ὅσος
2735 727 2832 794 μὲν
2882 720 3308 792 συμϐουλεῦσαι,
3355 719 3479 779 ὅσος
3519 716 3573 769 δὲ
3601 716 3681 767 δι-

2089 821 2364 875 κάσασθαι
2401 820 2668 889 πέφηνας,
2702 818 2795 870 καὶ
2843 817 2967 875 ὅσος
3001 815 3098 883 μὲν
3130 811 3216 864 διὰ
3260 809 3509 877 γλώττης
3537 824 3680 876 προ-

2091 909 2387 963 ϐάλλεσθαι
2412 909 2473 962 τὸ
2504 908 2716 977 νοηθὲν,
2747 908 2869 966 ὅσος
2897 904 2953 955 δὲ
2985 903 3078 954 καὶ
3123 901 3294 969 χάρτῃ
3329 897 3677 967 ἐπισημήνα-

2094 1002 2221 1056 σθαι
2254 1002 2371 1069 (9);
2420 1000 2749 1067 Πολυεύκτῳ
2804 998 2904 1067 μὲν
2941 990 3036 1047 οὖν
3088 993 3167 1061 τῷ
3222 989 3476 1060 Σφηττίῳ
3527 987 3679 1055 σοφῷ

2093 1096 2278 1164 ῥήτωρ
2312 1093 2411 1163 μὲν
2436 1092 2658 1161 ἄριστος
2685 1088 3062 1160 Δημοσθένης,
3095 1087 3270 1139 εἰπεῖν
3294 1083 3351 1137 δὲ
3375 1082 3680 1144 δεινότατος

2089 1185 2319 1236 Φωκίων
2371 1180 2835 1253 προσηγορεύετο,
2869 1179 2945 1242 ὡς
2997 1177 3191 1231 τούτου
3230 1175 3329 1245 μὲν
3381 1176 3586 1227 ἐκεῖνον
3616 1175 3678 1224 έν

2092 1271 2170 1342 τῷ
2211 1272 2524 1342 ῥητορεύειν
2552 1273 2647 1324 καὶ
2675 1272 2927 1340 γράφειν,
2958 1267 3170 1321 ἐκείνου
3205 1264 3263 1318 δὲ
3289 1264 3478 1317 τοῦτον
3512 1264 3568 1315 ἐν
3596 1261 3678 1331 τῷ

2090 1364 2270 1431 λέγειν
2327 1365 2421 1416 καὶ
2471 1363 2802 1434 δημηγορεῖν
2853 1358 3304 1431 ὑπερόόιλλοντος.
3352 1356 3425 1407 Σὺ
3476 1354 3532 1406 δὲ
3582 1358 3678 1406 καὶ

2093 1456 2181 1508 ἐπ’
2212 1458 2416 1525 ἀμφοῖν
2442 1453 2801 1525 κεκλήρωσας
2836 1452 2961 1525 (sic)
2995 1454 3056 1505 τὸ
3086 1450 3396 1517 εὐδόκιμον,
3428 1448 3546 1507 ταῖς
3578 1446 3677 1514 μὲν

2097 1548 2409 1618 ῥητορείαις
2430 1547 2523 1601 τὸν
2543 1545 2878 1616 Δημοσθένη,
2906 1545 3026 1606 ταῖς
3051 1543 3103 1595 δὲ
3125 1539 3490 1610 δημηγορίαις
3516 1537 3678 1606 ὕπερ-

2094 1638 2422 1708 6αλλόμενος
2451 1637 2544 1691 τὸν
2585 1636 2866 1691 Φωκίωνα.
2900 1633 3182 1704 Ἤνδρωσέ
3229 1648 3290 1684 σε
3338 1629 3473 1700 μετὰ
3504 1628 3678 1681 ταῦτα

2094 1732 2278 1801 Νόμος
2305 1730 2401 1785 καὶ
2428 1730 2774 1800 Νομοθετική
2796 1744 2811 1760 ⁸
2835 1728 2931 1781 καὶ
2957 1725 3058 1796 φεῦ
3089 1726 3189 1792 τῆς
3214 1720 3545 1782 εὑθυδικίας,
3576 1720 3681 1787 τῆς

2101 1821 2426 1895 ίσορρεποῦς
2460 1820 2816 1888 πλάστιγγος,
2863 1818 2958 1871 τοῦ
2988 1816 3233 1879 κανόνος,
3272 1813 3371 1883 τῆς
3408 1811 3680 1881 στάθμης,

412 1905 651 1972 πέμπειν
680 1908 811 1978 ἐρίῳ
843 1910 1112 1981 πρότερον
1151 1912 1531 1982 στεψαμένους
1572 1917 1734 1969 αὐτὸν
1763 1917 1858 1970 καὶ
1892 1915 1994 1985 μύ-
2026 1907 2067 1962 Β
2094 1913 2195 1980 τῆς
2232 1911 2386 1982 ἱερᾶς
2417 1909 2668 1980 θέμιδοςί
2706 1909 2829 1970 ὅσος
2867 1908 2964 1977 μὲν
2998 1905 3231 1959 ἀκοῦσαι
3270 1902 3406 1974 μετὰ
3435 1900 3683 1971 πραότη-

414 2013 507 2065 ρον
530 1997 671 2049 κατὰ
684 1998 786 2068 τῆς
810 2001 1052 2069 κεφαλῆς
1066 2004 1385 2072 χεαμένους.
1406 2006 1565 2069 Ἴσως
1587 2006 1696 2077 γὰρ
1718 2006 1996 2077 θειοτέρας

413 2088 577 2142 αὐτὸν
604 2090 757 2160 ἠξίου
785 2095 880 2145 καὶ
911 2093 974 2145 οὐ
1006 2095 1147 2148 κατὰ
1173 2095 1460 2163 ἄνθρωπον
1498 2099 1596 2167 τῆς
1625 2102 1809 2168 τιμῆς.
1844 2100 1907 2152 Εἰ
1930 2100 1993 2171 δὴ

415 2180 510 2231 καὶ
574 2181 738 2251 ἡμεῖς
786 2182 875 2235 ἐπ’
913 2184 1129 2255 ἐκείνης
1175 2181 1320 2261 ἦμεν
1373 2190 1470 2258 τῆς
1533 2189 1831 2252 πολιτείας,
1872 2191 1995 2244 τίνα

413 2267 577 2321 ἄλλον
608 2270 800 2341 ἐχρῆν,
832 2272 880 2323 εἰ
911 2274 985 2342 μὴ
1023 2273 1103 2335 σὲ,
1136 2274 1419 2342 σοφώτατε
1451 2278 1788 2346 νομοφύλαξ,
1820 2294 1993 2346 προσ-

417 2360 720 2427 κυνηθῆναι
758 2362 857 2430 μὲν
889 2363 987 2417 καὶ
1032 2365 1420 2435 ἀποδεχθῆναι,
1450 2366 1525 2429 ὠς
1567 2368 1735 2437 ἱερὸν,
1768 2368 1999 2438 στεφθῆ-

416 2467 510 2503 ναι
535 2450 591 2503 δὲ
622 2452 723 2520 τὴν
756 2453 1025 2523 κεφαλὴν,
1062 2455 1158 2508 καὶ
1200 2456 1262 2508 τὸ
1293 2457 1465 2527 μύρον
1502 2457 1888 2529 περιχυθῆναι,
1923 2459 1999 2521 ὡς

414 2542 477 2594 τὸ
515 2543 698 2608 είκός;
742 2544 849 2596 Καὶ
901 2545 985 2607 τίς
1019 2546 1128 2617 γὰρ
1180 2547 1458 2613 ἄλλος,ὡς
1504 2553 1593 2614 σὺ,
1627 2550 1850 2613 πολλαῖς
1902 2550 1999 2620 μὲν

346 2650 352 2656 ‘
417 2636 635 2704 τέχναις
666 2638 760 2688 καὶ
804 2640 1133 2708 ἐπιστήμαις
1168 2640 1469 2711 ὡμίληκεν,
1516 2643 1747 2696 ἀπασῶν
1790 2643 1848 2695 δὲ
1881 2643 2001 2695 τού-

416 2743 526 2780 των
549 2728 646 2790 τὰς
672 2728 999 2797 ἀκροπόλεις
1026 2730 1389 2800 κατείληφεν;
1427 2732 1716 2801 Ἐμαίευσέ
1745 2750 1800 2784 σε
1821 2733 2002 2801 Γραμ-

423 2820 629 2889 ματική
657 2832 672 2847 ⁸
710 2821 804 2873 καὶ
832 2820 935 2888 φεῦ
972 2821 1073 2891 τῆς
1097 2822 1443 2893 ὀρθολεξίαςῐ
1487 2825 1608 2886 ὅσος
1657 2824 1755 2893 μέν
1800 2828 1998 2896 ἐτυμο-

417 2912 606 2981 λογίαν
634 2912 833 2982 εὑρεῖν,
862 2914 984 2979 ὅσος
1013 2916 1072 2969 δὲ
1120 2916 1410 2987 ἀναλογίαν
1442 2916 1785 2987 ἐκλέξασθαι,
1817 2919 1908 2972 καὶ
1942 2920 2001 2971 ό-

2098 2023 2186 2068 τος
2236 2004 2638 2072 ἀναπέφανσαι,
2670 2003 2795 2064 ὅσος
2830 2001 2886 2054 δὲ
2929 1997 3326 2070 ψηφηφορῆσαι
3361 1994 3496 2065 μετὰ
3523 1992 3686 2046 εὐθύ-

2095 2088 2280 2167 τητος,
2308 2096 2383 2166 μὴ
2410 2094 2651 2159 δεκάζων
2688 2094 2891 2164 κρίσιν,
2936 2091 3010 2161 μὴ
3057 2087 3371 2161 προσώπου,
3407 2087 3479 2158 μὴ
3507 2086 3684 2155 δώρου

2095 2188 2258 2258 λῆψιν
2294 2187 2400 2256 πρὸ
2445 2186 2545 2250 τῆς
2595 2184 2858 2252 ἀληθείας
2910 2182 3229 2250 τιθέμενος;
3277 2178 3550 2251 Ἐῤῥίφθω
3576 2177 3685 2246 γὰρ

2094 2281 2269 2333 έκεῖνο
2290 2277 2384 2332 τοῦ
2412 2277 2574 2340 ἔπους
2607 2279 2702 2330 καὶ
2736 2274 3221 2338 ἁπεσκυϐαλίσθω,
3253 2274 3281 2325 δ
3309 2287 3444 2341 φησι
3466 2284 3482 2299 ο

2097 2373 2261 2440 Δῶρα
2293 2370 2468 2437 θεοὺς
2502 2371 2709 2437 πείθει,
2745 2368 2881 2439 δῶρ’
2911 2369 3181 2433 αἰδοίους
3206 2363 3520 2432 βασιλῆας
3546 2363 3684 2435 (10).

2099 2466 2169 2518 Σὺ
2202 2465 2301 2534 μὲν
2341 2464 2535 2532 ὕμνεις
2561 2464 2688 2525 τοὺς
2719 2462 2926 2527 Μίνως,
2957 2461 3231 2531 ἄνθρωπε,
3263 2459 3358 2512 καὶ
3392 2459 3518 2515 τοὺς
3559 2456 3688 2507 Ῥα-

2097 2558 2435 2628 δαμάνθυας,
2466 2555 2593 2618 τοὺς
2644 2556 2787 2608 οὕτω
2835 2552 3276 2624 μεγαλοπρεπεῖς
3312 2550 3407 2603 καὶ
3452 2548 3687 2618 σεμνοὺς

2097 2649 2378 2715 δικαστὰς,
2410 2648 2486 2712 ὡς
2508 2646 2651 2700 κατὰ
2683 2647 2846 2707 κυνὸς
2878 2646 3014 2715 (Η).
3042 2645 3074 2713 ἢ
3106 2643 3290 2714 χηνὸς,
3339 2641 3372 2711 ἢ
3409 2639 3686 2693 πλατάνου

2102 2734 2402 2801 ὀμνύοντας
2455 2734 2751 2804 πρότερον,
2799 2733 2993 2786 ἔπειτα
3041 2732 3116 2795 ὡς
3167 2732 3261 2784 ὑπ’
3320 2728 3552 2798 ἀσφαλεῖ
3593 2728 3689 2779 καὶ

2108 2825 2309 2896 βεϐαίῳ
2342 2825 2419 2895 τῷ
2452 2827 2602 2896 ὅρκῳ
2626 2825 2906 2892 περαίνειν
2930 2824 2991 2877 τὸ
3018 2823 3405 2895 ψηφηφόρημα
3427 2837 3441 2852 ·
3474 2819 3549 2879 ὼς
3580 2830 3691 2867 κα-

2104 2919 2189 2973 λοὶ
2228 2919 2338 2991 γάρ
2387 2935 2481 2971 σου
2516 2919 2563 2970 οῖ
2616 2918 2891 2983 δικασταὶ,
2943 2916 3039 2970 καὶ
3070 2916 3210 2980 ἄξιοι
3259 2914 3476 2989 νεκροῖς
3532 2910 3692 2978 θεμι-

421 3078 565 3129 ranis
604 3073 765 3144 probo
806 3073 949 3145 quod
980 3074 1048 3128 ad
1084 3074 1339 3130 Catonem
1377 3074 1551 3129 virum
1591 3073 1729 3129 bello
1771 3076 1999 3129 maxime
2026 3081 2068 3138 c
2104 3076 2350 3139 renibus;
2380 3082 2428 3127 te
2456 3079 2525 3129 ad
2551 3073 2931 3128 consulendum
2956 3078 3279 3142 promptum,
3309 3069 3380 3123 ad
3398 3070 3493 3138 jus
3517 3069 3693 3121 dicen-

329 3217 345 3230 ,
414 3173 713 3228 strenuum,
757 3165 1030 3220 Romanus
1072 3168 1143 3220 ad
1183 3166 1503 3231 Romanum,
1540 3167 1671 3221 dixit
1713 3181 1732 3221 :
1774 3166 1834 3223 Si
1872 3168 2002 3222 Cato

419 3254 587 3309 Roma
617 3273 747 3325 opus
776 3273 879 3310 non
908 3257 1083 3321 habet,
1119 3264 1175 3311 at
1204 3257 1375 3312 Roma
1406 3258 1624 3312 Catone.

493 3346 839 3416 PhilosOphus
866 3348 957 3402 ille
982 3348 1312 3403 Atheniensis
1340 3348 1643 3415 (Platonem
1671 3352 1809 3405 enim
1827 3391 1843 3418 ,
1868 3360 2007 3405 vete-

419 3440 493 3493 ris
534 3434 1269 3505 Academiw'ornamentum,
1311 3442 1579 3511 cognitum
1623 3440 1802 3512 habes)
1840 3440 2006 3511 legem

423 3529 545 3583 tulit
581 3538 638 3582 ut
678 3530 845 3599 quivis
880 3546 1060 3584 eorum
1096 3531 1188 3597 qui
1219 3531 1276 3584 in
1311 3531 1578 3602 republica
1611 3532 1675 3586 ab
1710 3533 1823 3601 ipso
1856 3533 2008 3585 insti-

424 3629 539 3673 tuta
574 3622 789 3681 viveret,
826 3622 984 3673 unius
1020 3620 1252 3689 alicujus
1287 3622 1420 3675 artis
1455 3623 1657 3693 peritus
1694 3622 1850 3691 foret.
1888 3621 2006 3676 Non

422 3710 563 3764 enim
595 3711 989 3780 philosophum,
1025 3713 1260 3776 dicabat,
1288 3713 1582 3782 juridicum
1614 3725 1707 3767 aut
1742 3713 2010 3783 legislato—

423 3817 536 3856 rem
557 3842 572 3866 ,
608 3812 700 3856 aut
725 3803 963 3873 judicem
999 3805 1070 3858 ad
1103 3804 1492 3873 philosophiam
1527 3807 1757 3860 converti
1789 3805 2006 3870 debere;

422 3894 502 3947 ita
534 3896 669 3948 enim
705 3904 752 3948 et
788 3895 991 3949 artibus
1023 3905 1073 3950 et
1106 3896 1397 3964 artiﬁcibus
1434 3897 1561 3950 bene
1593 3896 1892 3951 consultum
1924 3913 2011 3950 ar-

424 3986 740 4041 bitrabatur.
773 3985 868 4041 Ubi
898 3998 1075 4041 autem
1106 3987 1189 4040 vir
1213 3997 1361 4042 catus
1390 4004 1451 4040 ac
1479 3988 1761 4057 multiplex
1786 3991 2015 4053 venerit,
2052 3972 2061 3979 ’

423 4079 666 4132 venerari
695 4079 903 4148 quidem
931 4087 980 4132 et
1006 4078 1340 4149 hospitaliter
1363 4081 1603 4149 excipere
1627 4088 1685 4133 ut
1715 4082 1882 4135 virum
1912 4080 2011 4135 ad-

427 4171 710 4225 miratione
748 4172 986 4242 dignum,
1027 4172 1120 4225 sed
1160 4173 1400 4242 protinus
1441 4172 1572 4227 lana
1612 4174 1917 4227 redimitum
1962 4181 2012 4227 et

425 4278 544 4315 cum
583 4262 755 4332 capite
789 4265 1073 4334 unguentis
1111 4264 1343 4317 delibuto
1377 4266 1432 4318 in
1470 4263 1637 4318 aliam
1671 4264 1854 4319 urbem
1892 4265 2016 4318 mit—

426 4363 554 4408 tere.
597 4351 847 4408 Fortasse
884 4356 1021 4408 enim
1064 4358 1261 4409 honore
1296 4356 1473 4410 divino
1511 4358 1677 4425 magis
1717 4373 1879 4427 quam
1917 4357 2013 4409 hu-

2104 3170 2229 3221 dum
2269 3178 2449 3235 aptum
2486 3166 2765 3236 formavit,
2803 3167 2882 3218 ita
2917 3173 2974 3218 ut
3012 3162 3201 3217 mentis
3235 3162 3470 3231 cogitata
3508 3159 3692 3229 lingua

2105 3260 2343 3331 proferre
2371 3270 2418 3314 et
2451 3260 2642 3315 litteris
2675 3259 2932 3312 mandare
2962 3272 3109 3326 atque
3138 3256 3363 3309 idoneus
3388 3255 3461 3309 sis
3494 3256 3691 3324 factus.

2108 3352 2426 3424 Polyeuctus
2457 3351 2802 3423 Sphettiensis
2831 3349 3234 3403 Demosthenem
3260 3354 3530 3401 oratorem
3557 3347 3697 3416 opti-

2107 3460 2273 3508 mum,
2301 3444 2650 3515 fortissimum
2669 3453 2845 3496 autem
2880 3441 3189 3495 Phocionem
3212 3436 3584 3508 proclamavit,
3615 3439 3694 3489 ita

2107 3538 2339 3608 quidem,
2365 3546 2424 3590 ut
2450 3536 2823 3590 Demosthenes
2851 3536 2905 3589 in
2933 3534 3219 3604 scriptione
3247 3538 3296 3584 et
3324 3530 3550 3584 dictione
3578 3529 3699 3582 rhe-

2109 3632 2299 3692 torica,
2330 3631 2413 3683 hic
2448 3637 2625 3682 autem
2659 3629 2714 3681 in
2747 3625 3108 3681 concionando
3145 3640 3323 3678 coram
3358 3620 3552 3692 populo
3587 3621 3702 3690 pri-

2110 3738 2225 3774 mas
2269 3728 2486 3774 teneret.
2526 3719 2601 3773 Tu
2643 3728 2822 3772 autem
2863 3726 3149 3786 utrumque
3192 3717 3248 3770 in
3294 3725 3409 3769 arte
3451 3729 3695 3783 superas,

2108 3812 2245 3883 stylo
2270 3811 2480 3881 quidem
2506 3811 2924 3871 Demosthenem.
2952 3808 3269 3863 Phocionem
3296 3816 3470 3860 autem
3494 3805 3700 3857 concio-

2112 3905 2290 3959 nando
2323 3906 2552 3959 vincens.
2584 3904 2650 3959 Te
2682 3904 2766 3958 lex
2794 3912 2845 3958 et
2879 3903 3141 3975 legislatio
3175 3899 3313 3954 virili
3351 3898 3520 3951 induit
3553 3898 3700 3965 inge-

2113 3997 2235 4062 nio;
2270 3997 2362 4049 tibi
2395 4003 2586 4065 prtesto
2619 3994 2764 4062 [uere
2802 4003 2983 4063 pectus
3016 3995 3302 4054 disertum,
3343 3989 3398 4042 in
3438 3985 3698 4057 loquendo

2113 4086 2477 4157 tuquabili'as,
2509 4101 2715 4148 canon,
2749 4099 2999 4138 numerus
3035 4099 3097 4137 ac
3133 4096 3414 4141 mensura,
3441 4079 3533 4149 jus
3568 4092 3699 4130 san-

2113 4188 2279 4233 ctum.
2325 4178 2541 4243 Quoties
2590 4178 2859 4232 auditores
2905 4192 3024 4229 cum
3066 4175 3333 4229 suavitate
3379 4170 3699 4240 loquentem,

2113 4272 2434 4327 sententiam
2463 4270 2712 4334 ferentem
2740 4266 3013 4332 alacriter,
3030 4266 3219 4337 judicii
3249 4263 3552 4317 rectitudini
3577 4260 3703 4315 sub-

2119 4365 2359 4426 missum,
2383 4363 2495 4416 sine
2522 4363 2823 4428 acceptione
2847 4374 3201 4428 personarum
3224 4357 3435 4411 veritati
3459 4355 3705 4408 incorru-

429 4461 589 4499 mano
625 4446 842 4516 dignum
876 4448 1139 4503 censebat.
1178 4448 1330 4514 Quod
1356 4451 1402 4503 si
1433 4457 1482 4502 et
1512 4466 1605 4503 nos
1638 4451 1693 4502 in
1722 4451 1826 4503 ista
1859 4465 2002 4518 repu-

2116 4458 2550 4527 pttePservientem
2577 4463 2624 4509 te
2652 4454 2896 4509 viderunt
2914 4455 2934 4509 !
2951 4452 3171 4509 Nullam
3194 4451 3424 4522 profecto
3441 4449 3704 4503 rationem

431 4534 566 4590 blica
592 4537 899 4601 viveremus,
926 4555 1080 4609 quem
1105 4539 1271 4593 alium
1297 4541 1399 4594 nisi
1424 4550 1491 4602 te,
1520 4541 1817 4594 doctissime
1843 4539 2015 4608 legum

427 4638 623 4696 custos,
648 4631 893 4684 venerari
923 4640 972 4683 et
1000 4633 1056 4684 in
1081 4633 1277 4685 honore
1305 4632 1508 4697 haberi,
1533 4639 1591 4685 ut
1616 4648 1830 4685 sacrum
1855 4638 2015 4700 caput

433 4729 610 4775 autem
637 4723 879 4777 redimiri
906 4732 955 4776 et
984 4726 1266 4794 unguentis
1289 4724 1582 4782 delibutum
1612 4726 1842 4779 exhiberi
1867 4725 2015 4778 dece-

433 4816 550 4870 ret?
575 4812 703 4879 Quis
731 4816 871 4869 enim
897 4815 1068 4879 alius,
1096 4817 1226 4870 sicut
1256 4826 1341 4884 tu,
1369 4826 1512 4871 artes
1536 4834 1598 4871 ac
1624 4817 1827 4870 litteras
1856 4815 2012 4870 coluit

431 4913 480 4958 et
510 4906 574 4959 iis
605 4906 759 4975 quasi
789 4922 914 4960 arce
945 4915 995 4960 et
1024 4906 1244 4962 castello
1272 4909 1468 4977 potitus
1496 4907 1616 4961 est?
1644 4908 1712 4962 Te
1740 4924 2015 4977 gramma-

431 4997 535 5050 tica
564 5005 619 5049 ut
651 4999 901 5051 obstetrix
932 5000 985 5052 in
1022 4998 1188 5052 lucem
1219 4999 1503 5067 produxit,
1536 5005 1585 5052 et
1620 4998 1831 5068 quidem
1864 5014 2016 5051 nemo

429 5089 567 5141 sicut
597 5098 653 5141 tu
682 5089 966 5144 ortholexis
996 5105 1045 5145 et
1076 5090 1405 5161 etymologia:
1436 5090 1808 5161 analogiteque
1843 5091 2016 5158 magi-

429 5188 538 5233 ster
580 5191 741 5251 atque
786 5182 1013 5249 arbiter,
1059 5192 1361 5253 poematum
1409 5191 1585 5235 autem
1618 5183 1793 5251 judex
1836 5198 2014 5251 (equus

432 5288 668 5343 unquam
702 5275 920 5329 exstitit.

506 5363 782 5419 Rhetorica
819 5372 867 5419 te
898 5367 1154 5429 nutrivit,
1184 5366 1274 5419 sed
1309 5365 1497 5419 amotis
1533 5362 1819 5418 mendaciis
1852 5377 1915 5415 ac
1943 5363 2017 5415 si-

509 5549 587 5619 (6)
622 5548 785 5606 Conf.
827 5547 970 5604 Plut.
1005 5549 1058 5604 in
1082 5547 1270 5605 Caton.
1329 5546 1355 5617 §
1393 5545 1483 5612 52,
1519 5544 1606 5601 ed.
1645 5543 1829 5608 Reisk,
1864 5555 1901 5598 ι.
1925 5543 2012 5609 IV,

438 5622 773 5755 ll.lz‘i‘ﬂjoni.
804 5688 1020 5742 Platon.
1052 5689 1113 5743 de
1156 5689 1255 5751 leg.
1288 5686 1329 5740 l.
1366 5683 1645 5755 Vlll,pag.
1682 5683 1809 5747 846,
1833 5682 1901 5755 ρ.

444 5752 697 5885 missum
736 5760 799 5814 de
842 5758 1024 5828 repub.
1062 5760 1159 5814 lib.
1206 5754 1298 5824 ιιι,
1333 5764 1466 5811 tom.
1503 5753 1545 5817 l,
1586 5752 1706 5826 pag.
1754 5753 1881 5817 577,
1938 5752 2013 5819 E;

2114 4549 2400 4603 habeamus
2431 4550 2544 4619 ejus
2575 4549 2663 4618 qui
2695 4547 2821 4601 dicit
2848 4561 2867 4601 :

2187 4681 2337 4738 Dona
2386 4683 2542 4748 deos,
2576 4682 2716 4737 dona
2768 4696 2924 4749 reges
2972 4688 3234 4752 augustos
3287 4684 3632 4750 pervertunt.

2110 4816 2185 4872 Tu
2198 4817 2407 4884 quidem
2421 4815 2607 4870 Minoa
2622 4825 2670 4869 et
2686 4814 3056 4870 Rhadamanth
3066 4832 3152 4868 um
3163 4815 3371 4885 judices
3384 4813 3703 4868 venerandos

2110 4925 2174 4963 ac
2196 4924 2400 4962 summe
2419 4906 2668 4961 colendos
2693 4907 2937 4961 laudibus
2972 4907 3229 4971 celebras,
3261 4923 3485 4977 quorum
3520 4906 3705 4974 religio

2110 5000 2195 5056 vel
2210 5001 2353 5054 circa
2369 5014 2580 5064 canem,
2623 5016 2884 5066 anserem,
2920 5000 3205 5069 platanum
3231 5014 3437 5061 severa,
3470 5007 3527 5051 ut
3560 4996 3708 5050 litem

2122 5093 2369 5162 exiguam
2408 5091 2696 5145 secundum
2729 5092 3116 5162 jusjurandum
3172 5090 3481 5144 solemniter
3519 5088 3709 5142 datum

2124 5194 2516 5255 exsequantur;
2537 5194 2659 5237 sunt
2682 5186 2819 5238 enim
2833 5185 3038 5254 judices
3060 5183 3353 5254 dignissimi
3375 5183 3467 5252 qui
3488 5181 3713 5234 mortuis

2113 5279 2248 5348 jura
2280 5277 2482 5330 dicant.
2509 5276 2623 5346 Ego
2650 5286 2825 5330 autem
2850 5281 3061 5330 doctum
3084 5276 3259 5345 lequm
3282 5275 3552 5327 custodem
3577 5270 3715 5324 celeo

2123 5371 2214 5422 bro
2246 5368 2336 5438 qui
2355 5383 2380 5419 ο
2405 5367 2672 5437 republica
2701 5367 2983 5422 Platonica
3017 5384 3134 5421 cum
3160 5366 3444 5438 unguentis
3462 5373 3510 5418 et
3530 5362 3713 5416 diade-

2196 5544 2272 5612 (9)
2304 5542 2462 5598 Conf.
2493 5542 2654 5597 Fabr.
2687 5542 2805 5598 Bib.
2840 5541 2933 5600 Gr.
2969 5544 3063 5598 lib.
3089 5541 3182 5607 IV,
3229 5559 3354 5613 cap.
3392 5538 3612 5604 XXXII,
3670 5550 3712 5596 ι.

2124 5611 2311 5753 nillil.)
2525 5683 2740 5753 Platon.
2784 5683 2859 5737 De
2888 5682 3209 5751 republ.lib.
3233 5680 3324 5744 Ill,
3363 5697 3418 5753 ῃ,
3442 5680 3580 5753 590.
3611 5680 3672 5733 Ε-

2197 5755 2311 5824 (Η)
2338 5754 2495 5809 Conf.
2522 5752 2709 5809 Schol.
2739 5755 3024 5826 Arist'vph.
3054 5755 3119 5810 ad
3141 5757 3237 5807 Av.
3279 5769 3328 5808 ν.
3359 5752 3483 5808 iiii.
