4050 6480
411 423 552 488 1245

1556 438 1724 497 SCRI
1738 442 1877 499 ΡΤΛ
1916 443 2471 503 MlSCELLANEA.
2501 474 2505 478 -

3537 448 3677 512 1246

405 540 640 632 στεύειν.
676 540 822 608 Ἐγὼ
851 541 907 593 δὲ
930 541 1022 593 τδν
1045 541 1178 611 ἐμδν
1204 545 1294 597 καὶ
1320 546 1480 613 σοφὸν
1499 549 1811 620 ὑμνήσομαι
1837 569 1992 622 νομιν
2026 558 2071 614 Α
2096 553 2177 614 εἰς
2206 553 2375 614 αὐτὰς
2417 554 2514 614 τὰς
2558 553 2842 607 ’Λκεσαίου
2886 554 3117 624 σελήνας
3164 556 3297 624 (15).
3331 556 3440 629 Τήν
3462 559 3517 612 δὲ
3548 564 3678 632 περὶ

403 631 642 696 φύλακα,
670 633 770 695 τῆς
800 632 901 701 μὲν
934 634 1311 703 Πλατωνικῆς,
1341 636 1414 700 ὡς
1443 638 1672 708 ἔφαμεν,
1710 642 1985 705 πολιτεὶας

404 720 565 790 ῑερῶς
595 721 985 789 ἐκπεμφθέντα
1026 722 1163 791 μετὰ
1195 722 1365 793 μύρου
1398 727 1490 777 καὶ
1525 726 1861 796 στέμματος,
1894 730 1987 781 ἐπὶ

400 813 580 880 δὲτὴν
610 812 854 883 βασιλίδα
902 812 1001 877 τὴν
1040 814 1341 877 Βυζαντίδα
1371 819 1760 887 μετενεχθέντα
1806 819 1985 890 πολλῷ

405 893 721 970 ίερὼτερονξ
767 901 860 954 καὶ
916 903 1036 964 ταῖς
1066 902 1187 954 δυσὶ
1232 902 1435 975 ταύτης
1474 905 1668 975 μέρεσι
1703 924 1984 978 συμμεμε-

406 990 682 1061 ρισμένον,
714 993 779 1061 τῇ
811 992 1124 1061 συγκλήτῳ,
1164 998 1329 1064 φημὶ,
1374 999 1470 1049 καὶ
1497 997 1572 1066 τῷ
1607 997 1847 1067 βήματι*
1881 1000 1984 1051 κάν

399 1082 576 1154 ταύτῃ
608 1082 707 1150 μὲν
732 1083 1270 1153 νομοφυλακτοῦντα.
1308 1088 1366 1139 ἐν
1390 1087 1446 1140 δὲ
1478 1086 1654 1157 τούτῳ
1683 1088 1986 1158 πρωτεκδι-

402 1175 628 1241 κοῢντα,
660 1177 755 1230 καὶ
788 1176 856 1230 δι’
887 1177 1090 1246 ἀμφοῖν
1116 1178 1450 1248 σεμνύνοντα
1472 1180 1533 1231 τὸ
1561 1180 1885 1248 πολίτευμα.
1920 1181 1982 1233 El

400 1267 510 1337 γάρ
541 1284 594 1320 τι
639 1268 888 1319 πειστέον
931 1267 1198 1333 Πλάτωνι,
1250 1272 1500 1323 πειστέον
1533 1270 1612 1334 δὲ,
1662 1272 1865 1340 χρῆναι
1895 1271 1984 1324 λέ-

399 1374 552 1425 γοντι
584 1356 694 1426 (12)
741 1357 973 1428 δύναμιν
1006 1361 1100 1411 ἐπὶ
1123 1358 1185 1412 τὸ
1219 1361 1352 1414 αὐτὸ
1376 1362 1472 1415 καὶ
1521 1361 1694 1433 τύχην
1721 1364 1981 1434 φρονήσει

401 1447 680 1500 συνελθεῖν
713 1448 810 1501 κα)⁵
858 1449 1199 1523 δικαιοσύνῃ,
1233 1450 1319 1503 ἵνα
1369 1449 1562 1516 κάλλος
1605 1452 1700 1507 καὶ
1751 1453 1983 1523 μέγεθος

399 1537 457 1588 ai
489 1536 763 1590 πολιτικαὶ
795 1537 1124 1606 λαμϐάνοιεν
1152 1540 1412 1611 πράξεις’
1441 1542 1547 1596 τίνι
1580 1541 1646 1596 ἂν
1670 1543 1817 1615 ἄλλῳ
1839 1545 1977 1615 μᾶλ-

397 1627 488 1679 λον
515 1629 964 1692 συνεισελθούσας
1005 1630 1122 1700 ἅμα
1154 1632 1335 1696 πάσας
1379 1632 1585 1696 ταύτας
1629 1635 1976 1706 εὑρήσομεν;

398 1717 549 1789 Τύχη
577 1720 676 1788 μὲν
705 1721 813 1790 γὰρ
839 1721 935 1774 καὶ
959 1722 1189 1790 δύναμις
1217 1722 1423 1778 ἀνωθεν
1451 1725 1837 1796 περιελθοῦσα,
1867 1720 1979 1779 οἷον

395 1809 505 1861 ἀπὸ
528 1811 740 1877 γένους,
765 1813 885 1872 ταῖς
911 1813 1045 1881 πρὸς
1071 1812 1336 1882 βασιλέως
1356 1814 1567 1885 ηὐξήθη
1594 1819 1781 1885 τιμαῖς
1807 1833 1822 1848 ο
1847 1817 1979 1887 φρό-

2088 643 2159 695 τὰ
2184 643 2442 696 πολιτικὰ
2491 646 2601 698 τῶν
2636 649 2978 716 πραγμάτων
3021 648 3189 718 σοφὴν
3241 649 3554 720 οἰκονομίαν
3580 655 3677 706 κα)⁵

2091 730 2486 801 μεταχείρισιν,
2514 733 2566 784 τί
2600 734 2665 786 ἄν
2693 751 2775 796 τις
2820 733 2852 804 ἦ
2885 736 2982 788 κα)⁵
3014 735 3179 788 πόσον
3213 734 3381 786 εἰπὼν
3426 736 3672 803 ἐναργῶς

2089 823 2499 891 παραστήσειεν
2525 839 2539 888 ;
2580 824 2839 893 ’Λρμόσει
2877 826 2987 893 γὰρ
3014 827 3105 879 ἐπὶ
3138 828 3222 878 σο).
3250 827 3428 878 ἐκεῖνο
3450 826 3509 879 τὸ
3552 828 3659 895 Ἀρ·

2087 915 2391 984 χιλόχειον,
2452 915 2651 985 μικρόν
2697 932 2750 968 τι
2809 915 3177 986 παρῳδηθέν·
3229 916 3502 986 ὑπάρχεις
3561 920 3672 987 γὰρ

2084 1004 2208 1057 κατ’
2243 1004 2435 1069 αὐτὸν,

2096 1094 2484 1164 Ἀμφότερον,
2500 1094 2776 1163 θεράπων
2786 1096 2903 1166 μὲν
2914 1096 3340 1166 πραγματικοῒο
3355 1096 3521 1151 Θεοῑο
3534 1096 3644 1168 (Ii)
3654 1134 3670 1159 ,

2093 1187 2188 1238 καὶ

2227 1276 2530 1331 Μουσάων
2563 1278 2780 1348 ἐρατὸν
2806 1279 3000 1348 δῶρον
3027 1278 3448 1347 ἐπιστάμενος.

2094 1367 2321 1437 Ἀθῆναι
2364 1368 2536 1423 ταῦτα
2564 1371 2663 1424 καὶ
2701 1371 2903 1441 Θῆϐαι,
2929 1372 3023 1425 καὶ
3059 1374 3093 1441 ή
3129 1370 3263 1439 ἄλλη
3303 1368 3672 1439 ἀνακηρύττει

2099 1460 2312 1525 Ἑλλὰς,
2343 1462 2437 1514 καὶ
2476 1462 2619 1516 αύτά
2658 1463 2728 1516 τὰ
2759 1464 2948 1534 πόρρω
2992 1463 3094 1533 τῆς
3147 1463 3401 1529 Ἀττικῆς
3425 1478 3440 1491 ’
3477 1462 3541 1514 τὰ
3573 1463 3673 1528 μὲν

2084 1555 2179 1607 καὶ
2203 1554 2506 1623 ὀφθαλμοῖς
2543 1571 2602 1607 σε
2648 1555 2896 1623 ἡγεμόνα
2951 1554 3212 1624 μέγιστον
3266 1555 3669 1622 ἱστορήσαντα,

2081 1649 2147 1702 τά
2178 1648 2234 1701 δὲ
2259 1648 2354 1700 καὶ
2378 1646 2457 1717 τῷ
2487 1646 2676 1716 πτερῷ
2700 1663 2759 1698 σε
2790 1648 2889 1715 τῆς
2915 1647 3106 1717 φήμης
3130 1645 3355 1698 ἐλθόντα
3379 1642 3671 1712 δεξάμενοι.

2081 1739 2192 1792 Καὶ
2212 1739 2379 1791 πάλαι
2404 1738 2503 1808 μὲν
2519 1739 2547 1790 ὁ
2574 1738 2852 1807 Ἀθηναῖος
2869 1735 2971 1806 ἔφη
2994 1737 3158 1804 σοφὸς
3173 1738 3231 1788 ὲν
3251 1734 3508 1804 ἐπιστολῇ
3533 1734 3671 1806 (15),

2093 1846 2111 1877 ι
2154 1825 2254 1895 τὴν
2303 1825 2637 1894 οἰκουμένην
2687 1825 2814 1894 ὃλην
2866 1826 2947 1887 είς
3002 1825 3163 1894 μόνον
3219 1823 3551 1876 ἀποϐλέπειν
3581 1823 3675 1875 τὸν

394 1916 551 1969 νησις
582 1901 639 1955 δὲ
683 1905 778 1955 καὶ
824 1902 1140 1974 δικαιοσύνη
1179 1906 1274 1957 καὶ
1324 1903 1383 1970 ἐξ
1430 1908 1622 1974 αὐτῆς,
1655 1907 1729 1968 ὡς
1784 1908 1979 1971 εἰπεῖν,
2015 1893 2056 1946 Β
2087 1893 2289 1966 Δίωναε
2326 1931 2344 1963 ι
2563 1912 2620 1965 δὲ
2650 1912 2741 1964 τὸν
2765 1893 2940 1966 Δίωνα
2970 1893 3070 1983 μὲν
3098 1911 3366 1981 θαυμάζω
3395 1913 3506 1975 τοῖς
3532 1912 3676 1964 ἱστο-

392 1989 495 2058 τῆς
550 1991 818 2057 γενέσεως
875 1994 1404 2065 ὲγκατεσπάρθησαν
1455 1998 1523 2067 τῇ
1575 1996 1767 2049 τούτου
1803 1997 1977 2068 ψυχῇ.

399 2078 632 2131 Ἔπειτα
668 2080 700 2150 ή
730 2080 1046 2153 δικαιοσύνη
1090 2084 1188 2153 μὲν
1216 2087 1282 2154 τῇ
1333 2085 1592 2154 μαθήσει,
1640 2088 1670 2155 ή
1716 2089 1978 2157 φρόνησις

390 2168 450 2222 δὲ
475 2172 543 2240 τῇ
574 2171 740 2243 πείρᾳ
768 2173 1278 2244 συνεπηυξήθησαν.
1307 2176 1630 2245 Φιλοσοφίας
1658 2178 1716 2231 δέ
1750 2194 1807 2230 σε
1838 2194 1973 2230 παν-

390 2260 629 2330 τοδαπῆς
665 2265 1076 2335 κατακὼχιμον,
1126 2267 1527 2336 ὀρφανοτρὸφε,
1569 2267 1827 2338 ἄντικρυς
1866 2267 1978 2320 δεί-

393 2368 551 2404 κνυσι
586 2354 646 2405 τὸ
678 2355 815 2423 πρὸς
846 2357 970 2409 νοῦν
997 2358 1381 2411 ἀποϐάπτοντα
1411 2361 1681 2429 πρότερον
1707 2360 1805 2431 τὴν
1827 2359 1975 2420 λέξιν

389 2440 535 2495 οὕτω
571 2444 943 2514 προφέρεσθαι
972 2462 984 2477 ο
1017 2447 1152 2517 ὅπερ
1196 2452 1295 2520 καὶ
1329 2450 1517 2518 Ζήνων
1563 2451 1793 2517 ἐναργὲς
1822 2449 1975 2515 φιλο-

392 2534 584 2601 σοφίας
611 2539 912 2606 τεκμήριον
940 2537 1111 2592 ἔθετο.
1157 2539 1296 2591 Ἀλλ’
1324 2540 1466 2593 οὕτω
1499 2541 1600 2610 μέν
1628 2559 1685 2593 σε
1713 2541 1751 2593 Γ
1757 2559 1978 2611 ραμμα-

388 2625 518 2693 τικὴ
535 2627 631 2679 καὶ
645 2624 936 2698 Ῥητορικὴ
955 2628 1048 2681 καὶ¹
1068 2625 1135 2682 αὖ
1154 2629 1521 2702 Νομοθετικὴ,
1546 2635 1638 2684 καὶ
1659 2632 1972 2701 Φιλοσοφία,

390 2718 701 2773 δικαιότατε
736 2722 1151 2791 πρωτεκδίκων,
1193 2724 1585 2795 ἐτιθηνήσαντο
1610 2741 1621 2754 ·
1659 2724 1806 2788 οὔτε,
1833 2725 1974 2778 κατὰ

391 2811 500 2864 τῶν
527 2828 677 2874 τινας
711 2813 949 2882 εὐφυῶν,
981 2814 1178 2884 ῥᾳδίως
1207 2833 1268 2867 τε
1325 2815 1674 2886 λαμϐάνοντα
1706 2819 1773 2870 τὰ
1819 2819 1972 2886 λεγό-

393 2919 552 2971 μενα,
596 2904 691 2956 καὶ
731 2905 1062 2975 ῥαδιὼτερον
1092 2906 1468 2961 ἀποϐάλλοντα
1489 2926 1503 2941 ·
1536 2908 1661 2962 οὔτε
1707 2909 1798 2973 αὖ,
1833 2911 1974 2964 κατά

389 2991 498 3045 τῶν
533 3011 688 3057 τινας
740 2995 948 3063 ἀφυῶν,
991 2997 1219 3066 χρονίως
1249 3016 1309 3051 τε
1342 2998 1702 3068 λαμϐάνοντα
1739 3001 1834 3052 καὶ
1864 3017 1972 3052 πα-

391 3083 767 3153 ρακατέχοντα
798 3088 1180 3158 χρονιωτέρως
1199 3105 1215 3120 ο
1242 3087 1358 3141 ἀλλ’
1383 3089 1620 3153 ὀξύτατα
1664 3091 1763 3158 μὲν
1793 3090 1887 3144 καὶ
1914 3091 1972 3142 ὲν

387 3177 585 3248 ἀκαρεῖ
610 3178 708 3246 τὴν
755 3178 960 3246 γνῶσιν
1004 3179 1316 3251 δεχόμενον,
1347 3181 1725 3235 ἀποϐάλλοντα
1771 3181 1830 3234 δὲ
1861 3184 1971 3235 οὐδ’

2092 2005 2265 2073 ρικοῖς
2301 2002 2526 2073 βιϐλίοις
2577 2004 2951 2073 ἐντυγχάνων·
2986 2005 3047 2056 τὸ
3076 2003 3134 2056 δὲ
3181 2003 3333 2071 παρὰ
3357 2002 3458 2071 τῆς
3482 2003 3672 2054 οίκουα

2092 2095 2261 2162 μένης
2287 2093 2692 2148 ἀποϐλέπεσθαι
2725 2098 2905 2164 πάσης
2928 2095 3007 2165 τῷ
3039 2095 3155 2165 ἐμῷ
3186 2094 3483 2163 ἀνατίθημι
3509 2109 3673 2162 νομο-

2086 2183 2311 2251 φύλακι.
2341 2184 2403 2235 Εἰ
2437 2185 2545 2253 γὰρ
2574 2186 2607 2255 ή
2640 2185 2740 2252 τῆς
2766 2186 3094 2254 οἰκουμένης
3128 2185 3378 2254 καρδίαή
3418 2182 3672 2253 βασιλεύ-

2084 2291 2219 2327 ουσα
2275 2275 2580 2345 καθέστηκε
2649 2277 2825 2341 πόλις,
2879 2277 3016 2341 αὕτη
3066 2277 3124 2329 δὲ
3168 2279 3265 2344 ὅλη
3322 2275 3460 2346 πρὸς
3505 2276 3669 2328 αὑτὸν

2084 2366 2284 2436 ἀφορᾷ,
2327 2364 2552 2436 εὔδηλον
2596 2366 2670 2429 ὡς
2710 2370 2778 2440 τῇ
2811 2369 3009 2439 καρδίᾳ
3049 2368 3238 2421 καὶτὸ
3288 2366 3474 2419 λοιπὸν
3523 2366 3669 2419 ἅπαν

2087 2454 2635 2526 συμπεριαχθήσεται
2682 2458 2864 2528 σῶμα.
2895 2458 3032 2526 Δίκη
3082 2458 3396 2509 συνίσταται
3441 2456 3572 2526 περὶ
3601 2457 3671 2509 τὰ

2086 2546 2353 2618 βασίλεια,
2391 2549 2486 2601 καὶ
2533 2548 2625 2601 τὸν
2672 2549 3027 2619 νομοφύλακα
3059 2552 3094 2620 ή
3145 2548 3450 2616 σύγκλητος
3500 2564 3667 2619 περι-

2083 2638 2408 2705 ϐλέπονται,
2456 2639 2613 2704 ἀλλος
2662 2642 2793 2695 ἄλλο
2825 2659 2879 2694 τι
2920 2645 3021 2712 τῆς
3053 2642 3263 2695 ἐκείνου
3312 2642 3493 2711 φωνῆς
3526 2657 3669 2712 προ-

2086 2731 2340 2800 αρπάσαι
2368 2730 2824 2799 φιλονεικοῦντες.
2858 2733 3052 2802 Ψῆφος
3091 2735 3220 2802 περὶ
3259 2733 3327 2786 τά
3382 2733 3500 2803 ἱερά
3537 2749 3672 2801 κρο-

2081 2825 2256 2876 τείται
2292 2824 2593 2894 ἀνάκτορα,
2619 2825 2714 2879 καὶ
2742 2826 2919 2888 οὐδεὶς
2939 2825 2996 2889 ὃς
3027 2827 3091 2878 οὐ
3124 2826 3199 2895 τῷ
3224 2825 3580 2894 πρωτεκδίκῳ
3607 2825 3673 2876 τὰ

2085 2917 2332 2985 πρωτεῖα
2358 2915 2453 2966 τοῦ
2480 2915 2642 2983 λόγου
2673 2916 2912 2971 δίδωσιν.
2936 2911 3084 2988 *Δρα
3107 2918 3170 2969 οὐ
3201 2917 3333 2986 πρὸς
3361 2916 3456 2969 ἕνα
3483 2915 3673 2968 τοῦτον

2082 3004 2116 3071 ή
2151 3005 2413 3074 σύμπασα
2447 3006 2734 3073 Βυζαντὶς,
2775 3007 2972 3062 ταυτὸν
2992 3006 3037 3060 δ’
3073 3008 3271 3072 εἰπεῖν,
3301 3009 3332 3076 ή
3376 3009 3670 3075 οἰκουμένη

2082 3095 2369 3165 σύμπασα.
2406 3096 2636 3166 βλέπεις
2667 3098 2730 3151 Ei
2760 3098 2818 3151 δὲ
2847 3098 3014 3169 μέρος
3056 3099 3157 3165 τῆς
3195 3099 3526 3167 οἰκουμένης
3562 3098 3672 3150 εἰσὶ

2081 3190 2176 3240 καὶ
2209 3188 2258 3238 oi
2296 3188 2549 3258 πένητες,
2581 3189 2631 3241 οί
2662 3189 2734 3242 τὰ
2770 3188 3003 3259 σώματα
3036 3187 3404 3259 βεϐλαμμένοι
3442 3186 3537 3240 καὶ
3571 3203 3671 3239 πε-

389 3395 529 3439 mate
564 3384 832 3455 expulsus,
876 3387 932 3440 in
963 3389 1170 3458 regiam
1215 3390 1397 3443 urbem
1431 3388 1682 3460 Byzantii
1703 3389 1959 3459 pervenit,
1989 3394 2035 3456 α
2068 3390 2373 3461 explanabit
2394 3372 2644 3460 peritiam
2663 3401 2811 3444 tuam
2833 3391 2974 3444 circa
2994 3406 3074 3444 res
3098 3388 3339 3459 politicas
3356 3406 3488 3458 quas
3508 3390 3670 3444 semel

388 3494 493 3532 non
533 3479 650 3532 sine
691 3480 903 3533 numine
917 3480 1115 3546 divino,
1135 3480 1489 3550 ibiquecuriaz
1522 3499 1587 3536 ac
1603 3479 1857 3535 tribunali
1887 3482 1982 3534 ad—
2084 3485 2449 3551 capessivisti?
2471 3483 2533 3537 In
2561 3491 2609 3535 te
2639 3485 2774 3536 enim
2804 3482 2939 3536 illud
2959 3484 3155 3536 dictum
3177 3480 3474 3535 Archilochi
3493 3480 3664 3534 levites

382 3571 600 3640 junctus
631 3581 706 3623 est
735 3581 790 3624 ut
820 3579 868 3625 et
907 3571 1082 3642 legum
1130 3573 1384 3627 custodia:
1416 3583 1465 3628 et
1479 3574 1598 3644 juri
1617 3574 1832 3627 dicendo
1861 3589 1982 3635 ope-
2084 3584 2290 3628 mutata
2315 3576 2488 3642 [arma
2525 3575 2793 3644 quadrat;
2819 3589 2945 3626 nam
2965 3572 3257 3627 secundum
3302 3587 3420 3624 eum

389 3678 508 3716 ram
532 3663 900 3734 daret,sicque
927 3664 1230 3734 reipublicaa
1259 3678 1570 3722 ornamento
1593 3666 1899 3722 esset.Nam
1933 3667 1980 3720 si
2084 3664 2165 3721 Tu
2190 3667 2283 3722 Dei
2327 3650 2726 3737 omnipotentis
2755 3680 2950 3719 servus
2989 3682 3070 3727 es,
3105 3673 3159 3719 el
3193 3663 3472 3717 Musarum
3516 3661 3672 3717 dulce

387 3753 610 3808 Platoni
638 3753 768 3822 ﬁdes
811 3755 1075 3818 habenda,
1118 3763 1196 3809 est
1240 3765 1440 3824 autem,
1486 3758 1700 3820 dicenti,
1739 3758 1872 3811 vires
1918 3773 1980 3808 ac
2654 3760 2858 3812 donum
2913 3757 3107 3812 calles.

390 3844 666 3912 fortunam
681 3847 890 3916 ingenio
920 3862 982 3900 ac
1007 3848 1237 3916 justitiw
1260 3850 1600 3904 associandas
1627 3865 1756 3915 esse,
1782 3858 1837 3901 ut
1864 3864 1980 3918 quin
2151 3848 2370 3904 Athena
2423 3855 2601 3901 autem
2651 3864 2714 3901 ac
2766 3846 2950 3901 Thebae
2988 3856 3037 3899 et
3066 3856 3268 3900 ctrteraz
3306 3843 3523 3898 Gracia:
3548 3858 3674 3912 pro-

389 3939 444 3990 in
474 3936 742 4006 republica
767 3937 905 4006 ﬁunt
927 3939 1335 4009 pulchritudinis
1357 3957 1421 3994 ac
1458 3941 1836 4011 magnitudinis
1863 3956 1977 4007 spe-
2078 3941 2265 3995 vincia:
2303 3940 2385 3995 vel
2432 3922 2734 4010 longissime
2782 3942 2847 3991 ab
2889 3938 3066 3993 Attica
3116 3941 3370 3992 distantes
3411 3936 3547 3990 illud
3591 3948 3676 3988 at-

388 4028 519 4080 ciem
548 4043 657 4097 prce
683 4044 736 4081 se
778 4030 993 4098 ferant:
1024 4032 1109 4084 cui
1136 4032 1245 4083 haec
1279 4033 1461 4084 omnia
1493 4033 1663 4102 magis
1692 4047 1854 4101 quam
1881 4032 1978 4084 tibi
2082 4041 2347 4086 testantur
2368 4073 2382 4097 ,
2422 4048 2541 4101 qua:
2587 4031 2794 4101 quidem
2831 4040 2880 4084 te
2927 4031 3112 4084 ducem
3139 4030 3543 4100 magnanimum
3584 4043 3675 4080 ea:-

386 4121 514 4174 inhu
532 4122 708 4175 rentia
743 4123 1102 4191 reperiemus?
1137 4124 1355 4191 fortuna
1380 4108 1519 4177 enim
1548 4132 1599 4175 et
1655 4124 1911 4193 fortitudo
1944 4139 1977 4175 ιι

392 4212 682 4280 majoribus
703 4215 919 4267 tradita
936 4215 1084 4284 regia
1104 4214 1465 4275 muniﬁcentia
1485 4222 1676 4279 auctir;
1692 4215 1976 4283 prudentia

388 4314 438 4357 et
461 4305 681 4373 justitia
703 4305 827 4358 inde
858 4324 893 4359 a
930 4307 1213 4360 nativitate
1253 4307 1434 4361 animo
1476 4306 1649 4359 insitae
1677 4314 1825 4359 sunt.
1861 4304 1976 4358 Huc

390 4397 593 4450 accedit
614 4396 754 4466 quod
768 4397 984 4467 justitia
1012 4396 1268 4451 doctrinae
1289 4399 1589 4467 praeceptis,
1619 4396 1974 4465 intelligentia

388 4490 718 4561 experientia
749 4491 879 4543 duce
909 4491 1293 4544 incrementum
1320 4502 1594 4559 ceperunt.
1622 4488 1973 4557 Philosophia:

386 4582 617 4651 denique
643 4597 818 4644 amor,
877 4582 1135 4635 divinitus
1173 4580 1268 4635 tibi
1315 4584 1608 4650 inspiratus
1647 4579 1973 4651 pupillorum

390 4673 646 4737 nutritor,
680 4672 838 4727 verba
885 4672 1295 4741 cogitationibus
1337 4674 1499 4743 plane
1527 4673 1844 4743 respondere
1883 4672 1974 4725 de-

2079 4133 2242 4192 pertie
2262 4131 2408 4188 sunt,
2433 4132 2525 4176 aut
2553 4120 2890 4175 sermonibus
2922 4122 3068 4192 fama
3093 4123 3294 4192 sparsis
3331 4130 3671 4189 acceperunt.

2078 4214 2360 4267 Athena'us
2376 4214 2515 4267 enim
2539 4215 2592 4266 in
2615 4212 2837 4281 epistola
2862 4214 3132 4284 quondam
3154 4213 3289 4266 dixit
3309 4221 3472 4265 totum
3494 4212 3674 4264 orbem

2077 4304 2256 4358 oculos
2292 4305 2349 4358 in
2380 4302 2604 4358 Dionem
2647 4315 2968 4359 convertere.
3002 4304 3261 4374 Equidem
3311 4304 3531 4358 Dionem
3574 4305 3673 4355 ad-

2078 4397 2245 4449 miror
2287 4396 2658 4449 historicorum
2696 4411 2855 4466 opera
2889 4394 3089 4466 legens;
3126 4396 3265 4466 quod
3308 4404 3484 4449 autem
3531 4404 3670 4448 totus

2078 4488 2220 4540 orbis
2269 4486 2692 4541 admirabundus
2731 4487 2908 4542 oculos
2933 4489 2989 4540 in
3021 4487 3252 4559 aliquem
3284 4496 3575 4549 convertat,
3615 4487 3670 4540 id

2080 4576 2252 4646 legum
2284 4579 2489 4633 custodi
2513 4580 2683 4633 amico
2714 4595 2830 4633 meo
2866 4580 3094 4634 vindico.
3123 4578 3181 4635 Si
3206 4581 3347 4633 enim
3377 4579 3500 4633 urbs
3527 4580 3674 4649 regia

2078 4672 2315 4725 universi
2352 4671 2492 4725 orbis
2525 4688 2615 4725 cor
2655 4680 2753 4735 est,
2793 4679 2844 4725 et
2876 4674 3062 4726 eadem
3093 4674 3150 4725 in
3193 4674 3364 4738 ipsum
3420 4673 3672 4726 convertit

394 4774 695 4830 monstrat;
740 4764 878 4834 quod
925 4764 1067 4819 Zeno
1114 4782 1321 4836 quoque
1373 4774 1575 4819 certum
1634 4765 1973 4832 philosophia:
2006 4760 2050 4786 "
2077 4760 2274 4827 oculos,
2304 4763 2450 4815 cordi
2484 4763 2747 4832 reliquum
2782 4779 2973 4833 corpus
3023 4763 3510 4835 obtemperaturum
3564 4777 3674 4814 esse

390 4858 745 4912 testimonium
778 4873 887 4910 esse
910 4858 1121 4912 asserit.
1147 4856 1234 4913 Sic
1257 4858 1424 4927 igitur
1448 4856 1753 4922 Rhetorica,
1781 4854 1972 4910 Gram-

2075 4855 2418 4923 manifestum
2463 4862 2561 4909 est.
2602 4852 2827 4908 Iustitia
2860 4854 3005 4907 circa
3044 4865 3165 4908 acta
3200 4854 3368 4923 regia,
3403 4863 3452 4907 et
3495 4852 3672 4922 legum

317 4996 325 5029 ,Α
390 4951 610 5011 matica,
655 4948 829 5019 legum
863 4948 1258 5003 condendarum
1284 4950 1501 5003 scientia
1527 4948 1662 5002 lacte
1686 4948 1839 5018 quasi
1874 4962 1969 4999 suo
2070 4953 2243 5000 custos
2265 4962 2296 4999 a
2320 4952 2509 4998 senatu
2540 4946 2597 4998 in
2626 4946 2823 4999 honore
2850 4946 3075 5000 habetur
3104 4960 3330 5015 magno;
3365 4944 3559 5013 quippe
3580 4959 3671 4995 cu-

389 5053 439 5095 te
471 5041 796 5094 nutrierunt.
831 5039 982 5110 Apud
1018 5050 1069 5092 te
1108 5056 1243 5105 non,
1269 5042 1402 5094 sicut
1432 5040 1576 5110 apud
1615 5055 1718 5093 non
1748 5054 1963 5109 paucos,

385 5148 505 5199 qute
535 5131 753 5185 auribus
788 5133 1050 5194 hauseris,
1093 5131 1235 5185 brevi
1279 5134 1574 5195 intereunt;
1607 5147 1701 5185 nec
1726 5139 1781 5183 ut
1822 5128 1965 5198 apud

388 5225 525 5279 alios
543 5239 637 5294 per
667 5232 870 5294 tempus
887 5223 1156 5293 quoddam
1179 5224 1551 5293 comprehensa
1585 5223 1814 5276 breviori
1844 5231 1973 5273 teme

387 5328 517 5382 pore
560 5313 878 5377 retinentur;
910 5314 1016 5365 imo
1053 5327 1170 5382 qua:
1206 5312 1390 5365 mentis
1428 5311 1668 5364 acumine
1692 5308 1973 5379 collegisti,

390 5420 668 5474 nunquam
693 5421 720 5458 e
753 5407 1007 5474 memoria
1031 5403 1273 5459 decidere
1310 5405 1462 5459 sinis.
1503 5402 1632 5468 Quis
1657 5420 1816 5472 porro
1839 5406 1972 5457 satis

461 5623 754 5695 (12)Conf.
787 5623 1004 5695 Pluton.
1036 5612 1112 5680 ne
1136 5625 1335 5695 republ.
1364 5625 1464 5695 ιιι).
1495 5623 1586 5688 IV,
1635 5640 1691 5695 ρ.
1727 5625 1851 5687 m.

430 5685 586 5782 ..(15)
605 5694 765 5782 coni.
797 5694 1014 5752 Erasm.
1052 5685 1227 5766 Adae.
1253 5694 1449 5760 chil.I,
1492 5685 1649 5751 cent."
1703 5695 1766 5763 γ,
1804 5685 1964 5764 adag.

390 5765 775 5906 ὃῢξίεὸιθϐζῗιίῖ
815 5835 1018 5893 Athon.
1052 5836 1148 5893 lib.
1182 5833 1322 5907 XIV,
1353 5852 1474 5908 pag.
1508 5834 1633 5890 627.
1661 5834 1721 5890 C.
1750 5824 1968 5889 Plutar-

2066 5039 2151 5104 ius
2169 5052 2343 5090 vocem
2376 5052 2439 5089 ac
2452 5037 2671 5090 verbain
2688 5053 2843 5090 suum
2872 5038 3096 5107 quisque
3120 5035 3450 5089 commodum
3467 5049 3673 5086 conver-

2080 5142 2188 5183 tere
2209 5138 2427 5199 satagtt.
2452 5127 2739 5184 Sententia:
2773 5130 2829 5182 in
2852 5128 3061 5197 templis
3085 5128 3192 5181 Deo
3212 5128 3378 5181 sacris
3411 5125 3670 5195 colligun-

2081 5232 2190 5286 tur,
2229 5229 2277 5274 et
2318 5236 2498 5273 omnes
2551 5221 2845 5289 protecdico
2892 5221 3095 5289 primas
3126 5217 3451 5281 eloquentia:
3490 5222 3671 5286 partes

2082 5313 2398 5367 attribuunt.
2423 5311 2609 5366 Nonne
2629 5311 2795 5380 igitur
2815 5320 2984 5364 totum
3010 5310 3349 5380 Byzantium,
3374 5316 3466 5360 aut
3494 5306 3667 5376 potius

2083 5414 2223 5459 totus
2260 5404 2399 5458 orbis
2438 5406 2575 5458 hunc
2606 5418 2767 5458 unum
2794 5402 3050 5472 respicit?
3081 5401 3139 5456 Si
3170 5410 3349 5456 autem
3374 5399 3512 5455 orbis
3541 5414 3666 5468 pars

2074 5621 2214 5676 chus
2238 5622 2294 5677 in
2320 5621 2487 5675 Phoc.
2525 5634 2648 5690 cap.
2682 5616 2794 5674 VII.
2824 5618 3247 5675 Themist.orat.
3274 5620 3338 5679 de
3394 5618 3515 5673 viri.
3545 5633 3658 5689 reg.

2076 5690 2197 5756 XV,
2223 5708 2327 5763 pag
2352 5692 2475 5759 185,
2502 5690 2563 5744 Β.

2151 5784 2265 5855 (t5)
2303 5785 2440 5840 Plat.
2472 5798 2559 5854 ep.
2592 5780 2684 5850 IV,
2714 5780 2967 5847 tom.lll,
3000 5794 3118 5853 pag.
3151 5779 3279 5844 520,
3311 5778 3354 5833 D
