  <div class='ocr_page' id='page_1' title='image "/cluster/home/n/w/nwhite01/storage/ocr_20150623/133/coo.31924054870385/631.png"; bbox 0 0 4050 6434; ppageno 0'>
   <div class='ocr_carea' id='block_1_1' title="bbox 383 401 524 467">
    <p class='ocr_par' dir='ltr' id='par_1_1' title="bbox 383 401 524 467">
     <span class='ocr_line' id='line_1_1' title="bbox 383 401 524 467; baseline -0.028 0"><span class='ocrx_word' id='word_1_1' title='bbox 383 401 524 467; x_wconf 75' lang='grc'><strong><em>1247</em></strong></span> 
     </span>
    </p>
   </div>
   <div class='ocr_carea' id='block_1_2' title="bbox 1605 404 2445 465">
    <p class='ocr_par' dir='ltr' id='par_1_2' title="bbox 1605 404 2445 465">
     <span class='ocr_line' id='line_1_2' title="bbox 1605 404 2445 465; baseline -0.002 -1"><span class='ocrx_word' id='word_1_2' title='bbox 1605 405 1704 464; x_wconf 85' lang='grc' dir='ltr'>ΤΗ</span> <span class='ocrx_word' id='word_1_3' title='bbox 1721 404 2000 465; x_wconf 78' lang='lat' dir='ltr'><strong><em>EODORI</em></strong></span> <span class='ocrx_word' id='word_1_4' title='bbox 2039 404 2445 465; x_wconf 79' lang='lat' dir='ltr'><strong><em>PBODROMI</em></strong></span> 
     </span>
    </p>
   </div>
   <div class='ocr_carea' id='block_1_3' title="bbox 3507 393 3645 459">
    <p class='ocr_par' dir='ltr' id='par_1_3' title="bbox 3507 393 3645 459">
     <span class='ocr_line' id='line_1_3' title="bbox 3507 393 3645 459; baseline 0 0"><span class='ocrx_word' id='word_1_5' title='bbox 3507 393 3645 459; x_wconf 68' lang='grc'>1248</span> 
     </span>
    </p>
   </div>
   <div class='ocr_carea' id='block_1_4' title="bbox 384 510 3642 589">
    <p class='ocr_par' dir='ltr' id='par_1_4' title="bbox 384 510 3642 589">
     <span class='ocr_line' id='line_1_4' title="bbox 384 510 3642 589; baseline -0 -21"><span class='ocrx_word' id='word_1_6' title='bbox 384 513 708 586; x_wconf 82' lang='grc' dir='ltr'><strong>ριῃρημένοι</strong></span> <span class='ocrx_word' id='word_1_7' title='bbox 729 516 799 569; x_wconf 82' lang='grc' dir='ltr'><strong>τὰ</strong></span> <span class='ocrx_word' id='word_1_8' title='bbox 831 516 991 588; x_wconf 85' lang='grc' dir='ltr'><strong><em>μέλη,</em></strong></span> <span class='ocrx_word' id='word_1_9' title='bbox 1013 516 1110 570; x_wconf 76' lang='grc' dir='ltr'><strong>καὶ</strong></span> <span class='ocrx_word' id='word_1_10' title='bbox 1140 518 1231 571; x_wconf 81' lang='grc' dir='ltr'><strong><em>τὸν</em></strong></span> <span class='ocrx_word' id='word_1_11' title='bbox 1253 518 1357 583; x_wconf 75' lang='grc' dir='ltr'><strong><em>ἔξω</em></strong></span> <span class='ocrx_word' id='word_1_12' title='bbox 1384 518 1669 589; x_wconf 80' lang='grc' dir='ltr'><strong>ἄνθρωπον</strong></span> <span class='ocrx_word' id='word_1_13' title='bbox 1698 520 1798 572; x_wconf 80' lang='grc' dir='ltr'><strong>οὐκ</strong></span> <span class='ocrx_word' id='word_1_14' title='bbox 1820 522 1949 574; x_wconf 78' lang='grc' dir='ltr'><strong>ἀκέο</strong></span> <span class='ocrx_word' id='word_1_15' title='bbox 1979 529 2020 582; x_wconf 77' lang='grc' dir='ltr'>Α</span> <span class='ocrx_word' id='word_1_16' title='bbox 2050 536 2148 572; x_wconf 87' lang='grc' dir='ltr'><strong><em>κνυ</em></strong></span> <span class='ocrx_word' id='word_1_17' title='bbox 2160 537 2236 580; x_wconf 82' lang='grc' dir='ltr'><strong>σο.</strong></span> <span class='ocrx_word' id='word_1_18' title='bbox 2273 520 2441 572; x_wconf 76' lang='grc' dir='ltr'><strong>καὶτὸ</strong></span> <span class='ocrx_word' id='word_1_19' title='bbox 2464 517 2754 585; x_wconf 76' lang='grc' dir='ltr'><strong>φιλόσοφον</strong></span> <span class='ocrx_word' id='word_1_20' title='bbox 2785 513 3088 584; x_wconf 83' lang='grc' dir='ltr'><strong>παρίστανε</strong></span> <span class='ocrx_word' id='word_1_21' title='bbox 3119 510 3213 565; x_wconf 78' lang='grc' dir='ltr'><strong>καὶ</strong></span> <span class='ocrx_word' id='word_1_22' title='bbox 3237 510 3642 582; x_wconf 83' lang='grc' dir='ltr'><strong>φιλάνθρωπον.</strong></span> 
     </span>
    </p>
   </div>
   <div class='ocr_carea' id='block_1_5' title="bbox 384 606 1954 679">
    <p class='ocr_par' dir='ltr' id='par_1_5' title="bbox 384 606 1954 679">
     <span class='ocr_line' id='line_1_5' title="bbox 384 606 1954 679; baseline 0.003 -21"><span class='ocrx_word' id='word_1_23' title='bbox 384 622 550 675; x_wconf 84' lang='grc' dir='ltr'><strong>ραιοι,</strong></span> <span class='ocrx_word' id='word_1_24' title='bbox 583 607 719 676; x_wconf 81' lang='grc' dir='ltr'><strong>πρὸς</strong></span> <span class='ocrx_word' id='word_1_25' title='bbox 742 606 863 659; x_wconf 86' lang='grc' dir='ltr'><strong>τίνα</strong></span> <span class='ocrx_word' id='word_1_26' title='bbox 886 607 1044 661; x_wconf 82' lang='grc' dir='ltr'>ἄλλον</span> <span class='ocrx_word' id='word_1_27' title='bbox 1075 609 1170 679; x_wconf 75' lang='grc' dir='ltr'><strong>καὶ</strong></span> <span class='ocrx_word' id='word_1_28' title='bbox 1195 609 1351 662; x_wconf 82' lang='grc' dir='ltr'><strong>τοῦτο</strong></span> <span class='ocrx_word' id='word_1_29' title='bbox 1372 609 1433 662; x_wconf 80' lang='grc' dir='ltr'><strong>τὸ</strong></span> <span class='ocrx_word' id='word_1_30' title='bbox 1459 608 1624 678; x_wconf 80' lang='grc' dir='ltr'>μέρος</span> <span class='ocrx_word' id='word_1_31' title='bbox 1645 610 1746 677; x_wconf 75' lang='grc' dir='ltr'><strong>τῆς</strong></span> <span class='ocrx_word' id='word_1_32' title='bbox 1778 613 1954 664; x_wconf 73' lang='grc' dir='ltr'><strong>οἰκου.</strong></span> 
     </span>
    </p>
   </div>
   <div class='ocr_carea' id='block_1_6' title="bbox 387 696 1955 769">
    <p class='ocr_par' dir='ltr' id='par_1_6' title="bbox 387 696 1955 769">
     <span class='ocr_line' id='line_1_6' title="bbox 387 696 1955 769; baseline 0.003 -21"><span class='ocrx_word' id='word_1_33' title='bbox 387 696 555 765; x_wconf 80' lang='grc' dir='ltr'><strong><em>μένης</em></strong></span> <span class='ocrx_word' id='word_1_34' title='bbox 600 696 665 750; x_wconf 78' lang='grc' dir='ltr'>ἂν</span> <span class='ocrx_word' id='word_1_35' title='bbox 705 696 1066 767; x_wconf 72' lang='grc' dir='ltr'><strong>ἀποϐλέψειεν</strong></span> <span class='ocrx_word' id='word_1_36' title='bbox 1109 699 1144 769; x_wconf 79' lang='grc' dir='ltr'>ἢ</span> <span class='ocrx_word' id='word_1_37' title='bbox 1186 699 1404 761; x_wconf 74' lang='grc' dir='ltr'><strong>πάντως</strong></span> <span class='ocrx_word' id='word_1_38' title='bbox 1438 701 1573 769; x_wconf 75' lang='grc' dir='ltr'><strong>πρὸς</strong></span> <span class='ocrx_word' id='word_1_39' title='bbox 1613 700 1703 752; x_wconf 74' lang='grc' dir='ltr'><strong>τὸν</strong></span> <span class='ocrx_word' id='word_1_40' title='bbox 1734 702 1827 753; x_wconf 72' lang='grc' dir='ltr'><strong><em>καὶ</em></strong></span> <span class='ocrx_word' id='word_1_41' title='bbox 1863 703 1955 755; x_wconf 80' lang='grc' dir='ltr'><strong><em>ἀπ’</em></strong></span> 
     </span>
    </p>
   </div>
   <div class='ocr_carea' id='block_1_7' title="bbox 382 787 1959 863">
    <p class='ocr_par' dir='ltr' id='par_1_7' title="bbox 382 787 1959 863">
     <span class='ocr_line' id='line_1_7' title="bbox 382 787 1959 863; baseline 0.004 -25"><span class='ocrx_word' id='word_1_42' title='bbox 382 787 557 854; x_wconf 78' lang='grc' dir='ltr'><strong>αὐτῆς</strong></span> <span class='ocrx_word' id='word_1_43' title='bbox 588 788 686 854; x_wconf 82' lang='grc' dir='ltr'><strong>τῆς</strong></span> <span class='ocrx_word' id='word_1_44' title='bbox 728 788 823 841; x_wconf 85' lang='grc' dir='ltr'><strong>τοῦ</strong></span> <span class='ocrx_word' id='word_1_45' title='bbox 858 789 1267 863; x_wconf 80' lang='grc' dir='ltr'><strong>ὀρφανοτρόφου</strong></span> <span class='ocrx_word' id='word_1_46' title='bbox 1304 792 1620 862; x_wconf 72' lang='grc' dir='ltr'><strong>ἐπωνυμίας</strong></span> <span class='ocrx_word' id='word_1_47' title='bbox 1660 792 1759 862; x_wconf 84' lang='grc' dir='ltr'><strong><em>τὴν</em></strong></span> <span class='ocrx_word' id='word_1_48' title='bbox 1798 793 1959 862; x_wconf 78' lang='grc' dir='ltr'>ψυχι-</span> 
     </span>
    </p>
   </div>
   <div class='ocr_carea' id='block_1_8' title="bbox 381 877 1957 953">
    <p class='ocr_par' dir='ltr' id='par_1_8' title="bbox 381 877 1957 953">
     <span class='ocr_line' id='line_1_8' title="bbox 381 877 1957 953; baseline 0.005 -24"><span class='ocrx_word' id='word_1_49' title='bbox 381 877 484 944; x_wconf 85' lang='grc' dir='ltr'><strong>κὴν</strong></span> <span class='ocrx_word' id='word_1_50' title='bbox 525 878 897 933; x_wconf 86' lang='grc' dir='ltr'><strong>διαδεικνύντα</strong></span> <span class='ocrx_word' id='word_1_51' title='bbox 947 881 1226 946; x_wconf 75' lang='grc' dir='ltr'><strong>διάθεσινς</strong></span> <span class='ocrx_word' id='word_1_52' title='bbox 1277 885 1385 935; x_wconf 71' lang='grc' dir='ltr'><strong><em>Καὶ</em></strong></span> <span class='ocrx_word' id='word_1_53' title='bbox 1428 884 1489 935; x_wconf 77' lang='grc' dir='ltr'><strong>τὸ</strong></span> <span class='ocrx_word' id='word_1_54' title='bbox 1546 884 1643 953; x_wconf 80' lang='grc' dir='ltr'><strong>μὲν</strong></span> <span class='ocrx_word' id='word_1_55' title='bbox 1683 884 1852 949; x_wconf 75' lang='grc' dir='ltr'><strong>ἔθνος,</strong></span> <span class='ocrx_word' id='word_1_56' title='bbox 1907 886 1957 937; x_wconf 75' lang='lat' dir='ltr'><strong><em>oi</em></strong></span> 
     </span>
    </p>
   </div>
   <div class='ocr_carea' id='block_1_9' title="bbox 382 968 1955 1042">
    <p class='ocr_par' dir='ltr' id='par_1_9' title="bbox 382 968 1955 1042">
     <span class='ocr_line' id='line_1_9' title="bbox 382 968 1955 1042; baseline 0.005 -22"><span class='ocrx_word' id='word_1_57' title='bbox 382 968 605 1031; x_wconf 82' lang='grc' dir='ltr'><strong><em>Ψύλλοι,</em></strong></span> <span class='ocrx_word' id='word_1_58' title='bbox 636 970 706 1022; x_wconf 81' lang='grc' dir='ltr'><strong>τὰ</strong></span> <span class='ocrx_word' id='word_1_59' title='bbox 749 969 859 1022; x_wconf 85' lang='grc' dir='ltr'><strong>τῶν</strong></span> <span class='ocrx_word' id='word_1_60' title='bbox 906 971 1113 1042; x_wconf 83' lang='grc' dir='ltr'><strong>θηρίων</strong></span> <span class='ocrx_word' id='word_1_61' title='bbox 1165 974 1345 1025; x_wconf 79' lang='grc' dir='ltr'><strong>ίᾰσθαι</strong></span> <span class='ocrx_word' id='word_1_62' title='bbox 1393 974 1650 1042; x_wconf 83' lang='grc' dir='ltr'><strong><em>δήγματα</em></strong></span> <span class='ocrx_word' id='word_1_63' title='bbox 1684 975 1955 1042; x_wconf 79' lang='grc' dir='ltr'><strong>λέγονται,</strong></span> 
     </span>
    </p>
   </div>
   <div class='ocr_carea' id='block_1_10' title="bbox 380 1061 1958 1134">
    <p class='ocr_par' dir='ltr' id='par_1_10' title="bbox 380 1061 1958 1134">
     <span class='ocr_line' id='line_1_10' title="bbox 380 1061 1958 1134; baseline 0.005 -25"><span class='ocrx_word' id='word_1_64' title='bbox 380 1061 493 1119; x_wconf 80' lang='grc' dir='ltr'><strong>τοῖς</strong></span> <span class='ocrx_word' id='word_1_65' title='bbox 534 1062 798 1127; x_wconf 87' lang='grc' dir='ltr'><strong>στόμασιν</strong></span> <span class='ocrx_word' id='word_1_66' title='bbox 824 1062 1076 1127; x_wconf 75' lang='grc' dir='ltr'><strong><em>ἕλκοντες</em></strong></span> <span class='ocrx_word' id='word_1_67' title='bbox 1105 1064 1196 1117; x_wconf 75' lang='grc' dir='ltr'><strong>τὸν</strong></span> <span class='ocrx_word' id='word_1_68' title='bbox 1230 1066 1305 1117; x_wconf 86' lang='grc' dir='ltr'><strong><em>ίόν</em></strong></span> <span class='ocrx_word' id='word_1_69' title='bbox 1327 1081 1340 1094; x_wconf 88' lang='grc'><strong>·</strong></span> <span class='ocrx_word' id='word_1_70' title='bbox 1372 1067 1435 1116; x_wconf 74' lang='grc' dir='ltr'><strong>σὺ</strong></span> <span class='ocrx_word' id='word_1_71' title='bbox 1478 1065 1555 1129; x_wconf 75' lang='grc' dir='ltr'><strong><em>δὲ,</em></strong></span> <span class='ocrx_word' id='word_1_72' title='bbox 1588 1066 1958 1134; x_wconf 77' lang='grc' dir='ltr'><strong>ὀρφανοτρόφε</strong></span> 
     </span>
    </p>
   </div>
   <div class='ocr_carea' id='block_1_11' title="bbox 380 1149 1962 1226">
    <p class='ocr_par' dir='ltr' id='par_1_11' title="bbox 380 1149 1962 1226">
     <span class='ocr_line' id='line_1_11' title="bbox 380 1149 1962 1226; baseline 0.006 -27"><span class='ocrx_word' id='word_1_73' title='bbox 380 1149 756 1220; x_wconf 70' lang='grc' dir='ltr'><strong><em>λαμπρότατε,</em></strong></span> <span class='ocrx_word' id='word_1_74' title='bbox 789 1154 918 1215; x_wconf 80' lang='grc' dir='ltr'><strong>τοὺς</strong></span> <span class='ocrx_word' id='word_1_75' title='bbox 965 1156 1127 1223; x_wconf 79' lang='grc' dir='ltr'><strong>πενία</strong></span> <span class='ocrx_word' id='word_1_76' title='bbox 1166 1156 1261 1207; x_wconf 58' lang='grc' dir='ltr'><strong><em>καὶ⁵</em></strong></span> <span class='ocrx_word' id='word_1_77' title='bbox 1314 1157 1508 1218; x_wconf 80' lang='grc' dir='ltr'>νόσοις,</span> <span class='ocrx_word' id='word_1_78' title='bbox 1542 1156 1616 1218; x_wconf 82' lang='grc' dir='ltr'><strong>ὡς</strong></span> <span class='ocrx_word' id='word_1_79' title='bbox 1655 1156 1759 1208; x_wconf 79' lang='grc' dir='ltr'><strong><em>ὑπὸ</em></strong></span> <span class='ocrx_word' id='word_1_80' title='bbox 1791 1156 1962 1226; x_wconf 86' lang='grc' dir='ltr'><strong>βαρυ-</strong></span> 
     </span>
    </p>
   </div>
   <div class='ocr_carea' id='block_1_12' title="bbox 380 1240 1961 1315">
    <p class='ocr_par' dir='ltr' id='par_1_12' title="bbox 380 1240 1961 1315">
     <span class='ocr_line' id='line_1_12' title="bbox 380 1240 1961 1315; baseline 0.003 -23"><span class='ocrx_word' id='word_1_81' title='bbox 380 1240 558 1307; x_wconf 80' lang='grc' dir='ltr'><strong>τέρων</strong></span> <span class='ocrx_word' id='word_1_82' title='bbox 632 1241 839 1310; x_wconf 86' lang='grc' dir='ltr'><strong>θηρίων</strong></span> <span class='ocrx_word' id='word_1_83' title='bbox 916 1248 1421 1313; x_wconf 81' lang='grc' dir='ltr'><strong>πεφαρμαγμένους</strong></span> <span class='ocrx_word' id='word_1_84' title='bbox 1494 1245 1961 1315; x_wconf 83' lang='grc' dir='ltr'><strong>Θαυμασιωτέρως</strong></span> 
     </span>
    </p>
   </div>
   <div class='ocr_carea' id='block_1_13' title="bbox 382 1331 1959 1409">
    <p class='ocr_par' dir='ltr' id='par_1_13' title="bbox 382 1331 1959 1409">
     <span class='ocr_line' id='line_1_13' title="bbox 382 1331 1959 1409; baseline 0.006 -28"><span class='ocrx_word' id='word_1_85' title='bbox 382 1332 554 1402; x_wconf 78' lang='grc' dir='ltr'><strong>ὲξιᾷς,</strong></span> <span class='ocrx_word' id='word_1_86' title='bbox 589 1331 827 1396; x_wconf 77' lang='grc' dir='ltr'><strong><em>ἐξέλκων</em></strong></span> <span class='ocrx_word' id='word_1_87' title='bbox 849 1335 926 1405; x_wconf 83' lang='grc' dir='ltr'><strong>τῷ</strong></span> <span class='ocrx_word' id='word_1_88' title='bbox 955 1337 1184 1406; x_wconf 87' lang='grc' dir='ltr'><strong>στόματι</strong></span> <span class='ocrx_word' id='word_1_89' title='bbox 1212 1339 1303 1391; x_wconf 78' lang='grc' dir='ltr'><strong>τὸν</strong></span> <span class='ocrx_word' id='word_1_90' title='bbox 1338 1339 1439 1392; x_wconf 83' lang='grc' dir='ltr'><strong>ίόν.</strong></span> <span class='ocrx_word' id='word_1_91' title='bbox 1475 1337 1703 1391; x_wconf 84' lang='grc' dir='ltr'><strong><em>Κελεύει</em></strong></span> <span class='ocrx_word' id='word_1_92' title='bbox 1742 1339 1850 1409; x_wconf 88' lang='grc' dir='ltr'><strong><em>γάρ</em></strong></span> <span class='ocrx_word' id='word_1_93' title='bbox 1875 1355 1959 1391; x_wconf 88' lang='grc' dir='ltr'><strong>σοι</strong></span> 
     </span>
    </p>
   </div>
   <div class='ocr_carea' id='block_1_14' title="bbox 380 1423 1957 1497">
    <p class='ocr_par' dir='ltr' id='par_1_14' title="bbox 380 1423 1957 1497">
     <span class='ocr_line' id='line_1_14' title="bbox 380 1423 1957 1497; baseline 0.004 -23"><span class='ocrx_word' id='word_1_94' title='bbox 380 1423 444 1474; x_wconf 83' lang='grc' dir='ltr'><strong>τὸ</strong></span> <span class='ocrx_word' id='word_1_95' title='bbox 476 1423 651 1493; x_wconf 85' lang='grc' dir='ltr'><strong>στόμα</strong></span> <span class='ocrx_word' id='word_1_96' title='bbox 686 1424 837 1477; x_wconf 83' lang='grc' dir='ltr'><strong>τόνδε</strong></span> <span class='ocrx_word' id='word_1_97' title='bbox 879 1426 911 1495; x_wconf 78' lang='grc' dir='ltr'><strong>ἢ</strong></span> <span class='ocrx_word' id='word_1_98' title='bbox 959 1426 1109 1479; x_wconf 84' lang='grc' dir='ltr'>τόνδε</span> <span class='ocrx_word' id='word_1_99' title='bbox 1150 1430 1425 1496; x_wconf 78' lang='grc' dir='ltr'><strong>τραφῆναι</strong></span> <span class='ocrx_word' id='word_1_100' title='bbox 1465 1429 1572 1480; x_wconf 86' lang='grc' dir='ltr'><strong><em>τῶν</em></strong></span> <span class='ocrx_word' id='word_1_101' title='bbox 1619 1430 1957 1497; x_wconf 78' lang='grc' dir='ltr'>πενομένων,</span> 
     </span>
    </p>
   </div>
   <div class='ocr_carea' id='block_1_15' title="bbox 382 1514 1959 1588">
    <p class='ocr_par' dir='ltr' id='par_1_15' title="bbox 382 1514 1959 1588">
     <span class='ocr_line' id='line_1_15' title="bbox 382 1514 1959 1588; baseline 0.004 -23"><span class='ocrx_word' id='word_1_102' title='bbox 382 1516 479 1565; x_wconf 76' lang='grc' dir='ltr'><strong>καὶ</strong></span> <span class='ocrx_word' id='word_1_103' title='bbox 522 1514 640 1584; x_wconf 75' lang='grc' dir='ltr'><strong>ἅμα</strong></span> <span class='ocrx_word' id='word_1_104' title='bbox 680 1517 728 1568; x_wconf 82' lang='grc' dir='ltr'><strong>οἱ</strong></span> <span class='ocrx_word' id='word_1_105' title='bbox 781 1517 845 1569; x_wconf 79' lang='grc' dir='ltr'><strong><em>ὲκ</em></strong></span> <span class='ocrx_word' id='word_1_106' title='bbox 876 1518 975 1586; x_wconf 84' lang='grc' dir='ltr'><strong>τῆς</strong></span> <span class='ocrx_word' id='word_1_107' title='bbox 1012 1518 1239 1587; x_wconf 81' lang='grc' dir='ltr'><strong>καρδίας</strong></span> <span class='ocrx_word' id='word_1_108' title='bbox 1285 1518 1565 1583; x_wconf 76' lang='grc' dir='ltr'><strong>ἐξέλκεται</strong></span> <span class='ocrx_word' id='word_1_109' title='bbox 1596 1521 1625 1572; x_wconf 99' lang='lat'><strong><em>6</em></strong></span> <span class='ocrx_word' id='word_1_110' title='bbox 1660 1519 1758 1588; x_wconf 85' lang='grc' dir='ltr'><strong>τῆς</strong></span> <span class='ocrx_word' id='word_1_111' title='bbox 1803 1520 1959 1583; x_wconf 87' lang='grc' dir='ltr'><strong>ἀνίας</strong></span> 
     </span>
    </p>
   </div>
   <div class='ocr_carea' id='block_1_16' title="bbox 384 1603 1957 1680">
    <p class='ocr_par' dir='ltr' id='par_1_16' title="bbox 384 1603 1957 1680">
     <span class='ocr_line' id='line_1_16' title="bbox 384 1603 1957 1680; baseline 0.006 -27"><span class='ocrx_word' id='word_1_112' title='bbox 384 1603 601 1673; x_wconf 79' lang='grc' dir='ltr'><strong>καὶτῆς</strong></span> <span class='ocrx_word' id='word_1_113' title='bbox 633 1605 824 1668; x_wconf 71' lang='grc' dir='ltr'><strong>πενίας</strong></span> <span class='ocrx_word' id='word_1_114' title='bbox 861 1606 959 1670; x_wconf 88' lang='grc' dir='ltr'><strong>ίός.</strong></span> <span class='ocrx_word' id='word_1_115' title='bbox 1004 1607 1162 1662; x_wconf 83' lang='grc' dir='ltr'><strong><em>Ἀλλὰ</em></strong></span> <span class='ocrx_word' id='word_1_116' title='bbox 1200 1609 1427 1663; x_wconf 82' lang='grc' dir='ltr'><strong>τοιαῦτα</strong></span> <span class='ocrx_word' id='word_1_117' title='bbox 1456 1612 1556 1680; x_wconf 78' lang='grc' dir='ltr'><strong>μέν</strong></span> <span class='ocrx_word' id='word_1_118' title='bbox 1582 1629 1677 1664; x_wconf 91' lang='grc' dir='ltr'><strong><em>σου</em></strong></span> <span class='ocrx_word' id='word_1_119' title='bbox 1715 1610 1784 1665; x_wconf 83' lang='grc' dir='ltr'><strong>τὰ</strong></span> <span class='ocrx_word' id='word_1_120' title='bbox 1823 1611 1957 1680; x_wconf 74' lang='grc' dir='ltr'><strong>πρὸς</strong></span> 
     </span>
    </p>
   </div>
   <div class='ocr_carea' id='block_1_17' title="bbox 384 1694 1957 1771">
    <p class='ocr_par' dir='ltr' id='par_1_17' title="bbox 384 1694 1957 1771">
     <span class='ocr_line' id='line_1_17' title="bbox 384 1694 1957 1771; baseline 0.006 -25"><span class='ocrx_word' id='word_1_121' title='bbox 384 1695 511 1755; x_wconf 84' lang='grc' dir='ltr'><strong>τοὺς</strong></span> <span class='ocrx_word' id='word_1_122' title='bbox 543 1694 736 1754; x_wconf 78' lang='grc' dir='ltr'><strong>ἄλλους</strong></span> <span class='ocrx_word' id='word_1_123' title='bbox 766 1697 929 1758; x_wconf 76' lang='grc' dir='ltr'><strong>καλὰ,</strong></span> <span class='ocrx_word' id='word_1_124' title='bbox 950 1697 1032 1760; x_wconf 69' lang='grc' dir='ltr'><strong>ὡς</strong></span> <span class='ocrx_word' id='word_1_125' title='bbox 1072 1701 1136 1751; x_wconf 81' lang='grc' dir='ltr'><strong>ἐκ</strong></span> <span class='ocrx_word' id='word_1_126' title='bbox 1166 1700 1258 1751; x_wconf 75' lang='grc' dir='ltr'><strong>τοῦ</strong></span> <span class='ocrx_word' id='word_1_127' title='bbox 1293 1701 1604 1770; x_wconf 76' lang='grc' dir='ltr'><strong><em>κρασπέδου</em></strong></span> <span class='ocrx_word' id='word_1_128' title='bbox 1637 1703 1957 1771; x_wconf 78' lang='grc' dir='ltr'><strong><em>παραδεῖξαι</em></strong></span> 
     </span>
    </p>
   </div>
   <div class='ocr_carea' id='block_1_18' title="bbox 382 1784 1954 1863">
    <p class='ocr_par' dir='ltr' id='par_1_18' title="bbox 382 1784 1954 1863">
     <span class='ocr_line' id='line_1_18' title="bbox 382 1784 1954 1863; baseline 0.004 -26"><span class='ocrx_word' id='word_1_129' title='bbox 382 1784 445 1837; x_wconf 85' lang='grc' dir='ltr'><strong>τὸ</strong></span> <span class='ocrx_word' id='word_1_130' title='bbox 480 1784 727 1854; x_wconf 76' lang='grc' dir='ltr'><strong>ὕφασμα.</strong></span> <span class='ocrx_word' id='word_1_131' title='bbox 773 1786 916 1856; x_wconf 85' lang='grc' dir='ltr'><strong><em>Ἐγὼ</em></strong></span> <span class='ocrx_word' id='word_1_132' title='bbox 953 1787 1011 1841; x_wconf 78' lang='grc' dir='ltr'><strong><em>δὲ</em></strong></span> <span class='ocrx_word' id='word_1_133' title='bbox 1038 1789 1122 1863; x_wconf 85' lang='grc' dir='ltr'><strong><em>τίς</em></strong></span> <span class='ocrx_word' id='word_1_134' title='bbox 1155 1805 1307 1854; x_wconf 84' lang='grc' dir='ltr'><strong>ποτε,</strong></span> <span class='ocrx_word' id='word_1_135' title='bbox 1354 1786 1399 1844; x_wconf 84' lang='grc' dir='ltr'><strong>ὦ</strong></span> <span class='ocrx_word' id='word_1_136' title='bbox 1447 1794 1582 1861; x_wconf 76' lang='grc' dir='ltr'><strong>πρὸς</strong></span> <span class='ocrx_word' id='word_1_137' title='bbox 1623 1793 1731 1845; x_wconf 83' lang='grc' dir='ltr'><strong><em>τῶν</em></strong></span> <span class='ocrx_word' id='word_1_138' title='bbox 1761 1793 1954 1861; x_wconf 86' lang='grc' dir='ltr'><strong>λόγων,</strong></span> 
     </span>
    </p>
   </div>
   <div class='ocr_carea' id='block_1_19' title="bbox 381 1852 2035 1955">
    <p class='ocr_par' dir='ltr' id='par_1_19' title="bbox 381 1852 2035 1955">
     <span class='ocr_line' id='line_1_19' title="bbox 381 1852 2035 1955; baseline 0.008 -29"><span class='ocrx_word' id='word_1_139' title='bbox 381 1852 537 1942; x_wconf 54' lang='grc' dir='ltr'><strong>εἰμίέ</strong></span> <span class='ocrx_word' id='word_1_140' title='bbox 592 1852 689 1929; x_wconf 79' lang='grc' dir='ltr'><strong><em>καὶ</em></strong></span> <span class='ocrx_word' id='word_1_141' title='bbox 734 1852 898 1931; x_wconf 82' lang='grc' dir='ltr'><strong>τίνων</strong></span> <span class='ocrx_word' id='word_1_142' title='bbox 930 1860 1058 1931; x_wconf 84' lang='grc' dir='ltr'><strong>τῶν</strong></span> <span class='ocrx_word' id='word_1_143' title='bbox 1091 1852 1332 1951; x_wconf 75' lang='grc' dir='ltr'><strong>χαρίτων</strong></span> <span class='ocrx_word' id='word_1_144' title='bbox 1369 1852 1703 1955; x_wconf 79' lang='grc' dir='ltr'><strong>ηὑμοίρηκα,</strong></span> <span class='ocrx_word' id='word_1_145' title='bbox 1733 1884 1809 1947; x_wconf 84' lang='grc' dir='ltr'><strong>ὡς</strong></span> <span class='ocrx_word' id='word_1_146' title='bbox 1834 1852 1957 1938; x_wconf 45' lang='grc' dir='ltr'><strong>’κάν</strong></span> <span class='ocrx_word' id='word_1_147' title='bbox 1987 1852 2035 1912; x_wconf 78' lang='grc' dir='ltr'><strong>Β</strong></span> 
     </span>
    </p>
   </div>
   <div class='ocr_carea' id='block_1_20' title="bbox 382 1963 1956 2047">
    <p class='ocr_par' dir='ltr' id='par_1_20' title="bbox 382 1963 1956 2047">
     <span class='ocr_line' id='line_1_20' title="bbox 382 1963 1956 2047; baseline 0.009 -32"><span class='ocrx_word' id='word_1_148' title='bbox 382 1963 462 2033; x_wconf 79' lang='grc' dir='ltr'><strong>τῷ</strong></span> <span class='ocrx_word' id='word_1_149' title='bbox 489 1964 618 2033; x_wconf 86' lang='grc' dir='ltr'><strong>θείῳ</strong></span> <span class='ocrx_word' id='word_1_150' title='bbox 648 1983 705 2018; x_wconf 87' lang='grc' dir='ltr'><strong><em>σε</em></strong></span> <span class='ocrx_word' id='word_1_151' title='bbox 748 1967 956 2038; x_wconf 86' lang='grc' dir='ltr'><strong>βήματι</strong></span> <span class='ocrx_word' id='word_1_152' title='bbox 999 1971 1102 2023; x_wconf 82' lang='grc' dir='ltr'><strong><em>κάν</em></strong></span> <span class='ocrx_word' id='word_1_153' title='bbox 1146 1973 1259 2036; x_wconf 82' lang='grc' dir='ltr'><strong>τοῖς</strong></span> <span class='ocrx_word' id='word_1_154' title='bbox 1285 1974 1606 2044; x_wconf 83' lang='grc' dir='ltr'><strong>ἀνακτόροις</strong></span> <span class='ocrx_word' id='word_1_155' title='bbox 1644 1976 1830 2038; x_wconf 80' lang='grc' dir='ltr'><strong>αὐτοῖς</strong></span> <span class='ocrx_word' id='word_1_156' title='bbox 1856 1976 1956 2047; x_wconf 83' lang='grc' dir='ltr'><strong>τὴν</strong></span> 
     </span>
    </p>
   </div>
   <div class='ocr_carea' id='block_1_21' title="bbox 383 2058 1956 2138">
    <p class='ocr_par' dir='ltr' id='par_1_21' title="bbox 383 2058 1956 2138">
     <span class='ocr_line' id='line_1_21' title="bbox 383 2058 1956 2138; baseline 0.016 -31"><span class='ocrx_word' id='word_1_157' title='bbox 383 2058 525 2125; x_wconf 78' lang='grc' dir='ltr'><strong>ἐμὴν</strong></span> <span class='ocrx_word' id='word_1_158' title='bbox 556 2060 865 2129; x_wconf 87' lang='grc' dir='ltr'><strong>περιλαλείν</strong></span> <span class='ocrx_word' id='word_1_159' title='bbox 887 2062 1214 2133; x_wconf 85' lang='grc' dir='ltr'><strong>ἀθλιότητα;</strong></span> <span class='ocrx_word' id='word_1_160' title='bbox 1253 2065 1524 2134; x_wconf 84' lang='grc' dir='ltr'><strong>Ἐπίσχες,</strong></span> <span class='ocrx_word' id='word_1_161' title='bbox 1546 2067 1683 2136; x_wconf 82' lang='grc' dir='ltr'><strong>πρὸς</strong></span> <span class='ocrx_word' id='word_1_162' title='bbox 1703 2070 1803 2137; x_wconf 84' lang='grc' dir='ltr'><strong><em>τῆς</em></strong></span> <span class='ocrx_word' id='word_1_163' title='bbox 1835 2069 1956 2138; x_wconf 76' lang='grc' dir='ltr'><strong><em>σῆς,</em></strong></span> 
     </span>
    </p>
   </div>
   <div class='ocr_carea' id='block_1_22' title="bbox 384 2148 1959 2225">
    <p class='ocr_par' dir='ltr' id='par_1_22' title="bbox 384 2148 1959 2225">
     <span class='ocr_line' id='line_1_22' title="bbox 384 2148 1959 2225; baseline 0.008 -26"><span class='ocrx_word' id='word_1_164' title='bbox 384 2148 970 2221; x_wconf 78' lang='grc' dir='ltr'><strong>ὲπίσχες,περιωπῆς.</strong></span> <span class='ocrx_word' id='word_1_165' title='bbox 1025 2154 1355 2222; x_wconf 86' lang='grc' dir='ltr'><strong>Σμικρύνεις</strong></span> <span class='ocrx_word' id='word_1_166' title='bbox 1415 2174 1508 2210; x_wconf 91' lang='grc' dir='ltr'><strong>σου</strong></span> <span class='ocrx_word' id='word_1_167' title='bbox 1563 2158 1663 2225; x_wconf 85' lang='grc' dir='ltr'><strong><em>τὴν</em></strong></span> <span class='ocrx_word' id='word_1_168' title='bbox 1711 2158 1959 2225; x_wconf 87' lang='grc' dir='ltr'><strong>γλῶτταν</strong></span> 
     </span>
    </p>
   </div>
   <div class='ocr_carea' id='block_1_23' title="bbox 384 2241 1963 2317">
    <p class='ocr_par' dir='ltr' id='par_1_23' title="bbox 384 2241 1963 2317">
     <span class='ocr_line' id='line_1_23' title="bbox 384 2241 1963 2317; baseline 0.008 -29"><span class='ocrx_word' id='word_1_169' title='bbox 384 2241 512 2305; x_wconf 68' lang='grc' dir='ltr'><strong>περὶ</strong></span> <span class='ocrx_word' id='word_1_170' title='bbox 551 2242 617 2293; x_wconf 80' lang='grc' dir='ltr'><strong>τὰ</strong></span> <span class='ocrx_word' id='word_1_171' title='bbox 652 2242 823 2309; x_wconf 84' lang='grc' dir='ltr'><strong>μικρά</strong></span> <span class='ocrx_word' id='word_1_172' title='bbox 852 2243 1235 2314; x_wconf 79' lang='grc' dir='ltr'><strong><em>στρεφομένην</em></strong></span> <span class='ocrx_word' id='word_1_173' title='bbox 1269 2247 1362 2299; x_wconf 84' lang='grc' dir='ltr'><strong>καὶ</strong></span> <span class='ocrx_word' id='word_1_174' title='bbox 1388 2246 1535 2299; x_wconf 88' lang='grc' dir='ltr'><strong>κάτω</strong></span> <span class='ocrx_word' id='word_1_175' title='bbox 1575 2246 1831 2315; x_wconf 81' lang='grc' dir='ltr'><strong><em>ῥέποντα,</em></strong></span> <span class='ocrx_word' id='word_1_176' title='bbox 1864 2248 1963 2317; x_wconf 74' lang='grc' dir='ltr'><strong>τὴν</strong></span> 
     </span>
    </p>
   </div>
   <div class='ocr_carea' id='block_1_24' title="bbox 386 2329 1969 2404">
    <p class='ocr_par' dir='ltr' id='par_1_24' title="bbox 386 2329 1969 2404">
     <span class='ocr_line' id='line_1_24' title="bbox 386 2329 1969 2404; baseline 0.008 -26"><span class='ocrx_word' id='word_1_177' title='bbox 386 2330 525 2395; x_wconf 83' lang='grc' dir='ltr'><strong><em>μετά</em></strong></span> <span class='ocrx_word' id='word_1_178' title='bbox 567 2329 816 2384; x_wconf 81' lang='grc' dir='ltr'>Ἰωάννου</span> <span class='ocrx_word' id='word_1_179' title='bbox 853 2333 1106 2402; x_wconf 85' lang='grc' dir='ltr'><strong>βροντᾷν,</strong></span> <span class='ocrx_word' id='word_1_180' title='bbox 1134 2336 1227 2387; x_wconf 77' lang='grc' dir='ltr'><strong>καὶ</strong></span> <span class='ocrx_word' id='word_1_181' title='bbox 1261 2336 1397 2404; x_wconf 82' lang='grc' dir='ltr'><strong>μετὰ</strong></span> <span class='ocrx_word' id='word_1_182' title='bbox 1432 2335 1643 2389; x_wconf 76' lang='grc' dir='ltr'><strong>Παῦλου</strong></span> <span class='ocrx_word' id='word_1_183' title='bbox 1679 2337 1969 2400; x_wconf 70' lang='grc' dir='ltr'>σαλπίζειν</span> 
     </span>
    </p>
   </div>
   <div class='ocr_carea' id='block_1_25' title="bbox 384 2421 1970 2500">
    <p class='ocr_par' dir='ltr' id='par_1_25' title="bbox 384 2421 1970 2500">
     <span class='ocr_line' id='line_1_25' title="bbox 384 2421 1970 2500; baseline 0.008 -28"><span class='ocrx_word' id='word_1_184' title='bbox 384 2421 558 2486; x_wconf 81' lang='grc' dir='ltr'><strong>ἀξίαν.</strong></span> <span class='ocrx_word' id='word_1_185' title='bbox 605 2423 965 2486; x_wconf 83' lang='grc' dir='ltr'><strong>Ἀδικεῑς.σου</strong></span> <span class='ocrx_word' id='word_1_186' title='bbox 988 2427 1080 2479; x_wconf 84' lang='grc' dir='ltr'><strong>τὸν</strong></span> <span class='ocrx_word' id='word_1_187' title='bbox 1116 2427 1292 2495; x_wconf 85' lang='grc' dir='ltr'><strong>λόγον,</strong></span> <span class='ocrx_word' id='word_1_188' title='bbox 1326 2429 1502 2497; x_wconf 77' lang='grc' dir='ltr'><strong>χαμαὶ</strong></span> <span class='ocrx_word' id='word_1_189' title='bbox 1528 2431 1657 2498; x_wconf 70' lang='grc' dir='ltr'><strong>περὶ</strong></span> <span class='ocrx_word' id='word_1_190' title='bbox 1689 2431 1837 2500; x_wconf 76' lang='grc' dir='ltr'><strong>ἡμᾶς</strong></span> <span class='ocrx_word' id='word_1_191' title='bbox 1867 2447 1970 2484; x_wconf 87' lang='grc' dir='ltr'><strong><em>κα-</em></strong></span> 
     </span>
    </p>
   </div>
   <div class='ocr_carea' id='block_1_26' title="bbox 383 2511 1965 2588">
    <p class='ocr_par' dir='ltr' id='par_1_26' title="bbox 383 2511 1965 2588">
     <span class='ocr_line' id='line_1_26' title="bbox 383 2511 1965 2588; baseline 0.008 -26"><span class='ocrx_word' id='word_1_192' title='bbox 383 2511 670 2565; x_wconf 78' lang='grc' dir='ltr'><strong>ταϐάλλων</strong></span> <span class='ocrx_word' id='word_1_193' title='bbox 710 2513 801 2566; x_wconf 81' lang='grc' dir='ltr'><strong>τὸν</strong></span> <span class='ocrx_word' id='word_1_194' title='bbox 836 2515 1041 2585; x_wconf 67' lang='grc' dir='ltr'><strong>ὑψηλὸν</strong></span> <span class='ocrx_word' id='word_1_195' title='bbox 1075 2519 1170 2569; x_wconf 69' lang='grc' dir='ltr'><strong>καὶ</strong></span> <span class='ocrx_word' id='word_1_196' title='bbox 1208 2517 1468 2588; x_wconf 83' lang='grc' dir='ltr'><strong>αἰθέριον.</strong></span> <span class='ocrx_word' id='word_1_197' title='bbox 1511 2519 1703 2583; x_wconf 83' lang='grc' dir='ltr'><strong>Οὐδείς</strong></span> <span class='ocrx_word' id='word_1_198' title='bbox 1731 2537 1824 2574; x_wconf 87' lang='grc' dir='ltr'><strong>σου</strong></span> <span class='ocrx_word' id='word_1_199' title='bbox 1855 2522 1965 2575; x_wconf 84' lang='grc' dir='ltr'><strong>τῶν</strong></span> 
     </span>
    </p>
   </div>
   <div class='ocr_carea' id='block_1_27' title="bbox 385 2600 1966 2679">
    <p class='ocr_par' dir='ltr' id='par_1_27' title="bbox 385 2600 1966 2679">
     <span class='ocr_line' id='line_1_27' title="bbox 385 2600 1966 2679; baseline 0.008 -26"><span class='ocrx_word' id='word_1_200' title='bbox 385 2600 627 2655; x_wconf 72' lang='grc' dir='ltr'><strong>ἐπαίνων</strong></span> <span class='ocrx_word' id='word_1_201' title='bbox 677 2603 710 2673; x_wconf 87' lang='grc' dir='ltr'>ἢ</span> <span class='ocrx_word' id='word_1_202' title='bbox 746 2604 854 2657; x_wconf 84' lang='grc' dir='ltr'><strong>τῶν</strong></span> <span class='ocrx_word' id='word_1_203' title='bbox 888 2604 1073 2674; x_wconf 77' lang='grc' dir='ltr'><strong>ὓμνων</strong></span> <span class='ocrx_word' id='word_1_204' title='bbox 1095 2608 1340 2672; x_wconf 73' lang='grc' dir='ltr'><strong>ἑπάξιος,</strong></span> <span class='ocrx_word' id='word_1_205' title='bbox 1372 2611 1421 2662; x_wconf 90' lang='grc' dir='ltr'><strong><em>εί</em></strong></span> <span class='ocrx_word' id='word_1_206' title='bbox 1454 2610 1528 2677; x_wconf 80' lang='grc' dir='ltr'><strong><em>μὴ</em></strong></span> <span class='ocrx_word' id='word_1_207' title='bbox 1581 2611 1738 2679; x_wconf 86' lang='grc' dir='ltr'><strong>μόνος</strong></span> <span class='ocrx_word' id='word_1_208' title='bbox 1767 2612 1797 2664; x_wconf 87' lang='lat'><strong><em>6</em></strong></span> <span class='ocrx_word' id='word_1_209' title='bbox 1825 2628 1966 2665; x_wconf 82' lang='grc' dir='ltr'><strong>παν-</strong></span> 
     </span>
    </p>
   </div>
   <div class='ocr_carea' id='block_1_28' title="bbox 383 2695 1960 2772">
    <p class='ocr_par' dir='ltr' id='par_1_28' title="bbox 383 2695 1960 2772">
     <span class='ocr_line' id='line_1_28' title="bbox 383 2695 1960 2772; baseline 0.008 -27"><span class='ocrx_word' id='word_1_210' title='bbox 383 2695 672 2764; x_wconf 80' lang='grc' dir='ltr'><strong>τοκράτωρ</strong></span> <span class='ocrx_word' id='word_1_211' title='bbox 697 2696 828 2758; x_wconf 80' lang='grc' dir='ltr'><strong>Θεὸς</strong></span> <span class='ocrx_word' id='word_1_212' title='bbox 853 2698 945 2748; x_wconf 76' lang='grc' dir='ltr'><strong>καὶ</strong></span> <span class='ocrx_word' id='word_1_213' title='bbox 971 2698 1329 2769; x_wconf 80' lang='grc' dir='ltr'><strong>αὐτοκράτωρ</strong></span> <span class='ocrx_word' id='word_1_214' title='bbox 1354 2701 1658 2771; x_wconf 79' lang='grc' dir='ltr'><strong>καθέστηκε</strong></span> <span class='ocrx_word' id='word_1_215' title='bbox 1687 2701 1960 2772; x_wconf 81' lang='grc' dir='ltr'><strong>βασιλεύς.</strong></span> 
     </span>
    </p>
   </div>
   <div class='ocr_carea' id='block_1_29' title="bbox 387 2787 1963 2867">
    <p class='ocr_par' dir='ltr' id='par_1_29' title="bbox 387 2787 1963 2867">
     <span class='ocr_line' id='line_1_29' title="bbox 387 2787 1963 2867; baseline 0.006 -28"><span class='ocrx_word' id='word_1_216' title='bbox 387 2787 623 2865; x_wconf 74' lang='grc' dir='ltr'><strong>Τούτους</strong></span> <span class='ocrx_word' id='word_1_217' title='bbox 653 2789 936 2857; x_wconf 85' lang='grc' dir='ltr'><strong>περιλάλει</strong></span> <span class='ocrx_word' id='word_1_218' title='bbox 971 2792 1064 2842; x_wconf 75' lang='grc' dir='ltr'><strong>καὶ</strong></span> <span class='ocrx_word' id='word_1_219' title='bbox 1096 2790 1468 2860; x_wconf 80' lang='grc' dir='ltr'><strong>περιθρύλλει,</strong></span> <span class='ocrx_word' id='word_1_220' title='bbox 1498 2793 1590 2844; x_wconf 76' lang='grc' dir='ltr'><strong>καὶ</strong></span> <span class='ocrx_word' id='word_1_221' title='bbox 1619 2794 1838 2864; x_wconf 83' lang='grc' dir='ltr'><strong>τιμήεις</strong></span> <span class='ocrx_word' id='word_1_222' title='bbox 1885 2795 1963 2867; x_wconf 86' lang='grc' dir='ltr'><strong>τῷ</strong></span> 
     </span>
    </p>
   </div>
   <div class='ocr_carea' id='block_1_30' title="bbox 386 2878 1966 2953">
    <p class='ocr_par' dir='ltr' id='par_1_30' title="bbox 386 2878 1966 2953">
     <span class='ocr_line' id='line_1_30' title="bbox 386 2878 1966 2953; baseline 0.006 -22"><span class='ocrx_word' id='word_1_223' title='bbox 386 2878 617 2949; x_wconf 69' lang='grc' dir='ltr'><strong>ἐπαίνῳ,</strong></span> <span class='ocrx_word' id='word_1_224' title='bbox 649 2879 745 2931; x_wconf 78' lang='grc' dir='ltr'><strong>καὶ</strong></span> <span class='ocrx_word' id='word_1_225' title='bbox 775 2883 1077 2952; x_wconf 78' lang='grc' dir='ltr'><strong>τιμηθήσῃ.</strong></span> <span class='ocrx_word' id='word_1_226' title='bbox 1115 2881 1292 2951; x_wconf 71' lang='grc' dir='ltr'><strong>Ἡμεῖς</strong></span> <span class='ocrx_word' id='word_1_227' title='bbox 1322 2883 1378 2935; x_wconf 79' lang='grc' dir='ltr'><strong>δὲ</strong></span> <span class='ocrx_word' id='word_1_228' title='bbox 1403 2883 1434 2953; x_wconf 86' lang='grc' dir='ltr'>ἢ</span> <span class='ocrx_word' id='word_1_229' title='bbox 1464 2884 1635 2947; x_wconf 81' lang='grc' dir='ltr'><strong>οὐδεὶς</strong></span> <span class='ocrx_word' id='word_1_230' title='bbox 1656 2885 1765 2938; x_wconf 84' lang='grc' dir='ltr'><strong>τῶν</strong></span> <span class='ocrx_word' id='word_1_231' title='bbox 1794 2887 1966 2943; x_wconf 75' lang='grc' dir='ltr'><strong><em>ἁπάνο</em></strong></span> 
     </span>
    </p>
   </div>
   <div class='ocr_carea' id='block_1_31' title="bbox 385 2971 1966 3050">
    <p class='ocr_par' dir='ltr' id='par_1_31' title="bbox 385 2971 1966 3050">
     <span class='ocr_line' id='line_1_31' title="bbox 385 2971 1966 3050; baseline 0.007 -28"><span class='ocrx_word' id='word_1_232' title='bbox 385 2987 516 3033; x_wconf 84' lang='grc' dir='ltr'><strong>των,</strong></span> <span class='ocrx_word' id='word_1_233' title='bbox 546 2971 578 3040; x_wconf 84' lang='grc' dir='ltr'>ἢ</span> <span class='ocrx_word' id='word_1_234' title='bbox 612 2972 823 3042; x_wconf 84' lang='grc' dir='ltr'><strong>ίάλεμοί</strong></span> <span class='ocrx_word' id='word_1_235' title='bbox 846 2989 996 3037; x_wconf 82' lang='grc' dir='ltr'><strong>τινες</strong></span> <span class='ocrx_word' id='word_1_236' title='bbox 1045 2975 1267 3043; x_wconf 80' lang='grc' dir='ltr'><strong>ποιηταὶ</strong></span> <span class='ocrx_word' id='word_1_237' title='bbox 1298 2975 1391 3027; x_wconf 84' lang='grc' dir='ltr'><strong>καὶ</strong></span> <span class='ocrx_word' id='word_1_238' title='bbox 1426 2977 1654 3046; x_wconf 80' lang='grc' dir='ltr'><strong>ῥήτορες</strong></span> <span class='ocrx_word' id='word_1_239' title='bbox 1699 2980 1966 3050; x_wconf 76' lang='grc' dir='ltr'><strong>οὐφημεί-</strong></span> 
     </span>
    </p>
   </div>
   <div class='ocr_carea' id='block_1_32' title="bbox 384 3064 1957 3140">
    <p class='ocr_par' dir='ltr' id='par_1_32' title="bbox 384 3064 1957 3140">
     <span class='ocr_line' id='line_1_32' title="bbox 384 3064 1957 3140; baseline 0.008 -28"><span class='ocrx_word' id='word_1_240' title='bbox 384 3078 587 3116; x_wconf 84' lang='grc' dir='ltr'><strong>τωσαν.</strong></span> <span class='ocrx_word' id='word_1_241' title='bbox 621 3064 691 3115; x_wconf 82' lang='grc' dir='ltr'><strong><em>Ἢ</em></strong></span> <span class='ocrx_word' id='word_1_242' title='bbox 751 3064 973 3133; x_wconf 81' lang='grc' dir='ltr'><strong>μᾶλλον,</strong></span> <span class='ocrx_word' id='word_1_243' title='bbox 1024 3064 1090 3118; x_wconf 85' lang='grc' dir='ltr'><strong>σύ</strong></span> <span class='ocrx_word' id='word_1_244' title='bbox 1132 3081 1196 3132; x_wconf 83' lang='grc' dir='ltr'><strong><em>γε</em></strong></span> <span class='ocrx_word' id='word_1_245' title='bbox 1255 3066 1383 3128; x_wconf 81' lang='grc' dir='ltr'><strong>τοὺς</strong></span> <span class='ocrx_word' id='word_1_246' title='bbox 1417 3067 1753 3137; x_wconf 85' lang='grc' dir='ltr'><strong>μηδαμινοὺς</strong></span> <span class='ocrx_word' id='word_1_247' title='bbox 1806 3071 1957 3140; x_wconf 83' lang='grc' dir='ltr'><strong>ἡμᾶς</strong></span> 
     </span>
    </p>
   </div>
   <div class='ocr_carea' id='block_1_33' title="bbox 388 3155 1956 3229">
    <p class='ocr_par' dir='ltr' id='par_1_33' title="bbox 388 3155 1956 3229">
     <span class='ocr_line' id='line_1_33' title="bbox 388 3155 1956 3229; baseline 0.006 -23"><span class='ocrx_word' id='word_1_248' title='bbox 388 3155 651 3222; x_wconf 70' lang='grc' dir='ltr'><strong>ὲτζαινῶν,</strong></span> <span class='ocrx_word' id='word_1_249' title='bbox 672 3157 769 3225; x_wconf 79' lang='grc' dir='ltr'><strong><em>τήν</em></strong></span> <span class='ocrx_word' id='word_1_250' title='bbox 789 3173 848 3209; x_wconf 86' lang='grc' dir='ltr'><strong><em>τε</em></strong></span> <span class='ocrx_word' id='word_1_251' title='bbox 883 3158 1181 3229; x_wconf 71' lang='grc' dir='ltr'><strong>ῥητορικήν</strong></span> <span class='ocrx_word' id='word_1_252' title='bbox 1203 3173 1295 3211; x_wconf 92' lang='grc' dir='ltr'><strong><em>σου</em></strong></span> <span class='ocrx_word' id='word_1_253' title='bbox 1321 3159 1473 3229; x_wconf 76' lang='grc' dir='ltr'><strong>ἰσχὺν</strong></span> <span class='ocrx_word' id='word_1_254' title='bbox 1490 3160 1745 3214; x_wconf 77' lang='grc' dir='ltr'><strong>ἐντεῦθεν</strong></span> <span class='ocrx_word' id='word_1_255' title='bbox 1774 3163 1956 3215; x_wconf 67' lang='grc' dir='ltr'><strong>ἐνδεί-</strong></span> 
     </span>
    </p>
   </div>
   <div class='ocr_carea' id='block_1_34' title="bbox 384 3318 2043 3388">
    <p class='ocr_par' dir='ltr' id='par_1_34' title="bbox 384 3318 2043 3388">
     <span class='ocr_line' id='line_1_34' title="bbox 384 3318 2043 3388; baseline 0.002 -20"><span class='ocrx_word' id='word_1_256' title='bbox 384 3325 509 3368; x_wconf 89' lang='lat' dir='ltr'><strong><em>sunt</em></strong></span> <span class='ocrx_word' id='word_1_257' title='bbox 534 3332 787 3386; x_wconf 78' lang='lat' dir='ltr'><strong><em>pauperes</em></strong></span> <span class='ocrx_word' id='word_1_258' title='bbox 811 3328 901 3371; x_wconf 88' lang='lat' dir='ltr'><strong><em>aut</em></strong></span> <span class='ocrx_word' id='word_1_259' title='bbox 925 3335 1149 3388; x_wconf 83' lang='lat' dir='ltr'><strong><em>corpora</em></strong></span> <span class='ocrx_word' id='word_1_260' title='bbox 1172 3318 1527 3373; x_wconf 83' lang='lat' dir='ltr'><strong><em>membratisis</em></strong></span> <span class='ocrx_word' id='word_1_261' title='bbox 1555 3326 1792 3372; x_wconf 75' lang='lat' dir='ltr'><strong><em>truncae</em></strong></span> <span class='ocrx_word' id='word_1_262' title='bbox 1814 3320 1971 3372; x_wconf 87' lang='lat' dir='ltr'><strong><em>muti-</em></strong></span> <span class='ocrx_word' id='word_1_263' title='bbox 1998 3323 2043 3385; x_wconf 86' lang='lat' dir='ltr'>C</span> 
     </span>
    </p>
   </div>
   <div class='ocr_carea' id='block_1_35' title="bbox 390 3405 1975 3482">
    <p class='ocr_par' dir='ltr' id='par_1_35' title="bbox 390 3405 1975 3482">
     <span class='ocr_line' id='line_1_35' title="bbox 390 3405 1975 3482; baseline 0.005 -23"><span class='ocrx_word' id='word_1_264' title='bbox 390 3405 511 3461; x_wconf 83' lang='lat' dir='ltr'><strong><em>latis</em></strong></span> <span class='ocrx_word' id='word_1_265' title='bbox 537 3409 733 3476; x_wconf 73' lang='lat' dir='ltr'><strong><em>foedata</em></strong></span> <span class='ocrx_word' id='word_1_266' title='bbox 766 3411 1217 3479; x_wconf 77' lang='lat' dir='ltr'><strong><em>circumferentes,</em></strong></span> <span class='ocrx_word' id='word_1_267' title='bbox 1242 3413 1297 3467; x_wconf 84' lang='lat' dir='ltr'><strong><em>in</em></strong></span> <span class='ocrx_word' id='word_1_268' title='bbox 1329 3428 1482 3482; x_wconf 83' lang='lat' dir='ltr'><strong><em>quem</em></strong></span> <span class='ocrx_word' id='word_1_269' title='bbox 1521 3411 1687 3465; x_wconf 85' lang='lat' dir='ltr'><strong><em>alium</em></strong></span> <span class='ocrx_word' id='word_1_270' title='bbox 1711 3414 1821 3467; x_wconf 62' lang='lat' dir='ltr'><strong><em>haec</em></strong></span> <span class='ocrx_word' id='word_1_271' title='bbox 1842 3430 1975 3477; x_wconf 84' lang='lat' dir='ltr'><strong><em>quo-</em></strong></span> 
     </span>
    </p>
   </div>
   <div class='ocr_carea' id='block_1_36' title="bbox 387 3501 1981 3574">
    <p class='ocr_par' dir='ltr' id='par_1_36' title="bbox 387 3501 1981 3574">
     <span class='ocr_line' id='line_1_36' title="bbox 387 3501 1981 3574; baseline 0.005 -25"><span class='ocrx_word' id='word_1_272' title='bbox 387 3515 486 3567; x_wconf 86' lang='lat' dir='ltr'><strong><em>que</em></strong></span> <span class='ocrx_word' id='word_1_273' title='bbox 523 3516 647 3568; x_wconf 89' lang='lat' dir='ltr'><strong><em>pars</em></strong></span> <span class='ocrx_word' id='word_1_274' title='bbox 677 3501 814 3553; x_wconf 92' lang='lat' dir='ltr'><strong><em>orbis</em></strong></span> <span class='ocrx_word' id='word_1_275' title='bbox 849 3501 1027 3555; x_wconf 85' lang='lat' dir='ltr'><strong><em>oculos</em></strong></span> <span class='ocrx_word' id='word_1_276' title='bbox 1068 3512 1336 3556; x_wconf 82' lang='lat' dir='ltr'><strong><em>convertat</em></strong></span> <span class='ocrx_word' id='word_1_277' title='bbox 1384 3504 1486 3555; x_wconf 89' lang='lat' dir='ltr'><strong><em>nisi</em></strong></span> <span class='ocrx_word' id='word_1_278' title='bbox 1511 3503 1565 3556; x_wconf 92' lang='lat' dir='ltr'><strong><em>in</em></strong></span> <span class='ocrx_word' id='word_1_279' title='bbox 1611 3520 1731 3556; x_wconf 86' lang='lat' dir='ltr'><strong><em>eum</em></strong></span> <span class='ocrx_word' id='word_1_280' title='bbox 1763 3505 1854 3572; x_wconf 91' lang='lat' dir='ltr'><strong><em>qui</em></strong></span> <span class='ocrx_word' id='word_1_281' title='bbox 1883 3520 1981 3574; x_wconf 88' lang='lat' dir='ltr'><strong><em>pu—</em></strong></span> 
     </span>
    </p>
   </div>
   <div class='ocr_carea' id='block_1_37' title="bbox 387 3591 1980 3663">
    <p class='ocr_par' dir='ltr' id='par_1_37' title="bbox 387 3591 1980 3663">
     <span class='ocr_line' id='line_1_37' title="bbox 387 3591 1980 3663; baseline 0.005 -22"><span class='ocrx_word' id='word_1_282' title='bbox 387 3591 637 3660; x_wconf 81' lang='lat' dir='ltr'><strong><em>pillorum</em></strong></span> <span class='ocrx_word' id='word_1_283' title='bbox 666 3594 833 3661; x_wconf 78' lang='lat' dir='ltr'><strong><em>patris</em></strong></span> <span class='ocrx_word' id='word_1_284' title='bbox 868 3610 1055 3646; x_wconf 84' lang='lat' dir='ltr'><strong><em>nomen</em></strong></span> <span class='ocrx_word' id='word_1_285' title='bbox 1089 3610 1276 3662; x_wconf 80' lang='lat' dir='ltr'><strong><em>gerens</em></strong></span> <span class='ocrx_word' id='word_1_286' title='bbox 1303 3612 1361 3649; x_wconf 90' lang='lat' dir='ltr'><strong><em>eo</em></strong></span> <span class='ocrx_word' id='word_1_287' title='bbox 1383 3597 1494 3663; x_wconf 90' lang='lat' dir='ltr'><strong><em>ipso</em></strong></span> <span class='ocrx_word' id='word_1_288' title='bbox 1526 3596 1702 3663; x_wconf 72' lang='lat' dir='ltr'><strong><em>proba:</em></strong></span> <span class='ocrx_word' id='word_1_289' title='bbox 1736 3613 1798 3649; x_wconf 92' lang='lat' dir='ltr'><strong><em>ac</em></strong></span> <span class='ocrx_word' id='word_1_290' title='bbox 1824 3597 1980 3649; x_wconf 82' lang='lat' dir='ltr'><strong><em>bene-</em></strong></span> 
     </span>
    </p>
   </div>
   <div class='ocr_carea' id='block_1_38' title="bbox 388 3678 1974 3755">
    <p class='ocr_par' dir='ltr' id='par_1_38' title="bbox 388 3678 1974 3755">
     <span class='ocr_line' id='line_1_38' title="bbox 388 3678 1974 3755; baseline 0.003 -22"><span class='ocrx_word' id='word_1_291' title='bbox 388 3678 522 3733; x_wconf 70' lang='lat' dir='ltr'><strong><em>uola:</em></strong></span> <span class='ocrx_word' id='word_1_292' title='bbox 545 3682 732 3733; x_wconf 87' lang='lat' dir='ltr'><strong><em>mentis</em></strong></span> <span class='ocrx_word' id='word_1_293' title='bbox 758 3682 1112 3735; x_wconf 89' lang='lat' dir='ltr'><strong><em>testimonium</em></strong></span> <span class='ocrx_word' id='word_1_294' title='bbox 1135 3683 1372 3737; x_wconf 69' lang='lat' dir='ltr'><strong><em>exhibet?</em></strong></span> <span class='ocrx_word' id='word_1_295' title='bbox 1394 3682 1483 3736; x_wconf 78' lang='lat' dir='ltr'><strong><em>Est</em></strong></span> <span class='ocrx_word' id='word_1_296' title='bbox 1512 3682 1816 3754; x_wconf 75' lang='lat' dir='ltr'><strong><em>Psyllorum</em></strong></span> <span class='ocrx_word' id='word_1_297' title='bbox 1848 3700 1974 3755; x_wconf 87' lang='lat' dir='ltr'><strong><em>gens</em></strong></span> 
     </span>
    </p>
   </div>
   <div class='ocr_carea' id='block_1_39' title="bbox 390 3773 1986 3848">
    <p class='ocr_par' dir='ltr' id='par_1_39' title="bbox 390 3773 1986 3848">
     <span class='ocr_line' id='line_1_39' title="bbox 390 3773 1986 3848; baseline 0.003 -24"><span class='ocrx_word' id='word_1_298' title='bbox 390 3788 508 3842; x_wconf 73' lang='lat' dir='ltr'><strong><em>quw</em></strong></span> <span class='ocrx_word' id='word_1_299' title='bbox 530 3773 785 3826; x_wconf 80' lang='lat' dir='ltr'><strong><em>morsibus</em></strong></span> <span class='ocrx_word' id='word_1_300' title='bbox 815 3791 845 3827; x_wconf 91' lang='lat' dir='ltr'><strong><em>a</em></strong></span> <span class='ocrx_word' id='word_1_301' title='bbox 872 3775 1050 3828; x_wconf 75' lang='lat' dir='ltr'><strong><em>bestiis</em></strong></span> <span class='ocrx_word' id='word_1_302' title='bbox 1080 3778 1324 3844; x_wconf 84' lang='lat' dir='ltr'><strong><em>impactis</em></strong></span> <span class='ocrx_word' id='word_1_303' title='bbox 1348 3776 1603 3829; x_wconf 88' lang='lat' dir='ltr'><strong><em>remederi</em></strong></span> <span class='ocrx_word' id='word_1_304' title='bbox 1625 3776 1760 3830; x_wconf 83' lang='lat' dir='ltr'><strong><em>valet</em></strong></span> <span class='ocrx_word' id='word_1_305' title='bbox 1804 3786 1852 3829; x_wconf 90' lang='lat' dir='ltr'><strong><em>et</em></strong></span> <span class='ocrx_word' id='word_1_306' title='bbox 1892 3776 1986 3848; x_wconf 84' lang='lat' dir='ltr'><strong><em>qui</em></strong></span> 
     </span>
    </p>
   </div>
   <div class='ocr_carea' id='block_1_40' title="bbox 390 3867 1980 3936">
    <p class='ocr_par' dir='ltr' id='par_1_40' title="bbox 390 3867 1980 3936">
     <span class='ocr_line' id='line_1_40' title="bbox 390 3867 1980 3936; baseline 0.003 -18"><span class='ocrx_word' id='word_1_307' title='bbox 390 3875 706 3934; x_wconf 79' lang='lat' dir='ltr'><strong><em>a&#39;grotorum</em></strong></span> <span class='ocrx_word' id='word_1_308' title='bbox 732 3867 909 3920; x_wconf 58' lang='lat' dir='ltr'><strong><em>ult-era</em></strong></span> <span class='ocrx_word' id='word_1_309' title='bbox 941 3884 1030 3921; x_wconf 89' lang='lat' dir='ltr'><strong><em>ore</em></strong></span> <span class='ocrx_word' id='word_1_310' title='bbox 1066 3868 1305 3922; x_wconf 88' lang='lat' dir='ltr'><strong><em>lambunt</em></strong></span> <span class='ocrx_word' id='word_1_311' title='bbox 1340 3878 1389 3922; x_wconf 91' lang='lat' dir='ltr'><strong><em>et</em></strong></span> <span class='ocrx_word' id='word_1_312' title='bbox 1424 3878 1643 3923; x_wconf 87' lang='lat' dir='ltr'><strong><em>sanant.</em></strong></span> <span class='ocrx_word' id='word_1_313' title='bbox 1673 3868 1747 3922; x_wconf 90' lang='lat' dir='ltr'><strong><em>Tu</em></strong></span> <span class='ocrx_word' id='word_1_314' title='bbox 1779 3878 1980 3936; x_wconf 85' lang='lat' dir='ltr'><strong><em>autem,</em></strong></span> 
     </span>
    </p>
   </div>
   <div class='ocr_carea' id='block_1_41' title="bbox 390 3957 1983 4029">
    <p class='ocr_par' dir='ltr' id='par_1_41' title="bbox 390 3957 1983 4029">
     <span class='ocr_line' id='line_1_41' title="bbox 390 3957 1983 4029; baseline 0.005 -20"><span class='ocrx_word' id='word_1_315' title='bbox 390 3957 714 4025; x_wconf 54' lang='lat' dir='ltr'><strong><em>pupillorum</em></strong></span> <span class='ocrx_word' id='word_1_316' title='bbox 749 3959 889 4013; x_wconf 89' lang='lat' dir='ltr'><strong><em>altor</em></strong></span> <span class='ocrx_word' id='word_1_317' title='bbox 934 3961 1246 4025; x_wconf 71' lang='lat' dir='ltr'><strong><em>clarissime,</em></strong></span> <span class='ocrx_word' id='word_1_318' title='bbox 1296 3978 1381 4016; x_wconf 92' lang='lat' dir='ltr'><strong><em>eos</em></strong></span> <span class='ocrx_word' id='word_1_319' title='bbox 1426 3964 1517 4029; x_wconf 88' lang='lat' dir='ltr'><strong><em>qui</em></strong></span> <span class='ocrx_word' id='word_1_320' title='bbox 1559 3972 1874 4029; x_wconf 83' lang='lat' dir='ltr'><strong><em>paupertate</em></strong></span> <span class='ocrx_word' id='word_1_321' title='bbox 1920 3981 1983 4017; x_wconf 91' lang='lat' dir='ltr'><strong><em>ac</em></strong></span> 
     </span>
    </p>
   </div>
   <div class='ocr_carea' id='block_1_42' title="bbox 392 4051 1979 4125">
    <p class='ocr_par' dir='ltr' id='par_1_42' title="bbox 392 4051 1979 4125">
     <span class='ocr_line' id='line_1_42' title="bbox 392 4051 1979 4125; baseline 0.004 -23"><span class='ocrx_word' id='word_1_322' title='bbox 392 4051 586 4104; x_wconf 85' lang='lat' dir='ltr'><strong><em>morbis</em></strong></span> <span class='ocrx_word' id='word_1_323' title='bbox 618 4064 876 4105; x_wconf 69' lang='lat' dir='ltr'><strong><em>vexantur</em></strong></span> <span class='ocrx_word' id='word_1_324' title='bbox 904 4062 955 4106; x_wconf 87' lang='lat' dir='ltr'><strong><em>et</em></strong></span> <span class='ocrx_word' id='word_1_325' title='bbox 989 4057 1080 4123; x_wconf 89' lang='lat' dir='ltr'><strong><em>qui</em></strong></span> <span class='ocrx_word' id='word_1_326' title='bbox 1107 4072 1140 4108; x_wconf 89' lang='lat' dir='ltr'><strong><em>a</em></strong></span> <span class='ocrx_word' id='word_1_327' title='bbox 1170 4054 1570 4125; x_wconf 83' lang='lat' dir='ltr'><strong><em>malignioribus</em></strong></span> <span class='ocrx_word' id='word_1_328' title='bbox 1617 4056 1793 4109; x_wconf 86' lang='lat' dir='ltr'><strong><em>bestiis</em></strong></span> <span class='ocrx_word' id='word_1_329' title='bbox 1825 4072 1979 4110; x_wconf 83' lang='lat' dir='ltr'><strong><em>vene-</em></strong></span> 
     </span>
    </p>
   </div>
   <div class='ocr_carea' id='block_1_43' title="bbox 391 4143 1981 4215">
    <p class='ocr_par' dir='ltr' id='par_1_43' title="bbox 391 4143 1981 4215">
     <span class='ocr_line' id='line_1_43' title="bbox 391 4143 1981 4215; baseline 0.004 -22"><span class='ocrx_word' id='word_1_330' title='bbox 391 4158 518 4195; x_wconf 89' lang='lat' dir='ltr'><strong><em>num</em></strong></span> <span class='ocrx_word' id='word_1_331' title='bbox 542 4143 594 4195; x_wconf 89' lang='lat' dir='ltr'><strong><em>in</em></strong></span> <span class='ocrx_word' id='word_1_332' title='bbox 613 4160 669 4195; x_wconf 89' lang='lat' dir='ltr'><strong><em>se</em></strong></span> <span class='ocrx_word' id='word_1_333' title='bbox 687 4153 1012 4215; x_wconf 78' lang='lat' dir='ltr'><strong><em>receperunt,</em></strong></span> <span class='ocrx_word' id='word_1_334' title='bbox 1036 4163 1221 4208; x_wconf 86' lang='lat' dir='ltr'><strong><em>sanas,</em></strong></span> <span class='ocrx_word' id='word_1_335' title='bbox 1245 4162 1503 4201; x_wconf 81' lang='lat' dir='ltr'><strong><em>venenum</em></strong></span> <span class='ocrx_word' id='word_1_336' title='bbox 1525 4164 1614 4200; x_wconf 91' lang='lat' dir='ltr'><strong><em>ore</em></strong></span> <span class='ocrx_word' id='word_1_337' title='bbox 1637 4146 1981 4200; x_wconf 74' lang='lat' dir='ltr'><strong><em>extrahendo.</em></strong></span> 
     </span>
    </p>
   </div>
   <div class='ocr_carea' id='block_1_44' title="bbox 396 4231 1983 4308">
    <p class='ocr_par' dir='ltr' id='par_1_44' title="bbox 396 4231 1983 4308">
     <span class='ocr_line' id='line_1_44' title="bbox 396 4231 1983 4308; baseline 0.005 -24"><span class='ocrx_word' id='word_1_338' title='bbox 396 4231 495 4285; x_wconf 86' lang='lat' dir='ltr'><strong><em>Ubi</em></strong></span> <span class='ocrx_word' id='word_1_339' title='bbox 516 4235 656 4287; x_wconf 87' lang='lat' dir='ltr'><strong><em>enim</em></strong></span> <span class='ocrx_word' id='word_1_340' title='bbox 679 4252 734 4288; x_wconf 87' lang='lat' dir='ltr'><strong><em>os</em></strong></span> <span class='ocrx_word' id='word_1_341' title='bbox 756 4252 1051 4306; x_wconf 85' lang='lat' dir='ltr'><strong><em>pauperum</em></strong></span> <span class='ocrx_word' id='word_1_342' title='bbox 1073 4238 1307 4308; x_wconf 84' lang='lat' dir='ltr'><strong><em>aliquem</em></strong></span> <span class='ocrx_word' id='word_1_343' title='bbox 1321 4238 1470 4308; x_wconf 85' lang='lat' dir='ltr'><strong><em>jubet</em></strong></span> <span class='ocrx_word' id='word_1_344' title='bbox 1491 4238 1710 4304; x_wconf 89' lang='lat' dir='ltr'><strong><em>nutriri,</em></strong></span> <span class='ocrx_word' id='word_1_345' title='bbox 1744 4239 1983 4293; x_wconf 74' lang='lat' dir='ltr'><strong><em>mteroris</em></strong></span> 
     </span>
    </p>
   </div>
   <div class='ocr_carea' id='block_1_45' title="bbox 388 4323 1983 4395">
    <p class='ocr_par' dir='ltr' id='par_1_45' title="bbox 388 4323 1983 4395">
     <span class='ocr_line' id='line_1_45' title="bbox 388 4323 1983 4395; baseline 0.006 -22"><span class='ocrx_word' id='word_1_346' title='bbox 388 4323 551 4376; x_wconf 80' lang='lat' dir='ltr'><strong><em>simul</em></strong></span> <span class='ocrx_word' id='word_1_347' title='bbox 575 4341 637 4377; x_wconf 82' lang='lat' dir='ltr'><strong><em>ac</em></strong></span> <span class='ocrx_word' id='word_1_348' title='bbox 659 4328 987 4395; x_wconf 86' lang='lat' dir='ltr'><strong><em>paupertatis</em></strong></span> <span class='ocrx_word' id='word_1_349' title='bbox 1010 4343 1267 4381; x_wconf 85' lang='lat' dir='ltr'><strong><em>venenum</em></strong></span> <span class='ocrx_word' id='word_1_350' title='bbox 1288 4328 1610 4381; x_wconf 87' lang='lat' dir='ltr'><strong><em>eradicatur.</em></strong></span> <span class='ocrx_word' id='word_1_351' title='bbox 1646 4326 1774 4381; x_wconf 64' lang='lat' dir='ltr'><strong><em>Herc</em></strong></span> <span class='ocrx_word' id='word_1_352' title='bbox 1802 4329 1983 4383; x_wconf 84' lang='lat' dir='ltr'><strong><em>omnia</em></strong></span> 
     </span>
    </p>
   </div>
   <div class='ocr_carea' id='block_1_46' title="bbox 392 4415 1976 4488">
    <p class='ocr_par' dir='ltr' id='par_1_46' title="bbox 392 4415 1976 4488">
     <span class='ocr_line' id='line_1_46' title="bbox 392 4415 1976 4488; baseline 0.006 -25"><span class='ocrx_word' id='word_1_353' title='bbox 392 4420 446 4464; x_wconf 90' lang='lat' dir='ltr'><strong><em>tu</em></strong></span> <span class='ocrx_word' id='word_1_354' title='bbox 471 4415 677 4482; x_wconf 79' lang='lat' dir='ltr'><strong><em>quidem</em></strong></span> <span class='ocrx_word' id='word_1_355' title='bbox 716 4416 972 4483; x_wconf 68' lang='lat' dir='ltr'><strong><em>praeclare</em></strong></span> <span class='ocrx_word' id='word_1_356' title='bbox 995 4417 1049 4470; x_wconf 91' lang='lat' dir='ltr'><strong><em>in</em></strong></span> <span class='ocrx_word' id='word_1_357' title='bbox 1071 4416 1206 4471; x_wconf 83' lang='lat' dir='ltr'><strong><em>alios</em></strong></span> <span class='ocrx_word' id='word_1_358' title='bbox 1223 4417 1431 4487; x_wconf 80' lang='lat' dir='ltr'><strong><em>perﬁcis</em></strong></span> <span class='ocrx_word' id='word_1_359' title='bbox 1454 4417 1754 4488; x_wconf 86' lang='lat' dir='ltr'><strong><em>manifesto,</em></strong></span> <span class='ocrx_word' id='word_1_360' title='bbox 1778 4428 1835 4472; x_wconf 91' lang='lat' dir='ltr'><strong><em>ut</em></strong></span> <span class='ocrx_word' id='word_1_361' title='bbox 1857 4428 1976 4473; x_wconf 77' lang='lat' dir='ltr'><strong><em>tea:-</em></strong></span> 
     </span>
    </p>
   </div>
   <div class='ocr_carea' id='block_1_47' title="bbox 393 4501 1979 4580">
    <p class='ocr_par' dir='ltr' id='par_1_47' title="bbox 393 4501 1979 4580">
     <span class='ocr_line' id='line_1_47' title="bbox 393 4501 1979 4580; baseline 0.008 -27"><span class='ocrx_word' id='word_1_362' title='bbox 393 4501 483 4555; x_wconf 83' lang='lat' dir='ltr'><strong><em>tile</em></strong></span> <span class='ocrx_word' id='word_1_363' title='bbox 515 4519 578 4555; x_wconf 78' lang='lat' dir='ltr'><strong><em>ex</em></strong></span> <span class='ocrx_word' id='word_1_364' title='bbox 600 4520 693 4556; x_wconf 91' lang='lat' dir='ltr'><strong><em>ora</em></strong></span> <span class='ocrx_word' id='word_1_365' title='bbox 718 4505 980 4558; x_wconf 87' lang='lat' dir='ltr'><strong><em>ambiente</em></strong></span> <span class='ocrx_word' id='word_1_366' title='bbox 999 4508 1298 4577; x_wconf 86' lang='lat' dir='ltr'><strong><em>judicatur.</em></strong></span> <span class='ocrx_word' id='word_1_367' title='bbox 1326 4507 1439 4580; x_wconf 87' lang='lat' dir='ltr'><strong><em>Ego</em></strong></span> <span class='ocrx_word' id='word_1_368' title='bbox 1469 4518 1667 4575; x_wconf 80' lang='lat' dir='ltr'><strong><em>autent,</em></strong></span> <span class='ocrx_word' id='word_1_369' title='bbox 1695 4512 1777 4563; x_wconf 81' lang='lat' dir='ltr'><strong><em>uir</em></strong></span> <span class='ocrx_word' id='word_1_370' title='bbox 1809 4511 1979 4575; x_wconf 85' lang='lat' dir='ltr'><strong><em>docte,</em></strong></span> 
     </span>
    </p>
   </div>
   <div class='ocr_carea' id='block_1_48' title="bbox 393 4594 1978 4671">
    <p class='ocr_par' dir='ltr' id='par_1_48' title="bbox 393 4594 1978 4671">
     <span class='ocr_line' id='line_1_48' title="bbox 393 4594 1978 4671; baseline 0.007 -26"><span class='ocrx_word' id='word_1_371' title='bbox 393 4594 509 4663; x_wconf 83' lang='lat' dir='ltr'><strong><em>quis</em></strong></span> <span class='ocrx_word' id='word_1_372' title='bbox 528 4611 664 4657; x_wconf 89' lang='lat' dir='ltr'><strong><em>sum,</em></strong></span> <span class='ocrx_word' id='word_1_373' title='bbox 690 4604 739 4646; x_wconf 93' lang='lat' dir='ltr'><strong><em>et</em></strong></span> <span class='ocrx_word' id='word_1_374' title='bbox 760 4612 986 4665; x_wconf 89' lang='lat' dir='ltr'><strong><em>quarum</em></strong></span> <span class='ocrx_word' id='word_1_375' title='bbox 1017 4600 1318 4668; x_wconf 88' lang='lat' dir='ltr'><strong><em>gratiarum</em></strong></span> <span class='ocrx_word' id='word_1_376' title='bbox 1349 4601 1617 4671; x_wconf 81' lang='lat' dir='ltr'><strong><em>particeps</em></strong></span> <span class='ocrx_word' id='word_1_377' title='bbox 1635 4618 1753 4655; x_wconf 85' lang='lat' dir='ltr'><strong><em>sum</em></strong></span> <span class='ocrx_word' id='word_1_378' title='bbox 1786 4602 1978 4671; x_wconf 86' lang='lat' dir='ltr'><strong><em>factus,</em></strong></span> 
     </span>
    </p>
   </div>
   <div class='ocr_carea' id='block_1_49' title="bbox 2060 624 3644 694">
    <p class='ocr_par' dir='ltr' id='par_1_49' title="bbox 2060 624 3644 694">
     <span class='ocr_line' id='line_1_49' title="bbox 2060 624 3644 694; baseline -0.006 -8"><span class='ocrx_word' id='word_1_379' title='bbox 2060 631 2136 686; x_wconf 82' lang='lat' dir='ltr'><strong><em>I&quot;.</em></strong></span> <span class='ocrx_word' id='word_1_380' title='bbox 2174 662 2239 673; x_wconf 92' lang='lat'><strong><em>-—</em></strong></span> <span class='ocrx_word' id='word_1_381' title='bbox 2272 631 2382 685; x_wconf 87' lang='grc' dir='ltr'><strong><em>Τοῦ</em></strong></span> <span class='ocrx_word' id='word_1_382' title='bbox 2413 630 2601 683; x_wconf 84' lang='grc' dir='ltr'><strong>αὐτοῦ</strong></span> <span class='ocrx_word' id='word_1_383' title='bbox 2647 628 2947 688; x_wconf 68' lang='grc' dir='ltr'><strong><em>ἐπιστολὴ</em></strong></span> <span class='ocrx_word' id='word_1_384' title='bbox 3004 625 3086 688; x_wconf 78' lang='grc' dir='ltr'><strong>τῷ</strong></span> <span class='ocrx_word' id='word_1_385' title='bbox 3136 624 3431 694; x_wconf 71' lang='grc' dir='ltr'><strong>λογοθέτῃ</strong></span> <span class='ocrx_word' id='word_1_386' title='bbox 3480 624 3644 691; x_wconf 74' lang='grc' dir='ltr'><strong>πυρῷ</strong></span> 
     </span>
    </p>
   </div>
   <div class='ocr_carea' id='block_1_50' title="bbox 2516 694 3178 768">
    <p class='ocr_par' dir='ltr' id='par_1_50' title="bbox 2516 694 3178 768">
     <span class='ocr_line' id='line_1_50' title="bbox 2516 694 3178 768; baseline -0.009 -15"><span class='ocrx_word' id='word_1_387' title='bbox 2516 699 2798 768; x_wconf 70' lang='grc' dir='ltr'><strong><em>Στεφάνῳ</em></strong></span> <span class='ocrx_word' id='word_1_388' title='bbox 2825 695 2903 761; x_wconf 79' lang='grc' dir='ltr'><strong>τῷ</strong></span> <span class='ocrx_word' id='word_1_389' title='bbox 2926 694 3178 761; x_wconf 77' lang='grc' dir='ltr'><strong>Μέλητι.</strong></span> 
     </span>
    </p>
   </div>
   <div class='ocr_carea' id='block_1_51' title="bbox 2131 784 3641 861">
    <p class='ocr_par' dir='ltr' id='par_1_51' title="bbox 2131 784 3641 861">
     <span class='ocr_line' id='line_1_51' title="bbox 2131 784 3641 861; baseline -0.006 -14"><span class='ocrx_word' id='word_1_390' title='bbox 2131 791 2262 847; x_wconf 73' lang='grc' dir='ltr'><strong>Εἶτα</strong></span> <span class='ocrx_word' id='word_1_391' title='bbox 2288 793 2350 846; x_wconf 84' lang='grc' dir='ltr'><strong>σύ</strong></span> <span class='ocrx_word' id='word_1_392' title='bbox 2385 810 2474 861; x_wconf 88' lang='grc' dir='ltr'><strong><em>μοι</em></strong></span> <span class='ocrx_word' id='word_1_393' title='bbox 2494 793 2616 858; x_wconf 82' lang='grc' dir='ltr'><strong>λέγε</strong></span> <span class='ocrx_word' id='word_1_394' title='bbox 2648 792 2739 844; x_wconf 76' lang='grc' dir='ltr'><strong>τὸν</strong></span> <span class='ocrx_word' id='word_1_395' title='bbox 2793 789 3085 859; x_wconf 69' lang='grc' dir='ltr'><strong>Ὑμηττὸν,</strong></span> <span class='ocrx_word' id='word_1_396' title='bbox 3116 786 3213 840; x_wconf 72' lang='grc' dir='ltr'><strong>καὶ</strong></span> <span class='ocrx_word' id='word_1_397' title='bbox 3234 785 3333 849; x_wconf 76' lang='grc' dir='ltr'><strong>τὰς</strong></span> <span class='ocrx_word' id='word_1_398' title='bbox 3368 784 3641 855; x_wconf 79' lang='grc' dir='ltr'><strong>Σειρῆνας</strong></span> 
     </span>
    </p>
   </div>
   <div class='ocr_carea' id='block_1_52' title="bbox 2060 878 3648 954">
    <p class='ocr_par' dir='ltr' id='par_1_52' title="bbox 2060 878 3648 954">
     <span class='ocr_line' id='line_1_52' title="bbox 2060 878 3648 954; baseline -0.005 -16"><span class='ocrx_word' id='word_1_399' title='bbox 2060 885 2308 954; x_wconf 80' lang='grc' dir='ltr'><strong>ἀρίθμει,</strong></span> <span class='ocrx_word' id='word_1_400' title='bbox 2356 890 2450 937; x_wconf 73' lang='grc' dir='ltr'><strong>καὶ</strong></span> <span class='ocrx_word' id='word_1_401' title='bbox 2505 885 2605 953; x_wconf 78' lang='grc' dir='ltr'><strong><em>τὴν</em></strong></span> <span class='ocrx_word' id='word_1_402' title='bbox 2640 883 2888 952; x_wconf 75' lang='grc' dir='ltr'><strong>Θηϐαίαν</strong></span> <span class='ocrx_word' id='word_1_403' title='bbox 2942 881 3115 950; x_wconf 83' lang='grc' dir='ltr'><strong>λύραν</strong></span> <span class='ocrx_word' id='word_1_404' title='bbox 3176 878 3648 948; x_wconf 77' lang='grc' dir='ltr'><strong>προστίθεσο,καὶ</strong></span> 
     </span>
    </p>
   </div>
   <div class='ocr_carea' id='block_1_53' title="bbox 2059 970 3646 1045">
    <p class='ocr_par' dir='ltr' id='par_1_53' title="bbox 2059 970 3646 1045">
     <span class='ocr_line' id='line_1_53' title="bbox 2059 970 3646 1045; baseline -0.004 -16"><span class='ocrx_word' id='word_1_405' title='bbox 2059 978 2158 1045; x_wconf 84' lang='grc' dir='ltr'><strong><em>τὴν</em></strong></span> <span class='ocrx_word' id='word_1_406' title='bbox 2183 977 2416 1045; x_wconf 77' lang='grc' dir='ltr'><strong>κιθάραν</strong></span> <span class='ocrx_word' id='word_1_407' title='bbox 2464 974 2743 1044; x_wconf 83' lang='grc' dir='ltr'><strong>Ἀρίωνος,</strong></span> <span class='ocrx_word' id='word_1_408' title='bbox 2773 974 2809 1028; x_wconf 75' lang='grc' dir='ltr'>ἃ</span> <span class='ocrx_word' id='word_1_409' title='bbox 2844 975 3022 1027; x_wconf 69' lang='grc' dir='ltr'><strong>πάντα</strong></span> <span class='ocrx_word' id='word_1_410' title='bbox 3057 972 3274 1034; x_wconf 80' lang='grc' dir='ltr'><strong>πάντως</strong></span> <span class='ocrx_word' id='word_1_411' title='bbox 3303 970 3441 1041; x_wconf 81' lang='grc' dir='ltr'><strong>ἀηδῆ</strong></span> <span class='ocrx_word' id='word_1_412' title='bbox 3467 987 3525 1022; x_wconf 86' lang='grc' dir='ltr'><strong><em>τε</em></strong></span> <span class='ocrx_word' id='word_1_413' title='bbox 3550 970 3646 1023; x_wconf 77' lang='grc' dir='ltr'><strong>καὶ</strong></span> 
     </span>
    </p>
   </div>
   <div class='ocr_carea' id='block_1_54' title="bbox 2061 1061 3642 1138">
    <p class='ocr_par' dir='ltr' id='par_1_54' title="bbox 2061 1061 3642 1138">
     <span class='ocr_line' id='line_1_54' title="bbox 2061 1061 3642 1138; baseline -0.004 -16"><span class='ocrx_word' id='word_1_414' title='bbox 2061 1068 2278 1137; x_wconf 79' lang='grc' dir='ltr'><strong>ἄμουσα</strong></span> <span class='ocrx_word' id='word_1_415' title='bbox 2306 1069 2442 1138; x_wconf 75' lang='grc' dir='ltr'><strong>πρὸς</strong></span> <span class='ocrx_word' id='word_1_416' title='bbox 2476 1068 2606 1136; x_wconf 84' lang='grc' dir='ltr'><strong>μίαν</strong></span> <span class='ocrx_word' id='word_1_417' title='bbox 2644 1065 2853 1135; x_wconf 86' lang='grc' dir='ltr'><strong>ταύτην</strong></span> <span class='ocrx_word' id='word_1_418' title='bbox 2883 1063 3179 1131; x_wconf 69' lang='grc' dir='ltr'><strong>επιστολὴν</strong></span> <span class='ocrx_word' id='word_1_419' title='bbox 3214 1061 3642 1131; x_wconf 81' lang='grc' dir='ltr'><strong>συγκρινόμενα.</strong></span> 
     </span>
    </p>
   </div>
   <div class='ocr_carea' id='block_1_55' title="bbox 2072 1151 3648 1228">
    <p class='ocr_par' dir='ltr' id='par_1_55' title="bbox 2072 1151 3648 1228">
     <span class='ocr_line' id='line_1_55' title="bbox 2072 1151 3648 1228; baseline -0.006 -16"><span class='ocrx_word' id='word_1_420' title='bbox 2072 1160 2292 1214; x_wconf 87' lang='grc' dir='ltr'><strong>Ἦλίκον</strong></span> <span class='ocrx_word' id='word_1_421' title='bbox 2320 1162 2451 1228; x_wconf 80' lang='grc' dir='ltr'><strong>γὰρ,</strong></span> <span class='ocrx_word' id='word_1_422' title='bbox 2482 1152 2527 1212; x_wconf 82' lang='grc' dir='ltr'><strong>ὦ</strong></span> <span class='ocrx_word' id='word_1_423' title='bbox 2555 1158 2779 1228; x_wconf 78' lang='grc' dir='ltr'><strong>μέγιστε</strong></span> <span class='ocrx_word' id='word_1_424' title='bbox 2808 1157 3058 1225; x_wconf 75' lang='grc' dir='ltr'><strong>ἀστέρων</strong></span> <span class='ocrx_word' id='word_1_425' title='bbox 3103 1154 3245 1225; x_wconf 83' lang='grc' dir='ltr'><strong>ἥλιε,</strong></span> <span class='ocrx_word' id='word_1_426' title='bbox 3277 1153 3339 1205; x_wconf 75' lang='grc' dir='ltr'><strong><em>τὸ</em></strong></span> <span class='ocrx_word' id='word_1_427' title='bbox 3368 1151 3648 1220; x_wconf 79' lang='grc' dir='ltr'><strong><em>ὑπερϐάλ-</em></strong></span> 
     </span>
    </p>
   </div>
   <div class='ocr_carea' id='block_1_56' title="bbox 2060 1244 3643 1321">
    <p class='ocr_par' dir='ltr' id='par_1_56' title="bbox 2060 1244 3643 1321">
     <span class='ocr_line' id='line_1_56' title="bbox 2060 1244 3643 1321; baseline -0.006 -17"><span class='ocrx_word' id='word_1_428' title='bbox 2060 1252 2154 1304; x_wconf 83' lang='grc' dir='ltr'>λον</span> <span class='ocrx_word' id='word_1_429' title='bbox 2170 1253 2281 1319; x_wconf 81' lang='grc' dir='ltr'><strong>,τῆς</strong></span> <span class='ocrx_word' id='word_1_430' title='bbox 2318 1253 2513 1320; x_wconf 78' lang='grc' dir='ltr'><strong>ἡδονῆς</strong></span> <span class='ocrx_word' id='word_1_431' title='bbox 2543 1249 2680 1321; x_wconf 76' lang='grc' dir='ltr'><strong>αὐτῇ</strong></span> <span class='ocrx_word' id='word_1_432' title='bbox 2705 1249 3183 1316; x_wconf 84' lang='grc' dir='ltr'><strong>ὲγκατέσπαρται.</strong></span> <span class='ocrx_word' id='word_1_433' title='bbox 3208 1247 3307 1316; x_wconf 76' lang='grc' dir='ltr'><strong><em>ὅσῃ</em></strong></span> <span class='ocrx_word' id='word_1_434' title='bbox 3334 1244 3432 1315; x_wconf 73' lang='grc' dir='ltr'><strong><em>μὲν</em></strong></span> <span class='ocrx_word' id='word_1_435' title='bbox 3466 1244 3643 1316; x_wconf 76' lang='grc' dir='ltr'><strong>ὑψηλῇ</strong></span> 
     </span>
    </p>
   </div>
   <div class='ocr_carea' id='block_1_57' title="bbox 2062 1336 3650 1412">
    <p class='ocr_par' dir='ltr' id='par_1_57' title="bbox 2062 1336 3650 1412">
     <span class='ocr_line' id='line_1_57' title="bbox 2062 1336 3650 1412; baseline -0.004 -17"><span class='ocrx_word' id='word_1_436' title='bbox 2062 1342 2268 1412; x_wconf 75' lang='grc' dir='ltr'><strong>θεωρίᾳ</strong></span> <span class='ocrx_word' id='word_1_437' title='bbox 2298 1341 2664 1409; x_wconf 85' lang='grc' dir='ltr'><strong>θεαγωγεῖται</strong></span> <span class='ocrx_word' id='word_1_438' title='bbox 2692 1340 2784 1392; x_wconf 84' lang='grc' dir='ltr'><strong>τὸν</strong></span> <span class='ocrx_word' id='word_1_439' title='bbox 2814 1339 2939 1392; x_wconf 74' lang='grc' dir='ltr'><strong>νοῦν</strong></span> <span class='ocrx_word' id='word_1_440' title='bbox 2968 1338 3064 1390; x_wconf 74' lang='grc' dir='ltr'><strong>καὶ</strong></span> <span class='ocrx_word' id='word_1_441' title='bbox 3089 1336 3517 1406; x_wconf 53' lang='lat' dir='ltr'><strong><em>persuptilem-at;</em></strong></span> <span class='ocrx_word' id='word_1_442' title='bbox 3546 1336 3650 1390; x_wconf 81' lang='grc' dir='ltr'><strong>ὅσα</strong></span> 
     </span>
    </p>
   </div>
   <div class='ocr_carea' id='block_1_58' title="bbox 2060 1428 3650 1503">
    <p class='ocr_par' dir='ltr' id='par_1_58' title="bbox 2060 1428 3650 1503">
     <span class='ocr_line' id='line_1_58' title="bbox 2060 1428 3650 1503; baseline -0.004 -15"><span class='ocrx_word' id='word_1_443' title='bbox 2060 1434 2119 1488; x_wconf 79' lang='grc' dir='ltr'><strong><em>δὲ</em></strong></span> <span class='ocrx_word' id='word_1_444' title='bbox 2151 1434 2226 1503; x_wconf 86' lang='grc' dir='ltr'><strong>τῷ</strong></span> <span class='ocrx_word' id='word_1_445' title='bbox 2266 1434 2653 1503; x_wconf 86' lang='grc' dir='ltr'><strong>ἀττικουργεῖν</strong></span> <span class='ocrx_word' id='word_1_446' title='bbox 2684 1432 2785 1502; x_wconf 81' lang='grc' dir='ltr'><strong>τὴν</strong></span> <span class='ocrx_word' id='word_1_447' title='bbox 2827 1430 2974 1495; x_wconf 78' lang='grc' dir='ltr'>λέξιν</span> <span class='ocrx_word' id='word_1_448' title='bbox 3021 1428 3472 1497; x_wconf 72' lang='grc' dir='ltr'><strong>περιανθίζεται;</strong></span> <span class='ocrx_word' id='word_1_449' title='bbox 3534 1429 3650 1498; x_wconf 87' lang='grc' dir='ltr'><strong><em>Οὐχ</em></strong></span> 
     </span>
    </p>
   </div>
   <div class='ocr_carea' id='block_1_59' title="bbox 2060 1517 3648 1593">
    <p class='ocr_par' dir='ltr' id='par_1_59' title="bbox 2060 1517 3648 1593">
     <span class='ocr_line' id='line_1_59' title="bbox 2060 1517 3648 1593; baseline -0.003 -18"><span class='ocrx_word' id='word_1_450' title='bbox 2060 1523 2204 1577; x_wconf 75' lang='grc' dir='ltr'><strong>οὕτω</strong></span> <span class='ocrx_word' id='word_1_451' title='bbox 2247 1523 2454 1593; x_wconf 80' lang='grc' dir='ltr'><strong>Μύρων</strong></span> <span class='ocrx_word' id='word_1_452' title='bbox 2483 1520 2874 1592; x_wconf 76' lang='grc' dir='ltr'><strong>ὲχαλκοτύπει,</strong></span> <span class='ocrx_word' id='word_1_453' title='bbox 2930 1520 3026 1586; x_wconf 64' lang='grc' dir='ltr'><strong><em>οὐχ</em></strong></span> <span class='ocrx_word' id='word_1_454' title='bbox 3059 1519 3205 1571; x_wconf 72' lang='grc' dir='ltr'><strong>οὕτω</strong></span> <span class='ocrx_word' id='word_1_455' title='bbox 3238 1517 3455 1580; x_wconf 82' lang='grc' dir='ltr'><strong>Φειδίας</strong></span> <span class='ocrx_word' id='word_1_456' title='bbox 3483 1517 3648 1588; x_wconf 78' lang='grc' dir='ltr'><strong>ἔγρα-</strong></span> 
     </span>
    </p>
   </div>
   <div class='ocr_carea' id='block_1_60' title="bbox 2062 1609 3647 1684">
    <p class='ocr_par' dir='ltr' id='par_1_60' title="bbox 2062 1609 3647 1684">
     <span class='ocr_line' id='line_1_60' title="bbox 2062 1609 3647 1684; baseline -0.003 -17"><span class='ocrx_word' id='word_1_457' title='bbox 2062 1631 2182 1683; x_wconf 83' lang='grc' dir='ltr'><strong>φεν,</strong></span> <span class='ocrx_word' id='word_1_458' title='bbox 2209 1615 2307 1684; x_wconf 82' lang='grc' dir='ltr'>οὐχ</span> <span class='ocrx_word' id='word_1_459' title='bbox 2335 1613 2511 1674; x_wconf 74' lang='grc' dir='ltr'><strong>οὕτως</strong></span> <span class='ocrx_word' id='word_1_460' title='bbox 2550 1612 2870 1682; x_wconf 75' lang='grc' dir='ltr'><strong>Ἀρχιτέλης</strong></span> <span class='ocrx_word' id='word_1_461' title='bbox 2923 1611 3173 1671; x_wconf 75' lang='grc' dir='ltr'><strong>ἑλάξευε.</strong></span> <span class='ocrx_word' id='word_1_462' title='bbox 3219 1611 3326 1663; x_wconf 75' lang='grc' dir='ltr'><strong><em>Καὶ</em></strong></span> <span class='ocrx_word' id='word_1_463' title='bbox 3349 1611 3377 1661; x_wconf 89' lang='lat'><strong><em>6</em></strong></span> <span class='ocrx_word' id='word_1_464' title='bbox 3411 1610 3509 1679; x_wconf 73' lang='grc' dir='ltr'><strong><em>μὲν</em></strong></span> <span class='ocrx_word' id='word_1_465' title='bbox 3553 1609 3647 1662; x_wconf 85' lang='grc' dir='ltr'><strong>τὸν</strong></span> 
     </span>
    </p>
   </div>
   <div class='ocr_carea' id='block_1_61' title="bbox 2061 1700 3650 1777">
    <p class='ocr_par' dir='ltr' id='par_1_61' title="bbox 2061 1700 3650 1777">
     <span class='ocr_line' id='line_1_61' title="bbox 2061 1700 3650 1777; baseline -0.004 -18"><span class='ocrx_word' id='word_1_466' title='bbox 2061 1708 2378 1777; x_wconf 71' lang='grc' dir='ltr'><strong>ἀνδριάντα,</strong></span> <span class='ocrx_word' id='word_1_467' title='bbox 2441 1709 2468 1759; x_wconf 90' lang='lat'><strong><em>6</em></strong></span> <span class='ocrx_word' id='word_1_468' title='bbox 2520 1705 2707 1775; x_wconf 79' lang='grc' dir='ltr'><strong>δὲτὴν</strong></span> <span class='ocrx_word' id='word_1_469' title='bbox 2747 1703 2957 1771; x_wconf 84' lang='grc' dir='ltr'><strong>εἰκόνα,</strong></span> <span class='ocrx_word' id='word_1_470' title='bbox 3000 1704 3028 1754; x_wconf 93' lang='lat'><strong><em>6</em></strong></span> <span class='ocrx_word' id='word_1_471' title='bbox 3077 1702 3133 1754; x_wconf 81' lang='grc' dir='ltr'><strong><em>δὲ</em></strong></span> <span class='ocrx_word' id='word_1_472' title='bbox 3183 1702 3286 1771; x_wconf 82' lang='grc' dir='ltr'><strong>τὴν</strong></span> <span class='ocrx_word' id='word_1_473' title='bbox 3339 1700 3541 1771; x_wconf 82' lang='grc' dir='ltr'><strong>στήλην</strong></span> <span class='ocrx_word' id='word_1_474' title='bbox 3573 1700 3650 1764; x_wconf 82' lang='grc' dir='ltr'><strong>ὡς</strong></span> 
     </span>
    </p>
   </div>
   <div class='ocr_carea' id='block_1_62' title="bbox 2062 1794 3649 1868">
    <p class='ocr_par' dir='ltr' id='par_1_62' title="bbox 2062 1794 3649 1868">
     <span class='ocr_line' id='line_1_62' title="bbox 2062 1794 3649 1868; baseline -0.003 -16"><span class='ocrx_word' id='word_1_475' title='bbox 2062 1800 2276 1868; x_wconf 82' lang='grc' dir='ltr'><strong><em>εὐφυῶς</em></strong></span> <span class='ocrx_word' id='word_1_476' title='bbox 2299 1801 2437 1868; x_wconf 75' lang='grc' dir='ltr'><strong>ἄγαν</strong></span> <span class='ocrx_word' id='word_1_477' title='bbox 2461 1800 2555 1853; x_wconf 74' lang='grc' dir='ltr'><strong>καὶ</strong></span> <span class='ocrx_word' id='word_1_478' title='bbox 2582 1798 2657 1862; x_wconf 86' lang='grc' dir='ltr'><strong>ὡς</strong></span> <span class='ocrx_word' id='word_1_479' title='bbox 2688 1797 2980 1868; x_wconf 74' lang='grc' dir='ltr'><strong>εὐρύθμως</strong></span> <span class='ocrx_word' id='word_1_480' title='bbox 3009 1795 3407 1865; x_wconf 76' lang='grc' dir='ltr'><strong>ὲδημιούργουν</strong></span> <span class='ocrx_word' id='word_1_481' title='bbox 3425 1834 3442 1859; x_wconf 91' lang='grc'><strong><em>,</em></strong></span> <span class='ocrx_word' id='word_1_482' title='bbox 3473 1795 3549 1858; x_wconf 85' lang='grc' dir='ltr'><strong>ὡς</strong></span> <span class='ocrx_word' id='word_1_483' title='bbox 3582 1794 3649 1848; x_wconf 81' lang='grc' dir='ltr'><strong>σὺ</strong></span> 
     </span>
    </p>
   </div>
   <div class='ocr_carea' id='block_1_63' title="bbox 2062 1884 3651 1958">
    <p class='ocr_par' dir='ltr' id='par_1_63' title="bbox 2062 1884 3651 1958">
     <span class='ocr_line' id='line_1_63' title="bbox 2062 1884 3651 1958; baseline -0.004 -14"><span class='ocrx_word' id='word_1_484' title='bbox 2062 1891 2158 1944; x_wconf 81' lang='grc' dir='ltr'><strong><em>τοῦ</em></strong></span> <span class='ocrx_word' id='word_1_485' title='bbox 2198 1890 2357 1958; x_wconf 83' lang='grc' dir='ltr'>λόγου</span> <span class='ocrx_word' id='word_1_486' title='bbox 2410 1890 2670 1951; x_wconf 79' lang='grc' dir='ltr'><strong>πλάττεις</strong></span> <span class='ocrx_word' id='word_1_487' title='bbox 2728 1889 2819 1941; x_wconf 86' lang='grc' dir='ltr'><strong><em>τὸν</em></strong></span> <span class='ocrx_word' id='word_1_488' title='bbox 2871 1886 3187 1957; x_wconf 82' lang='grc' dir='ltr'><strong>ἀνδριάντα,</strong></span> <span class='ocrx_word' id='word_1_489' title='bbox 3243 1884 3513 1938; x_wconf 81' lang='grc' dir='ltr'><strong>θεσπεσία</strong></span> <span class='ocrx_word' id='word_1_490' title='bbox 3560 1900 3651 1949; x_wconf 86' lang='grc' dir='ltr'><strong><em>μοι</em></strong></span> 
     </span>
    </p>
   </div>
   <div class='ocr_carea' id='block_1_64' title="bbox 2066 1975 3653 2052">
    <p class='ocr_par' dir='ltr' id='par_1_64' title="bbox 2066 1975 3653 2052">
     <span class='ocr_line' id='line_1_64' title="bbox 2066 1975 3653 2052; baseline -0.006 -16"><span class='ocrx_word' id='word_1_491' title='bbox 2066 1983 2300 2052; x_wconf 82' lang='grc' dir='ltr'><strong>κεφαλή.</strong></span> <span class='ocrx_word' id='word_1_492' title='bbox 2338 1980 2491 2043; x_wconf 63' lang='grc' dir='ltr'>,Ἀλλ’</span> <span class='ocrx_word' id='word_1_493' title='bbox 2521 1977 2979 2047; x_wconf 71' lang='grc' dir='ltr'><strong>ἔλαθονὲμαυτδν</strong></span> <span class='ocrx_word' id='word_1_494' title='bbox 3015 1978 3311 2046; x_wconf 80' lang='grc' dir='ltr'><strong>ἀνδριάντα</strong></span> <span class='ocrx_word' id='word_1_495' title='bbox 3359 1976 3519 2043; x_wconf 85' lang='grc' dir='ltr'><strong>λόγου</strong></span> <span class='ocrx_word' id='word_1_496' title='bbox 3551 1975 3653 2045; x_wconf 83' lang='grc' dir='ltr'><strong>τὴν</strong></span> 
     </span>
    </p>
   </div>
   <div class='ocr_carea' id='block_1_65' title="bbox 2067 2065 3656 2142">
    <p class='ocr_par' dir='ltr' id='par_1_65' title="bbox 2067 2065 3656 2142">
     <span class='ocr_line' id='line_1_65' title="bbox 2067 2065 3656 2142; baseline -0.003 -17"><span class='ocrx_word' id='word_1_497' title='bbox 2067 2075 2167 2142; x_wconf 73' lang='grc' dir='ltr'><strong>σὴν</strong></span> <span class='ocrx_word' id='word_1_498' title='bbox 2192 2071 2467 2142; x_wconf 82' lang='grc' dir='ltr'><strong>ὀνομάσας</strong></span> <span class='ocrx_word' id='word_1_499' title='bbox 2502 2071 2746 2141; x_wconf 79' lang='grc' dir='ltr'><strong>γραφὴν,</strong></span> <span class='ocrx_word' id='word_1_500' title='bbox 2770 2070 2798 2121; x_wconf 88' lang='grc' dir='ltr'>ὁ</span> <span class='ocrx_word' id='word_1_501' title='bbox 2845 2069 2944 2138; x_wconf 81' lang='grc' dir='ltr'><strong>μὲν</strong></span> <span class='ocrx_word' id='word_1_502' title='bbox 2971 2070 3078 2136; x_wconf 73' lang='grc' dir='ltr'><strong><em>γὰρ</em></strong></span> <span class='ocrx_word' id='word_1_503' title='bbox 3121 2067 3345 2134; x_wconf 80' lang='grc' dir='ltr'><strong>ἀνδριὰς</strong></span> <span class='ocrx_word' id='word_1_504' title='bbox 3376 2065 3656 2135; x_wconf 84' lang='grc' dir='ltr'><strong>τεχνητῶς</strong></span> 
     </span>
    </p>
   </div>
   <div class='ocr_carea' id='block_1_66' title="bbox 2064 2157 3661 2233">
    <p class='ocr_par' dir='ltr' id='par_1_66' title="bbox 2064 2157 3661 2233">
     <span class='ocr_line' id='line_1_66' title="bbox 2064 2157 3661 2233; baseline -0.006 -16"><span class='ocrx_word' id='word_1_505' title='bbox 2064 2164 2135 2218; x_wconf 84' lang='grc' dir='ltr'><strong>τὰ</strong></span> <span class='ocrx_word' id='word_1_506' title='bbox 2162 2163 2267 2229; x_wconf 75' lang='grc' dir='ltr'><strong><em>ἔξω</em></strong></span> <span class='ocrx_word' id='word_1_507' title='bbox 2320 2162 2717 2233; x_wconf 84' lang='grc' dir='ltr'><strong>περιπλασθεὶς</strong></span> <span class='ocrx_word' id='word_1_508' title='bbox 2747 2160 2847 2213; x_wconf 79' lang='grc' dir='ltr'><strong>οὐκ</strong></span> <span class='ocrx_word' id='word_1_509' title='bbox 2888 2160 2968 2212; x_wconf 77' lang='grc' dir='ltr'><strong><em>ἔτι</em></strong></span> <span class='ocrx_word' id='word_1_510' title='bbox 2999 2160 3092 2212; x_wconf 76' lang='grc' dir='ltr'><strong>καὶ</strong></span> <span class='ocrx_word' id='word_1_511' title='bbox 3119 2159 3179 2211; x_wconf 76' lang='grc' dir='ltr'><strong>τὸ</strong></span> <span class='ocrx_word' id='word_1_512' title='bbox 3213 2160 3311 2227; x_wconf 85' lang='grc' dir='ltr'><strong>τῆς</strong></span> <span class='ocrx_word' id='word_1_513' title='bbox 3340 2157 3516 2227; x_wconf 75' lang='grc' dir='ltr'><strong>ψυχῆς</strong></span> <span class='ocrx_word' id='word_1_514' title='bbox 3563 2174 3661 2209; x_wconf 72' lang='lat' dir='ltr'><strong><em>nec</em></strong></span> 
     </span>
    </p>
   </div>
   <div class='ocr_carea' id='block_1_67' title="bbox 2066 2248 3654 2326">
    <p class='ocr_par' dir='ltr' id='par_1_67' title="bbox 2066 2248 3654 2326">
     <span class='ocr_line' id='line_1_67' title="bbox 2066 2248 3654 2326; baseline -0.007 -15"><span class='ocrx_word' id='word_1_515' title='bbox 2066 2256 2344 2326; x_wconf 87' lang='grc' dir='ltr'><strong>κλήρωται</strong></span> <span class='ocrx_word' id='word_1_516' title='bbox 2378 2257 2601 2326; x_wconf 83' lang='grc' dir='ltr'><strong>χρῆμα·</strong></span> <span class='ocrx_word' id='word_1_517' title='bbox 2628 2253 2789 2308; x_wconf 82' lang='grc' dir='ltr'><strong>τοῦτο</strong></span> <span class='ocrx_word' id='word_1_518' title='bbox 2823 2252 2935 2322; x_wconf 76' lang='grc' dir='ltr'><strong>γὰρ</strong></span> <span class='ocrx_word' id='word_1_519' title='bbox 2964 2253 2997 2320; x_wconf 91' lang='grc' dir='ltr'><strong><em>ή</em></strong></span> <span class='ocrx_word' id='word_1_520' title='bbox 3052 2250 3215 2320; x_wconf 78' lang='grc' dir='ltr'><strong>φύσις</strong></span> <span class='ocrx_word' id='word_1_521' title='bbox 3253 2250 3415 2319; x_wconf 84' lang='grc' dir='ltr'><strong>μόνον</strong></span> <span class='ocrx_word' id='word_1_522' title='bbox 3436 2252 3536 2318; x_wconf 82' lang='grc' dir='ltr'><strong>τῆς</strong></span> <span class='ocrx_word' id='word_1_523' title='bbox 3561 2248 3654 2301; x_wconf 81' lang='grc' dir='ltr'><strong><em>τέ-</em></strong></span> 
     </span>
    </p>
   </div>
   <div class='ocr_carea' id='block_1_68' title="bbox 2066 2339 3656 2419">
    <p class='ocr_par' dir='ltr' id='par_1_68' title="bbox 2066 2339 3656 2419">
     <span class='ocr_line' id='line_1_68' title="bbox 2066 2339 3656 2419; baseline -0.008 -15"><span class='ocrx_word' id='word_1_524' title='bbox 2066 2364 2197 2419; x_wconf 84' lang='grc' dir='ltr'><strong>χνης</strong></span> <span class='ocrx_word' id='word_1_525' title='bbox 2223 2348 2549 2418; x_wconf 82' lang='grc' dir='ltr'><strong>ὑπέρκειται</strong></span> <span class='ocrx_word' id='word_1_526' title='bbox 2574 2362 2589 2377; x_wconf 83' lang='grc'><em>’</em></span> <span class='ocrx_word' id='word_1_527' title='bbox 2624 2346 2684 2399; x_wconf 83' lang='grc' dir='ltr'><strong>τὸ</strong></span> <span class='ocrx_word' id='word_1_528' title='bbox 2729 2345 2783 2399; x_wconf 80' lang='grc' dir='ltr'><strong><em>δὲ</em></strong></span> <span class='ocrx_word' id='word_1_529' title='bbox 2838 2345 2932 2398; x_wconf 87' lang='grc' dir='ltr'><strong>σὸν</strong></span> <span class='ocrx_word' id='word_1_530' title='bbox 2960 2344 3199 2414; x_wconf 86' lang='grc' dir='ltr'><strong>γράμμα</strong></span> <span class='ocrx_word' id='word_1_531' title='bbox 3227 2344 3322 2395; x_wconf 81' lang='grc' dir='ltr'><strong>καὶ</strong></span> <span class='ocrx_word' id='word_1_532' title='bbox 3352 2341 3511 2410; x_wconf 80' lang='grc' dir='ltr'><strong>σῶμα</strong></span> <span class='ocrx_word' id='word_1_533' title='bbox 3555 2339 3656 2409; x_wconf 86' lang='grc' dir='ltr'><strong>μὲν</strong></span> 
     </span>
    </p>
   </div>
   <div class='ocr_carea' id='block_1_69' title="bbox 2066 2433 3654 2510">
    <p class='ocr_par' dir='ltr' id='par_1_69' title="bbox 2066 2433 3654 2510">
     <span class='ocr_line' id='line_1_69' title="bbox 2066 2433 3654 2510; baseline -0.006 -17"><span class='ocrx_word' id='word_1_534' title='bbox 2066 2441 2267 2510; x_wconf 84' lang='grc' dir='ltr'><strong>ὡραῖον</strong></span> <span class='ocrx_word' id='word_1_535' title='bbox 2305 2439 2509 2504; x_wconf 79' lang='grc' dir='ltr'><strong>ἔξωθεν</strong></span> <span class='ocrx_word' id='word_1_536' title='bbox 2541 2439 2982 2509; x_wconf 80' lang='grc' dir='ltr'><strong>περιπέπλαστο,</strong></span> <span class='ocrx_word' id='word_1_537' title='bbox 3015 2436 3110 2489; x_wconf 73' lang='grc' dir='ltr'><strong>καὶ</strong></span> <span class='ocrx_word' id='word_1_538' title='bbox 3140 2433 3325 2506; x_wconf 79' lang='grc' dir='ltr'><strong>ψυχὴν</strong></span> <span class='ocrx_word' id='word_1_539' title='bbox 3364 2434 3410 2487; x_wconf 87' lang='grc' dir='ltr'><strong>δ’</strong></span> <span class='ocrx_word' id='word_1_540' title='bbox 3432 2434 3654 2502; x_wconf 80' lang='grc' dir='ltr'><strong>εὐτύχει</strong></span> 
     </span>
    </p>
   </div>
   <div class='ocr_carea' id='block_1_70' title="bbox 2068 2526 3660 2601">
    <p class='ocr_par' dir='ltr' id='par_1_70' title="bbox 2068 2526 3660 2601">
     <span class='ocr_line' id='line_1_70' title="bbox 2068 2526 3660 2601; baseline -0.006 -16"><span class='ocrx_word' id='word_1_541' title='bbox 2068 2532 2283 2586; x_wconf 74' lang='grc' dir='ltr'><strong>ἔνδοθεν</strong></span> <span class='ocrx_word' id='word_1_542' title='bbox 2341 2532 2630 2601; x_wconf 86' lang='grc' dir='ltr'><strong>μουσικήν.</strong></span> <span class='ocrx_word' id='word_1_543' title='bbox 2691 2528 2880 2590; x_wconf 77' lang='grc' dir='ltr'><strong>Οὕτως</strong></span> <span class='ocrx_word' id='word_1_544' title='bbox 2923 2526 3263 2595; x_wconf 80' lang='grc' dir='ltr'><strong>ἑαλώκειμὲν</strong></span> <span class='ocrx_word' id='word_1_545' title='bbox 3297 2542 3391 2578; x_wconf 77' lang='grc' dir='ltr'><strong>σου</strong></span> <span class='ocrx_word' id='word_1_546' title='bbox 3415 2527 3535 2586; x_wconf 84' lang='grc' dir='ltr'><strong>ταῖς</strong></span> <span class='ocrx_word' id='word_1_547' title='bbox 3570 2542 3660 2592; x_wconf 91' lang='grc' dir='ltr'><strong>μι-</strong></span> 
     </span>
    </p>
   </div>
   <div class='ocr_carea' id='block_1_71' title="bbox 2069 2614 3660 2695">
    <p class='ocr_par' dir='ltr' id='par_1_71' title="bbox 2069 2614 3660 2695">
     <span class='ocr_line' id='line_1_71' title="bbox 2069 2614 3660 2695; baseline -0.008 -17"><span class='ocrx_word' id='word_1_548' title='bbox 2069 2626 2230 2695; x_wconf 85' lang='grc' dir='ltr'><strong>κραῖς</strong></span> <span class='ocrx_word' id='word_1_549' title='bbox 2270 2622 2587 2685; x_wconf 73' lang='grc' dir='ltr'><strong>συλλαϐαῖς,</strong></span> <span class='ocrx_word' id='word_1_550' title='bbox 2636 2620 2874 2690; x_wconf 85' lang='grc' dir='ltr'><strong>μεγίστη</strong></span> <span class='ocrx_word' id='word_1_551' title='bbox 2900 2618 3068 2688; x_wconf 81' lang='grc' dir='ltr'><strong>ψυχὴ,</strong></span> <span class='ocrx_word' id='word_1_552' title='bbox 3107 2617 3250 2670; x_wconf 79' lang='grc' dir='ltr'><strong>οὕτω</strong></span> <span class='ocrx_word' id='word_1_553' title='bbox 3284 2633 3376 2668; x_wconf 84' lang='grc' dir='ltr'><strong><em>σου</em></strong></span> <span class='ocrx_word' id='word_1_554' title='bbox 3403 2618 3515 2678; x_wconf 80' lang='grc' dir='ltr'><strong>τοῖς</strong></span> <span class='ocrx_word' id='word_1_555' title='bbox 3545 2614 3660 2667; x_wconf 83' lang='grc' dir='ltr'><strong>ὀλί-</strong></span> 
     </span>
    </p>
   </div>
   <div class='ocr_carea' id='block_1_72' title="bbox 2071 2706 3657 2783">
    <p class='ocr_par' dir='ltr' id='par_1_72' title="bbox 2071 2706 3657 2783">
     <span class='ocr_line' id='line_1_72' title="bbox 2071 2706 3657 2783; baseline -0.006 -17"><span class='ocrx_word' id='word_1_556' title='bbox 2071 2731 2189 2783; x_wconf 86' lang='grc' dir='ltr'><strong>γοις</strong></span> <span class='ocrx_word' id='word_1_557' title='bbox 2216 2711 2754 2782; x_wconf 81' lang='grc' dir='ltr'><strong>ἠνδραποδίσθημεν,</strong></span> <span class='ocrx_word' id='word_1_558' title='bbox 2780 2709 2955 2771; x_wconf 70' lang='grc' dir='ltr'><strong>οὕτως</strong></span> <span class='ocrx_word' id='word_1_559' title='bbox 2980 2710 3045 2761; x_wconf 83' lang='grc' dir='ltr'><strong><em>ὲκ</em></strong></span> <span class='ocrx_word' id='word_1_560' title='bbox 3076 2708 3186 2760; x_wconf 83' lang='grc' dir='ltr'><strong>τῶν</strong></span> <span class='ocrx_word' id='word_1_561' title='bbox 3217 2706 3374 2759; x_wconf 80' lang='grc' dir='ltr'><strong>ὢτων</strong></span> <span class='ocrx_word' id='word_1_562' title='bbox 3404 2706 3657 2766; x_wconf 80' lang='grc' dir='ltr'><strong>δεθέντες</strong></span> 
     </span>
    </p>
   </div>
   <div class='ocr_carea' id='block_1_73' title="bbox 2070 2798 3655 2874">
    <p class='ocr_par' dir='ltr' id='par_1_73' title="bbox 2070 2798 3655 2874">
     <span class='ocr_line' id='line_1_73' title="bbox 2070 2798 3655 2874; baseline -0.006 -14"><span class='ocrx_word' id='word_1_563' title='bbox 2070 2803 2329 2874; x_wconf 80' lang='grc' dir='ltr'><strong>εἱλκύσθη</strong></span> <span class='ocrx_word' id='word_1_564' title='bbox 2340 2820 2441 2873; x_wconf 89' lang='grc' dir='ltr'><strong><em>μεν</em></strong></span> <span class='ocrx_word' id='word_1_565' title='bbox 2463 2803 2553 2855; x_wconf 78' lang='grc' dir='ltr'><strong>τὸν</strong></span> <span class='ocrx_word' id='word_1_566' title='bbox 2575 2802 2782 2870; x_wconf 84' lang='grc' dir='ltr'><strong>γλυκὺν</strong></span> <span class='ocrx_word' id='word_1_567' title='bbox 2802 2801 2992 2853; x_wconf 77' lang='grc' dir='ltr'><strong>τοῦτον</strong></span> <span class='ocrx_word' id='word_1_568' title='bbox 3013 2800 3181 2853; x_wconf 80' lang='grc' dir='ltr'><strong>ἑλκυσ</strong></span> <span class='ocrx_word' id='word_1_569' title='bbox 3191 2800 3289 2869; x_wconf 85' lang='grc' dir='ltr'><strong>μὸν</strong></span> <span class='ocrx_word' id='word_1_570' title='bbox 3313 2799 3405 2851; x_wconf 73' lang='grc' dir='ltr'><strong>καὶ</strong></span> <span class='ocrx_word' id='word_1_571' title='bbox 3430 2798 3655 2868; x_wconf 86' lang='grc' dir='ltr'><strong>δεσμόν.</strong></span> 
     </span>
    </p>
   </div>
   <div class='ocr_carea' id='block_1_74' title="bbox 2083 2887 3661 2963">
    <p class='ocr_par' dir='ltr' id='par_1_74' title="bbox 2083 2887 3661 2963">
     <span class='ocr_line' id='line_1_74' title="bbox 2083 2887 3661 2963; baseline -0.004 -17"><span class='ocrx_word' id='word_1_572' title='bbox 2083 2893 2247 2946; x_wconf 81' lang='grc' dir='ltr'><strong>Ἀλλὰ</strong></span> <span class='ocrx_word' id='word_1_573' title='bbox 2278 2893 2354 2963; x_wconf 83' lang='grc' dir='ltr'><strong>μὴ</strong></span> <span class='ocrx_word' id='word_1_574' title='bbox 2385 2890 2641 2962; x_wconf 83' lang='grc' dir='ltr'><strong>διαλίπῃς</strong></span> <span class='ocrx_word' id='word_1_575' title='bbox 2677 2892 2771 2942; x_wconf 72' lang='grc' dir='ltr'><strong>καὶ</strong></span> <span class='ocrx_word' id='word_1_576' title='bbox 2802 2890 2895 2943; x_wconf 76' lang='grc' dir='ltr'><strong><em>ἐπὶ</em></strong></span> <span class='ocrx_word' id='word_1_577' title='bbox 2937 2892 3000 2958; x_wconf 84' lang='grc' dir='ltr'><strong>τῇ</strong></span> <span class='ocrx_word' id='word_1_578' title='bbox 3033 2891 3207 2959; x_wconf 84' lang='grc' dir='ltr'><strong>χρυσῇ</strong></span> <span class='ocrx_word' id='word_1_579' title='bbox 3259 2905 3354 2940; x_wconf 86' lang='grc' dir='ltr'><strong><em>σου</em></strong></span> <span class='ocrx_word' id='word_1_580' title='bbox 3392 2887 3502 2940; x_wconf 81' lang='grc' dir='ltr'><strong>τῶν</strong></span> <span class='ocrx_word' id='word_1_581' title='bbox 3537 2887 3661 2939; x_wconf 69' lang='grc' dir='ltr'><strong><em>ἐπι·</em></strong></span> 
     </span>
    </p>
   </div>
   <div class='ocr_carea' id='block_1_75' title="bbox 2074 2977 3659 3052">
    <p class='ocr_par' dir='ltr' id='par_1_75' title="bbox 2074 2977 3659 3052">
     <span class='ocr_line' id='line_1_75' title="bbox 2074 2977 3659 3052; baseline -0.004 -17"><span class='ocrx_word' id='word_1_582' title='bbox 2074 2984 2276 3037; x_wconf 83' lang='grc' dir='ltr'><strong>στολῶν</strong></span> <span class='ocrx_word' id='word_1_583' title='bbox 2311 2980 2561 3052; x_wconf 79' lang='grc' dir='ltr'><strong>μηρίνθῳ</strong></span> <span class='ocrx_word' id='word_1_584' title='bbox 2590 2981 2809 3047; x_wconf 85' lang='grc' dir='ltr'><strong>δεσμῶν</strong></span> <span class='ocrx_word' id='word_1_585' title='bbox 2833 2983 2927 3033; x_wconf 71' lang='grc' dir='ltr'><strong>καὶ</strong></span> <span class='ocrx_word' id='word_1_586' title='bbox 2951 2980 3128 3033; x_wconf 73' lang='grc' dir='ltr'>ἕλκων</span> <span class='ocrx_word' id='word_1_587' title='bbox 3160 2980 3329 3049; x_wconf 76' lang='grc' dir='ltr'><strong>ἡμᾶς.</strong></span> <span class='ocrx_word' id='word_1_588' title='bbox 3364 2977 3526 3040; x_wconf 79' lang='grc' dir='ltr'><strong>Λύεις</strong></span> <span class='ocrx_word' id='word_1_589' title='bbox 3549 2977 3659 3047; x_wconf 84' lang='grc' dir='ltr'><strong><em>γάρ</em></strong></span> 
     </span>
    </p>
   </div>
   <div class='ocr_carea' id='block_1_76' title="bbox 2067 3059 3660 3143">
    <p class='ocr_par' dir='ltr' id='par_1_76' title="bbox 2067 3059 3660 3143">
     <span class='ocr_line' id='line_1_76' title="bbox 2067 3059 3660 3143; baseline -0.003 -18"><span class='ocrx_word' id='word_1_590' title='bbox 2067 3073 2271 3143; x_wconf 80' lang='grc' dir='ltr'><strong>μᾶλλον</strong></span> <span class='ocrx_word' id='word_1_591' title='bbox 2293 3072 2436 3125; x_wconf 76' lang='grc' dir='ltr'><strong>οὕτω</strong></span> <span class='ocrx_word' id='word_1_592' title='bbox 2461 3072 2705 3141; x_wconf 81' lang='grc' dir='ltr'><strong>δεσμῶν,</strong></span> <span class='ocrx_word' id='word_1_593' title='bbox 2739 3059 2834 3125; x_wconf 70' lang='grc' dir='ltr'><strong>καὶ</strong></span> <span class='ocrx_word' id='word_1_594' title='bbox 2864 3071 3037 3134; x_wconf 75' lang='grc' dir='ltr'><strong>οὕτως</strong></span> <span class='ocrx_word' id='word_1_595' title='bbox 3068 3070 3247 3124; x_wconf 67' lang='grc' dir='ltr'>ἕλκων</span> <span class='ocrx_word' id='word_1_596' title='bbox 3280 3067 3660 3138; x_wconf 80' lang='grc' dir='ltr'><strong>ὲδραιοτέρους</strong></span> 
     </span>
    </p>
   </div>
   <div class='ocr_carea' id='block_1_77' title="bbox 2069 3161 3200 3235">
    <p class='ocr_par' dir='ltr' id='par_1_77' title="bbox 2069 3161 3200 3235">
     <span class='ocr_line' id='line_1_77' title="bbox 2069 3161 3200 3235; baseline 0.004 -18"><span class='ocrx_word' id='word_1_597' title='bbox 2069 3164 2269 3235; x_wconf 83' lang='grc' dir='ltr'>μᾶλλον</span> <span class='ocrx_word' id='word_1_598' title='bbox 2300 3166 2506 3228; x_wconf 86' lang='grc' dir='ltr'><strong>ποιεῖς.</strong></span> <span class='ocrx_word' id='word_1_599' title='bbox 3176 3161 3200 3183; x_wconf 78' lang='grc'><strong>⁸</strong></span> 
     </span>
    </p>
   </div>
   <div class='ocr_carea' id='block_1_78' title="bbox 2234 3321 3489 3391">
    <p class='ocr_par' dir='ltr' id='par_1_78' title="bbox 2234 3321 3489 3391">
     <span class='ocr_line' id='line_1_78' title="bbox 2234 3321 3489 3391; baseline 0 -16"><span class='ocrx_word' id='word_1_600' title='bbox 2234 3321 2326 3375; x_wconf 86' lang='grc' dir='ltr'><strong><em>ΙΙΙ.</em></strong></span> <span class='ocrx_word' id='word_1_601' title='bbox 2370 3323 2709 3391; x_wconf 75' lang='lat' dir='ltr'><strong><em>~Ejusdem</em></strong></span> <span class='ocrx_word' id='word_1_602' title='bbox 2750 3323 2982 3391; x_wconf 75' lang='lat' dir='ltr'><strong><em>cpistola</em></strong></span> <span class='ocrx_word' id='word_1_603' title='bbox 3036 3321 3103 3376; x_wconf 87' lang='lat' dir='ltr'><strong><em>ad</em></strong></span> <span class='ocrx_word' id='word_1_604' title='bbox 3154 3321 3489 3388; x_wconf 78' lang='lat' dir='ltr'><strong><em>logothetam</em></strong></span> 
     </span>
    </p>
   </div>
   <div class='ocr_carea' id='block_1_79' title="bbox 2390 3392 3352 3461">
    <p class='ocr_par' dir='ltr' id='par_1_79' title="bbox 2390 3392 3352 3461">
     <span class='ocr_line' id='line_1_79' title="bbox 2390 3392 3352 3461; baseline -0.006 -13"><span class='ocrx_word' id='word_1_605' title='bbox 2390 3393 2676 3448; x_wconf 87' lang='lat' dir='ltr'><strong><em>dominum</em></strong></span> <span class='ocrx_word' id='word_1_606' title='bbox 2710 3393 3051 3461; x_wconf 79' lang='lat' dir='ltr'><strong><em>Stephanum</em></strong></span> <span class='ocrx_word' id='word_1_607' title='bbox 3081 3392 3352 3445; x_wconf 76' lang='lat' dir='ltr'><strong><em>Mclctem.</em></strong></span> 
     </span>
    </p>
   </div>
   <div class='ocr_carea' id='block_1_80' title="bbox 2155 3502 3664 3576">
    <p class='ocr_par' dir='ltr' id='par_1_80' title="bbox 2155 3502 3664 3576">
     <span class='ocr_line' id='line_1_80' title="bbox 2155 3502 3664 3576; baseline 0.004 -23"><span class='ocrx_word' id='word_1_608' title='bbox 2155 3502 2310 3558; x_wconf 87' lang='lat' dir='ltr'><strong><em>Dicas</em></strong></span> <span class='ocrx_word' id='word_1_609' title='bbox 2339 3504 2466 3559; x_wconf 88' lang='lat' dir='ltr'><strong><em>mihi</em></strong></span> <span class='ocrx_word' id='word_1_610' title='bbox 2498 3505 2738 3576; x_wconf 85' lang='lat' dir='ltr'><strong><em>deinceps</em></strong></span> <span class='ocrx_word' id='word_1_611' title='bbox 2763 3502 3086 3575; x_wconf 78' lang='lat' dir='ltr'><strong><em>Hymettum,</em></strong></span> <span class='ocrx_word' id='word_1_612' title='bbox 3107 3513 3155 3556; x_wconf 89' lang='lat' dir='ltr'><strong><em>et</em></strong></span> <span class='ocrx_word' id='word_1_613' title='bbox 3184 3519 3423 3557; x_wconf 84' lang='lat' dir='ltr'><strong><em>numeres</em></strong></span> <span class='ocrx_word' id='word_1_614' title='bbox 3447 3503 3664 3559; x_wconf 83' lang='lat' dir='ltr'><strong><em>Sirenas</em></strong></span> 
     </span>
    </p>
   </div>
   <div class='ocr_carea' id='block_1_81' title="bbox 2078 3594 3659 3666">
    <p class='ocr_par' dir='ltr' id='par_1_81' title="bbox 2078 3594 3659 3666">
     <span class='ocr_line' id='line_1_81' title="bbox 2078 3594 3659 3666; baseline 0.003 -19"><span class='ocrx_word' id='word_1_615' title='bbox 2078 3604 2126 3647; x_wconf 85' lang='lat' dir='ltr'><strong><em>et</em></strong></span> <span class='ocrx_word' id='word_1_616' title='bbox 2164 3594 2461 3650; x_wconf 86' lang='lat' dir='ltr'><strong><em>Thebanam</em></strong></span> <span class='ocrx_word' id='word_1_617' title='bbox 2489 3595 2660 3665; x_wconf 89' lang='lat' dir='ltr'><strong><em>lyram</em></strong></span> <span class='ocrx_word' id='word_1_618' title='bbox 2693 3613 2956 3666; x_wconf 83' lang='lat' dir='ltr'><strong><em>praponas</em></strong></span> <span class='ocrx_word' id='word_1_619' title='bbox 2992 3612 3189 3649; x_wconf 85' lang='lat' dir='ltr'><strong><em>necnon</em></strong></span> <span class='ocrx_word' id='word_1_620' title='bbox 3214 3596 3476 3650; x_wconf 87' lang='lat' dir='ltr'><strong><em>citharam</em></strong></span> <span class='ocrx_word' id='word_1_621' title='bbox 3499 3598 3659 3651; x_wconf 84' lang='lat' dir='ltr'><strong><em>Ario-</em></strong></span> 
     </span>
    </p>
   </div>
   <div class='ocr_carea' id='block_1_82' title="bbox 2082 3686 3664 3759">
    <p class='ocr_par' dir='ltr' id='par_1_82' title="bbox 2082 3686 3664 3759">
     <span class='ocr_line' id='line_1_82' title="bbox 2082 3686 3664 3759; baseline 0.002 -20"><span class='ocrx_word' id='word_1_622' title='bbox 2082 3688 2162 3740; x_wconf 88' lang='lat' dir='ltr'><strong><em>nis</em></strong></span> <span class='ocrx_word' id='word_1_623' title='bbox 2182 3705 2321 3752; x_wconf 71' lang='lat' dir='ltr'><strong><em>;qua:</em></strong></span> <span class='ocrx_word' id='word_1_624' title='bbox 2351 3689 2530 3742; x_wconf 87' lang='lat' dir='ltr'><strong><em>omnia</em></strong></span> <span class='ocrx_word' id='word_1_625' title='bbox 2558 3690 2771 3742; x_wconf 90' lang='lat' dir='ltr'><strong><em>omnino</em></strong></span> <span class='ocrx_word' id='word_1_626' title='bbox 2797 3686 3223 3758; x_wconf 84' lang='lat' dir='ltr'><strong><em>minusjncunda</em></strong></span> <span class='ocrx_word' id='word_1_627' title='bbox 3255 3695 3303 3741; x_wconf 89' lang='lat' dir='ltr'><strong><em>et</em></strong></span> <span class='ocrx_word' id='word_1_628' title='bbox 3324 3688 3499 3742; x_wconf 88' lang='lat' dir='ltr'><strong><em>dulcia</em></strong></span> <span class='ocrx_word' id='word_1_629' title='bbox 3512 3689 3664 3759; x_wconf 85' lang='lat' dir='ltr'><strong><em>judi-</em></strong></span> 
     </span>
    </p>
   </div>
   <div class='ocr_carea' id='block_1_83' title="bbox 2081 3773 3669 3845">
    <p class='ocr_par' dir='ltr' id='par_1_83' title="bbox 2081 3773 3669 3845">
     <span class='ocr_line' id='line_1_83' title="bbox 2081 3773 3669 3845; baseline 0.001 -18"><span class='ocrx_word' id='word_1_630' title='bbox 2081 3775 2361 3839; x_wconf 86' lang='lat' dir='ltr'><strong><em>cabuntnr,</em></strong></span> <span class='ocrx_word' id='word_1_631' title='bbox 2391 3777 2435 3828; x_wconf 89' lang='lat' dir='ltr'><strong><em>si</em></strong></span> <span class='ocrx_word' id='word_1_632' title='bbox 2459 3791 2577 3829; x_wconf 89' lang='lat' dir='ltr'><strong><em>cum</em></strong></span> <span class='ocrx_word' id='word_1_633' title='bbox 2611 3792 2720 3829; x_wconf 90' lang='lat' dir='ltr'><strong><em>una</em></strong></span> <span class='ocrx_word' id='word_1_634' title='bbox 2747 3773 3092 3845; x_wconf 84' lang='lat' dir='ltr'><strong><em>epistolarum</em></strong></span> <span class='ocrx_word' id='word_1_635' title='bbox 3131 3781 3346 3827; x_wconf 86' lang='lat' dir='ltr'><strong><em>tuarum</em></strong></span> <span class='ocrx_word' id='word_1_636' title='bbox 3387 3775 3669 3844; x_wconf 81' lang='lat' dir='ltr'><strong><em>conferan-</em></strong></span> 
     </span>
    </p>
   </div>
   <div class='ocr_carea' id='block_1_84' title="bbox 2081 3865 3667 3938">
    <p class='ocr_par' dir='ltr' id='par_1_84' title="bbox 2081 3865 3667 3938">
     <span class='ocr_line' id='line_1_84' title="bbox 2081 3865 3667 3938; baseline 0.002 -20"><span class='ocrx_word' id='word_1_637' title='bbox 2081 3874 2186 3919; x_wconf 88' lang='lat' dir='ltr'><strong><em>tur.</em></strong></span> <span class='ocrx_word' id='word_1_638' title='bbox 2218 3865 2432 3931; x_wconf 85' lang='lat' dir='ltr'><strong><em>Quanta</em></strong></span> <span class='ocrx_word' id='word_1_639' title='bbox 2457 3868 2596 3920; x_wconf 89' lang='lat' dir='ltr'><strong><em>enim</em></strong></span> <span class='ocrx_word' id='word_1_640' title='bbox 2629 3872 2759 3938; x_wconf 85' lang='lat' dir='ltr'><strong><em>(per</em></strong></span> <span class='ocrx_word' id='word_1_641' title='bbox 2780 3865 2941 3920; x_wconf 89' lang='lat' dir='ltr'><strong><em>solem</em></strong></span> <span class='ocrx_word' id='word_1_642' title='bbox 2967 3866 3117 3919; x_wconf 86' lang='lat' dir='ltr'><strong><em>illum</em></strong></span> <span class='ocrx_word' id='word_1_643' title='bbox 3150 3867 3240 3934; x_wconf 88' lang='lat' dir='ltr'><strong><em>qui</em></strong></span> <span class='ocrx_word' id='word_1_644' title='bbox 3266 3867 3463 3920; x_wconf 67' lang='lat' dir='ltr'><strong><em>caneris</em></strong></span> <span class='ocrx_word' id='word_1_645' title='bbox 3498 3866 3667 3921; x_wconf 84' lang='lat' dir='ltr'><strong><em>stellis</em></strong></span> 
     </span>
    </p>
   </div>
   <div class='ocr_carea' id='block_1_85' title="bbox 2082 3956 3665 4028">
    <p class='ocr_par' dir='ltr' id='par_1_85' title="bbox 2082 3956 3665 4028">
     <span class='ocr_line' id='line_1_85' title="bbox 2082 3956 3665 4028; baseline 0 -18"><span class='ocrx_word' id='word_1_646' title='bbox 2082 3959 2340 4027; x_wconf 78' lang='lat' dir='ltr'><strong><em>prwstat)</em></strong></span> <span class='ocrx_word' id='word_1_647' title='bbox 2377 3958 2687 4028; x_wconf 81' lang='lat' dir='ltr'><strong><em>effusissima</em></strong></span> <span class='ocrx_word' id='word_1_648' title='bbox 2716 3956 2984 4027; x_wconf 82' lang='lat' dir='ltr'><strong><em>voluptate</em></strong></span> <span class='ocrx_word' id='word_1_649' title='bbox 3010 3972 3240 4028; x_wconf 71' lang='lat' dir='ltr'><strong><em>aspersa!</em></strong></span> <span class='ocrx_word' id='word_1_650' title='bbox 3268 3956 3429 4010; x_wconf 86' lang='lat' dir='ltr'><strong><em>sunt!</em></strong></span> <span class='ocrx_word' id='word_1_651' title='bbox 3462 3965 3665 4027; x_wconf 88' lang='lat' dir='ltr'><strong><em>quanta</em></strong></span> 
     </span>
    </p>
   </div>
   <div class='ocr_carea' id='block_1_86' title="bbox 2080 4046 3668 4118">
    <p class='ocr_par' dir='ltr' id='par_1_86' title="bbox 2080 4046 3668 4118">
     <span class='ocr_line' id='line_1_86' title="bbox 2080 4046 3668 4118; baseline 0 -17"><span class='ocrx_word' id='word_1_652' title='bbox 2080 4049 2292 4102; x_wconf 82' lang='lat' dir='ltr'><strong><em>sublimi</em></strong></span> <span class='ocrx_word' id='word_1_653' title='bbox 2318 4049 2765 4117; x_wconf 85' lang='lat' dir='ltr'><strong><em>contemplatione</em></strong></span> <span class='ocrx_word' id='word_1_654' title='bbox 2798 4051 3009 4118; x_wconf 87' lang='lat' dir='ltr'><strong><em>rapitur</em></strong></span> <span class='ocrx_word' id='word_1_655' title='bbox 3029 4049 3100 4102; x_wconf 87' lang='lat' dir='ltr'><strong><em>ad</em></strong></span> <span class='ocrx_word' id='word_1_656' title='bbox 3130 4046 3298 4101; x_wconf 87' lang='lat' dir='ltr'><strong><em>Deam</em></strong></span> <span class='ocrx_word' id='word_1_657' title='bbox 3336 4064 3479 4102; x_wconf 86' lang='lat' dir='ltr'><strong><em>mens</em></strong></span> <span class='ocrx_word' id='word_1_658' title='bbox 3506 4057 3668 4117; x_wconf 84' lang='lat' dir='ltr'><strong><em>atque</em></strong></span> 
     </span>
    </p>
   </div>
   <div class='ocr_carea' id='block_1_87' title="bbox 2085 4138 3664 4211">
    <p class='ocr_par' dir='ltr' id='par_1_87' title="bbox 2085 4138 3664 4211">
     <span class='ocr_line' id='line_1_87' title="bbox 2085 4138 3664 4211; baseline -0.001 -16"><span class='ocrx_word' id='word_1_659' title='bbox 2085 4142 2349 4211; x_wconf 89' lang='lat' dir='ltr'><strong><em>erigitur!</em></strong></span> <span class='ocrx_word' id='word_1_660' title='bbox 2386 4151 2649 4210; x_wconf 83' lang='lat' dir='ltr'><strong><em>quantum</em></strong></span> <span class='ocrx_word' id='word_1_661' title='bbox 2679 4142 2831 4211; x_wconf 83' lang='lat' dir='ltr'><strong><em>ﬂoret</em></strong></span> <span class='ocrx_word' id='word_1_662' title='bbox 2866 4140 2921 4193; x_wconf 91' lang='lat' dir='ltr'><strong><em>in</em></strong></span> <span class='ocrx_word' id='word_1_663' title='bbox 2955 4140 3028 4193; x_wconf 91' lang='lat' dir='ltr'><strong><em>eis</em></strong></span> <span class='ocrx_word' id='word_1_664' title='bbox 3055 4140 3257 4192; x_wconf 81' lang='lat' dir='ltr'><strong><em>Atticus</em></strong></span> <span class='ocrx_word' id='word_1_665' title='bbox 3302 4138 3517 4193; x_wconf 86' lang='lat' dir='ltr'><strong><em>sermo!</em></strong></span> <span class='ocrx_word' id='word_1_666' title='bbox 3544 4139 3664 4193; x_wconf 74' lang='lat' dir='ltr'><strong><em>Non</em></strong></span> 
     </span>
    </p>
   </div>
   <div class='ocr_carea' id='block_1_88' title="bbox 2081 4229 3667 4301">
    <p class='ocr_par' dir='ltr' id='par_1_88' title="bbox 2081 4229 3667 4301">
     <span class='ocr_line' id='line_1_88' title="bbox 2081 4229 3667 4301; baseline -0.002 -16"><span class='ocrx_word' id='word_1_667' title='bbox 2081 4233 2157 4285; x_wconf 87' lang='lat' dir='ltr'><strong><em>sic</em></strong></span> <span class='ocrx_word' id='word_1_668' title='bbox 2190 4230 2377 4300; x_wconf 77' lang='lat' dir='ltr'><strong><em>Myron</em></strong></span> <span class='ocrx_word' id='word_1_669' title='bbox 2409 4246 2514 4285; x_wconf 75' lang='lat' dir='ltr'><strong><em>tere</em></strong></span> <span class='ocrx_word' id='word_1_670' title='bbox 2533 4231 2787 4299; x_wconf 84' lang='lat' dir='ltr'><strong><em>sculpsit;</em></strong></span> <span class='ocrx_word' id='word_1_671' title='bbox 2811 4245 2915 4283; x_wconf 88' lang='lat' dir='ltr'><strong><em>non</em></strong></span> <span class='ocrx_word' id='word_1_672' title='bbox 2943 4230 3017 4284; x_wconf 88' lang='lat' dir='ltr'><strong><em>sic</em></strong></span> <span class='ocrx_word' id='word_1_673' title='bbox 3035 4229 3251 4284; x_wconf 85' lang='lat' dir='ltr'><strong><em>Phidias</em></strong></span> <span class='ocrx_word' id='word_1_674' title='bbox 3282 4230 3543 4301; x_wconf 72' lang='lat' dir='ltr'><strong><em>depinxit,</em></strong></span> <span class='ocrx_word' id='word_1_675' title='bbox 3572 4245 3667 4283; x_wconf 83' lang='lat' dir='ltr'><strong><em>nec</em></strong></span> 
     </span>
    </p>
   </div>
   <div class='ocr_carea' id='block_1_89' title="bbox 2080 4320 3669 4391">
    <p class='ocr_par' dir='ltr' id='par_1_89' title="bbox 2080 4320 3669 4391">
     <span class='ocr_line' id='line_1_89' title="bbox 2080 4320 3669 4391; baseline -0.002 -15"><span class='ocrx_word' id='word_1_676' title='bbox 2080 4323 2157 4376; x_wconf 90' lang='lat' dir='ltr'><strong><em>sic</em></strong></span> <span class='ocrx_word' id='word_1_677' title='bbox 2215 4320 2500 4376; x_wconf 76' lang='lat' dir='ltr'><strong><em>Architeles</em></strong></span> <span class='ocrx_word' id='word_1_678' title='bbox 2552 4322 2772 4391; x_wconf 83' lang='lat' dir='ltr'><strong><em>polivit:</em></strong></span> <span class='ocrx_word' id='word_1_679' title='bbox 2829 4321 2922 4375; x_wconf 88' lang='lat' dir='ltr'><strong><em>ille</em></strong></span> <span class='ocrx_word' id='word_1_680' title='bbox 2957 4322 3167 4388; x_wconf 84' lang='lat' dir='ltr'><strong><em>quidem</em></strong></span> <span class='ocrx_word' id='word_1_681' title='bbox 3226 4328 3461 4374; x_wconf 86' lang='lat' dir='ltr'><strong><em>statuam</em></strong></span> <span class='ocrx_word' id='word_1_682' title='bbox 3509 4330 3669 4390; x_wconf 80' lang='lat' dir='ltr'><strong><em>atque</em></strong></span> 
     </span>
    </p>
   </div>
   <div class='ocr_carea' id='block_1_90' title="bbox 2082 4412 3666 4484">
    <p class='ocr_par' dir='ltr' id='par_1_90' title="bbox 2082 4412 3666 4484">
     <span class='ocr_line' id='line_1_90' title="bbox 2082 4412 3666 4484; baseline 0 -18"><span class='ocrx_word' id='word_1_683' title='bbox 2082 4415 2395 4483; x_wconf 85' lang='lat' dir='ltr'><strong><em>imaginem,</em></strong></span> <span class='ocrx_word' id='word_1_684' title='bbox 2428 4416 2510 4467; x_wconf 88' lang='lat' dir='ltr'><strong><em>hic</em></strong></span> <span class='ocrx_word' id='word_1_685' title='bbox 2568 4414 2876 4467; x_wconf 85' lang='lat' dir='ltr'><strong><em>columnam</em></strong></span> <span class='ocrx_word' id='word_1_686' title='bbox 2903 4421 3062 4484; x_wconf 89' lang='lat' dir='ltr'><strong><em>atque</em></strong></span> <span class='ocrx_word' id='word_1_687' title='bbox 3088 4413 3296 4483; x_wconf 83' lang='lat' dir='ltr'><strong><em>egregie</em></strong></span> <span class='ocrx_word' id='word_1_688' title='bbox 3346 4412 3575 4465; x_wconf 85' lang='lat' dir='ltr'><strong><em>multum</em></strong></span> <span class='ocrx_word' id='word_1_689' title='bbox 3618 4422 3666 4466; x_wconf 87' lang='lat' dir='ltr'><strong><em>et</em></strong></span> 
     </span>
    </p>
   </div>
   <div class='ocr_carea' id='block_1_91' title="bbox 2085 4504 3666 4576">
    <p class='ocr_par' dir='ltr' id='par_1_91' title="bbox 2085 4504 3666 4576">
     <span class='ocr_line' id='line_1_91' title="bbox 2085 4504 3666 4576; baseline -0.002 -16"><span class='ocrx_word' id='word_1_690' title='bbox 2085 4505 2367 4573; x_wconf 83' lang='lat' dir='ltr'><strong><em>artificiose</em></strong></span> <span class='ocrx_word' id='word_1_691' title='bbox 2394 4506 2722 4576; x_wconf 86' lang='lat' dir='ltr'><strong><em>perfecerunt</em></strong></span> <span class='ocrx_word' id='word_1_692' title='bbox 2744 4523 2763 4571; x_wconf 89' lang='lat'><strong><em>;</em></strong></span> <span class='ocrx_word' id='word_1_693' title='bbox 2792 4507 2870 4559; x_wconf 89' lang='lat' dir='ltr'><strong><em>uti</em></strong></span> <span class='ocrx_word' id='word_1_694' title='bbox 2897 4512 2975 4570; x_wconf 88' lang='lat' dir='ltr'><strong><em>tu,</em></strong></span> <span class='ocrx_word' id='word_1_695' title='bbox 3013 4520 3043 4558; x_wconf 87' lang='grc' dir='ltr'><strong>ο</strong></span> <span class='ocrx_word' id='word_1_696' title='bbox 3064 4504 3303 4558; x_wconf 82' lang='lat' dir='ltr'><strong><em>divinum</em></strong></span> <span class='ocrx_word' id='word_1_697' title='bbox 3347 4511 3525 4574; x_wconf 87' lang='lat' dir='ltr'><strong><em>caput,</em></strong></span> <span class='ocrx_word' id='word_1_698' title='bbox 3549 4520 3666 4558; x_wconf 81' lang='lat' dir='ltr'><strong><em>ser-</em></strong></span> 
     </span>
    </p>
   </div>
   <div class='ocr_carea' id='block_1_92' title="bbox 2085 4596 3665 4667">
    <p class='ocr_par' dir='ltr' id='par_1_92' title="bbox 2085 4596 3665 4667">
     <span class='ocr_line' id='line_1_92' title="bbox 2085 4596 3665 4667; baseline -0.002 -16"><span class='ocrx_word' id='word_1_699' title='bbox 2085 4600 2253 4652; x_wconf 87' lang='lat' dir='ltr'><strong><em>monis</em></strong></span> <span class='ocrx_word' id='word_1_700' title='bbox 2284 4599 2436 4666; x_wconf 90' lang='lat' dir='ltr'><strong><em>quasi</em></strong></span> <span class='ocrx_word' id='word_1_701' title='bbox 2469 4607 2705 4651; x_wconf 89' lang='lat' dir='ltr'><strong><em>statuam</em></strong></span> <span class='ocrx_word' id='word_1_702' title='bbox 2740 4596 2960 4667; x_wconf 80' lang='lat' dir='ltr'><strong><em>efﬁngis.</em></strong></span> <span class='ocrx_word' id='word_1_703' title='bbox 2996 4596 3186 4651; x_wconf 83' lang='lat' dir='ltr'><strong><em>Verum</em></strong></span> <span class='ocrx_word' id='word_1_704' title='bbox 3215 4598 3392 4649; x_wconf 80' lang='lat' dir='ltr'><strong><em>erraui</em></strong></span> <span class='ocrx_word' id='word_1_705' title='bbox 3430 4604 3665 4649; x_wconf 88' lang='lat' dir='ltr'><strong><em>statuam</em></strong></span> 
     </span>
    </p>
   </div>
   <div class='ocr_carea' id='block_1_93' title="bbox 391 4670 1971 4766">
    <p class='ocr_par' dir='ltr' id='par_1_93' title="bbox 391 4670 1971 4766">
     <span class='ocr_line' id='line_1_93' title="bbox 391 4670 1971 4766; baseline 0.008 -27"><span class='ocrx_word' id='word_1_706' title='bbox 391 4697 446 4739; x_wconf 87' lang='lat' dir='ltr'><strong><em>ut</em></strong></span> <span class='ocrx_word' id='word_1_707' title='bbox 477 4687 531 4740; x_wconf 88' lang='lat' dir='ltr'><strong><em>in</em></strong></span> <span class='ocrx_word' id='word_1_708' title='bbox 560 4696 742 4741; x_wconf 87' lang='lat' dir='ltr'><strong><em>sancto</em></strong></span> <span class='ocrx_word' id='word_1_709' title='bbox 769 4690 1026 4746; x_wconf 86' lang='lat' dir='ltr'><strong><em>tribunali</em></strong></span> <span class='ocrx_word' id='word_1_710' title='bbox 1047 4702 1095 4745; x_wconf 90' lang='lat' dir='ltr'><strong><em>et</em></strong></span> <span class='ocrx_word' id='word_1_711' title='bbox 1113 4694 1168 4747; x_wconf 86' lang='lat' dir='ltr'><strong><em>in</em></strong></span> <span class='ocrx_word' id='word_1_712' title='bbox 1199 4694 1353 4749; x_wconf 84' lang='lat' dir='ltr'><strong><em>domo</em></strong></span> <span class='ocrx_word' id='word_1_713' title='bbox 1380 4697 1522 4766; x_wconf 88' lang='lat' dir='ltr'><strong><em>regia</em></strong></span> <span class='ocrx_word' id='word_1_714' title='bbox 1540 4670 1604 4750; x_wconf 83' lang='lat' dir='ltr'><strong><em>de</em></strong></span> <span class='ocrx_word' id='word_1_715' title='bbox 1624 4670 1837 4753; x_wconf 86' lang='lat' dir='ltr'><strong><em>miseria</em></strong></span> <span class='ocrx_word' id='word_1_716' title='bbox 1860 4715 1971 4752; x_wconf 90' lang='lat' dir='ltr'><strong><em>mea</em></strong></span> 
     </span>
    </p>
   </div>
   <div class='ocr_carea' id='block_1_94' title="bbox 2072 4670 3666 4766">
    <p class='ocr_par' dir='ltr' id='par_1_94' title="bbox 2072 4684 3666 4759">
     <span class='ocr_line' id='line_1_94' title="bbox 2072 4684 3666 4759; baseline -0.003 -16"><span class='ocrx_word' id='word_1_717' title='bbox 2072 4684 2370 4743; x_wconf 75' lang='lat' dir='ltr'><strong><em>nominans</em></strong></span> <span class='ocrx_word' id='word_1_718' title='bbox 2429 4689 2570 4759; x_wconf 88' lang='lat' dir='ltr'><strong><em>quod</em></strong></span> <span class='ocrx_word' id='word_1_719' title='bbox 2594 4697 2649 4742; x_wconf 89' lang='lat' dir='ltr'><strong><em>tu</em></strong></span> <span class='ocrx_word' id='word_1_720' title='bbox 2678 4689 2881 4744; x_wconf 88' lang='lat' dir='ltr'><strong><em>scribis.</em></strong></span> <span class='ocrx_word' id='word_1_721' title='bbox 2915 4686 3109 4743; x_wconf 88' lang='lat' dir='ltr'><strong><em>Statua</em></strong></span> <span class='ocrx_word' id='word_1_722' title='bbox 3163 4689 3304 4742; x_wconf 90' lang='lat' dir='ltr'><strong><em>enim</em></strong></span> <span class='ocrx_word' id='word_1_723' title='bbox 3341 4687 3397 4741; x_wconf 88' lang='lat' dir='ltr'><strong><em>in</em></strong></span> <span class='ocrx_word' id='word_1_724' title='bbox 3437 4688 3666 4741; x_wconf 73' lang='lat' dir='ltr'><strong><em>externis</em></strong></span> 
     </span>
    </p>
   </div>
   <div class='ocr_carea' id='block_1_95' title="bbox 388 4780 1982 4857">
    <p class='ocr_par' dir='ltr' id='par_1_95' title="bbox 388 4780 1982 4857">
     <span class='ocr_line' id='line_1_95' title="bbox 388 4780 1982 4857; baseline 0.008 -28"><span class='ocrx_word' id='word_1_725' title='bbox 388 4787 438 4831; x_wconf 90' lang='lat' dir='ltr'><strong><em>te</em></strong></span> <span class='ocrx_word' id='word_1_726' title='bbox 470 4780 809 4846; x_wconf 88' lang='lat' dir='ltr'><strong><em>interpellare</em></strong></span> <span class='ocrx_word' id='word_1_727' title='bbox 840 4784 1057 4837; x_wconf 86' lang='lat' dir='ltr'><strong><em>ausim?</em></strong></span> <span class='ocrx_word' id='word_1_728' title='bbox 1088 4784 1292 4851; x_wconf 84' lang='lat' dir='ltr'><strong><em>Retine,</em></strong></span> <span class='ocrx_word' id='word_1_729' title='bbox 1329 4783 1528 4853; x_wconf 55' lang='lat' dir='ltr'><strong><em>quaiso,</em></strong></span> <span class='ocrx_word' id='word_1_730' title='bbox 1561 4791 1982 4857; x_wconf 85' lang='lat' dir='ltr'><strong><em>circumspectio-</em></strong></span> 
     </span>
    </p>
   </div>
   <div class='ocr_carea' id='block_1_96' title="bbox 388 4870 1981 4949">
    <p class='ocr_par' dir='ltr' id='par_1_96' title="bbox 388 4870 1981 4949">
     <span class='ocr_line' id='line_1_96' title="bbox 388 4870 1981 4949; baseline 0.006 -26"><span class='ocrx_word' id='word_1_731' title='bbox 388 4886 507 4924; x_wconf 88' lang='lat' dir='ltr'><strong><em>nem</em></strong></span> <span class='ocrx_word' id='word_1_732' title='bbox 541 4880 707 4925; x_wconf 89' lang='lat' dir='ltr'><strong><em>tuam.</em></strong></span> <span class='ocrx_word' id='word_1_733' title='bbox 739 4870 995 4944; x_wconf 89' lang='lat' dir='ltr'><strong><em>Linguam</em></strong></span> <span class='ocrx_word' id='word_1_734' title='bbox 1021 4874 1209 4929; x_wconf 73' lang='lat' dir='ltr'><strong><em>exilem</em></strong></span> <span class='ocrx_word' id='word_1_735' title='bbox 1257 4879 1452 4943; x_wconf 87' lang='lat' dir='ltr'><strong><em>reddis,</em></strong></span> <span class='ocrx_word' id='word_1_736' title='bbox 1480 4880 1699 4949; x_wconf 88' lang='lat' dir='ltr'><strong><em>dignam</em></strong></span> <span class='ocrx_word' id='word_1_737' title='bbox 1727 4894 1844 4948; x_wconf 73' lang='lat' dir='ltr'><strong><em>quw</em></strong></span> <span class='ocrx_word' id='word_1_738' title='bbox 1862 4897 1981 4933; x_wconf 88' lang='lat' dir='ltr'><strong><em>cum</em></strong></span> 
     </span>
    </p>
   </div>
   <div class='ocr_carea' id='block_1_97' title="bbox 385 4956 1984 5039">
    <p class='ocr_par' dir='ltr' id='par_1_97' title="bbox 385 4956 1984 5039">
     <span class='ocr_line' id='line_1_97' title="bbox 385 4956 1984 5039; baseline 0.006 -26"><span class='ocrx_word' id='word_1_739' title='bbox 385 4959 593 5014; x_wconf 76' lang='lat' dir='ltr'><strong><em>Joanne</em></strong></span> <span class='ocrx_word' id='word_1_740' title='bbox 617 4956 777 5027; x_wconf 88' lang='lat' dir='ltr'><strong><em>tonet,</em></strong></span> <span class='ocrx_word' id='word_1_741' title='bbox 813 4980 928 5017; x_wconf 89' lang='lat' dir='ltr'><strong><em>cum</em></strong></span> <span class='ocrx_word' id='word_1_742' title='bbox 950 4963 1122 5019; x_wconf 82' lang='lat' dir='ltr'><strong><em>Paulo</em></strong></span> <span class='ocrx_word' id='word_1_743' title='bbox 1145 4966 1264 5019; x_wconf 89' lang='lat' dir='ltr'><strong><em>tuba</em></strong></span> <span class='ocrx_word' id='word_1_744' title='bbox 1294 4976 1482 5031; x_wconf 81' lang='lat' dir='ltr'><strong><em>canat;</em></strong></span> <span class='ocrx_word' id='word_1_745' title='bbox 1508 4969 1660 5021; x_wconf 81' lang='lat' dir='ltr'><strong><em>rebus</em></strong></span> <span class='ocrx_word' id='word_1_746' title='bbox 1688 4970 1825 5021; x_wconf 81' lang='lat' dir='ltr'><strong><em>enim</em></strong></span> <span class='ocrx_word' id='word_1_747' title='bbox 1853 4968 1984 5039; x_wconf 82' lang='lat' dir='ltr'><strong><em>futi-</em></strong></span> 
     </span>
    </p>
   </div>
   <div class='ocr_carea' id='block_1_98' title="bbox 388 5050 1978 5130">
    <p class='ocr_par' dir='ltr' id='par_1_98' title="bbox 388 5050 1978 5130">
     <span class='ocr_line' id='line_1_98' title="bbox 388 5050 1978 5130; baseline 0.006 -24"><span class='ocrx_word' id='word_1_748' title='bbox 388 5050 522 5108; x_wconf 86' lang='lat' dir='ltr'><strong><em>libus</em></strong></span> <span class='ocrx_word' id='word_1_749' title='bbox 573 5072 788 5126; x_wconf 83' lang='lat' dir='ltr'><strong><em>Operam</em></strong></span> <span class='ocrx_word' id='word_1_750' title='bbox 820 5069 981 5113; x_wconf 80' lang='lat' dir='ltr'><strong><em>novat</em></strong></span> <span class='ocrx_word' id='word_1_751' title='bbox 1028 5077 1090 5113; x_wconf 86' lang='lat' dir='ltr'><strong><em>ac</em></strong></span> <span class='ocrx_word' id='word_1_752' title='bbox 1130 5061 1275 5113; x_wconf 86' lang='lat' dir='ltr'><strong><em>humi</em></strong></span> <span class='ocrx_word' id='word_1_753' title='bbox 1317 5062 1472 5130; x_wconf 86' lang='lat' dir='ltr'><strong><em>repit.</em></strong></span> <span class='ocrx_word' id='word_1_754' title='bbox 1524 5058 1801 5115; x_wconf 83' lang='lat' dir='ltr'><strong><em>Rationem</em></strong></span> <span class='ocrx_word' id='word_1_755' title='bbox 1830 5075 1978 5117; x_wconf 88' lang='lat' dir='ltr'><strong><em>tuam</em></strong></span> 
     </span>
    </p>
   </div>
   <div class='ocr_carea' id='block_1_99' title="bbox 387 5143 1974 5217">
    <p class='ocr_par' dir='ltr' id='par_1_99' title="bbox 387 5143 1974 5217">
     <span class='ocr_line' id='line_1_99' title="bbox 387 5143 1974 5217; baseline 0.004 -22"><span class='ocrx_word' id='word_1_756' title='bbox 387 5143 622 5214; x_wconf 67' lang='lat' dir='ltr'><strong><em>offendis,</em></strong></span> <span class='ocrx_word' id='word_1_757' title='bbox 657 5146 804 5198; x_wconf 90' lang='lat' dir='ltr'><strong><em>humi</em></strong></span> <span class='ocrx_word' id='word_1_758' title='bbox 824 5146 1119 5217; x_wconf 80' lang='lat' dir='ltr'><strong><em>deprimens</em></strong></span> <span class='ocrx_word' id='word_1_759' title='bbox 1144 5163 1261 5214; x_wconf 80' lang='lat' dir='ltr'><strong><em>qua:</em></strong></span> <span class='ocrx_word' id='word_1_760' title='bbox 1289 5148 1529 5201; x_wconf 87' lang='lat' dir='ltr'><strong><em>sublimis</em></strong></span> <span class='ocrx_word' id='word_1_761' title='bbox 1551 5155 1598 5200; x_wconf 89' lang='lat' dir='ltr'><strong><em>et</em></strong></span> <span class='ocrx_word' id='word_1_762' title='bbox 1629 5150 1855 5201; x_wconf 66' lang='lat' dir='ltr'><strong><em>(etherea</em></strong></span> <span class='ocrx_word' id='word_1_763' title='bbox 1879 5156 1974 5201; x_wconf 82' lang='lat' dir='ltr'><strong><em>est-</em></strong></span> 
     </span>
    </p>
   </div>
   <div class='ocr_carea' id='block_1_100' title="bbox 386 5236 1973 5309">
    <p class='ocr_par' dir='ltr' id='par_1_100' title="bbox 386 5236 1973 5309">
     <span class='ocr_line' id='line_1_100' title="bbox 386 5236 1973 5309; baseline 0.002 -19"><span class='ocrx_word' id='word_1_764' title='bbox 386 5236 555 5290; x_wconf 86' lang='lat' dir='ltr'><strong><em>Nemo</em></strong></span> <span class='ocrx_word' id='word_1_765' title='bbox 584 5239 684 5291; x_wconf 89' lang='lat' dir='ltr'><strong><em>nisi</em></strong></span> <span class='ocrx_word' id='word_1_766' title='bbox 716 5238 856 5293; x_wconf 86' lang='lat' dir='ltr'><strong><em>Deus</em></strong></span> <span class='ocrx_word' id='word_1_767' title='bbox 891 5248 938 5292; x_wconf 92' lang='lat' dir='ltr'><strong><em>et</em></strong></span> <span class='ocrx_word' id='word_1_768' title='bbox 972 5241 1264 5307; x_wconf 83' lang='lat' dir='ltr'><strong><em>imperator</em></strong></span> <span class='ocrx_word' id='word_1_769' title='bbox 1295 5250 1550 5309; x_wconf 80' lang='lat' dir='ltr'><strong><em>angustus</em></strong></span> <span class='ocrx_word' id='word_1_770' title='bbox 1581 5238 1737 5292; x_wconf 82' lang='lat' dir='ltr'><strong><em>laude</em></strong></span> <span class='ocrx_word' id='word_1_771' title='bbox 1764 5250 1854 5293; x_wconf 85' lang='lat' dir='ltr'><strong><em>tua</em></strong></span> <span class='ocrx_word' id='word_1_772' title='bbox 1893 5242 1973 5293; x_wconf 83' lang='lat' dir='ltr'><strong><em>di-</em></strong></span> 
     </span>
    </p>
   </div>
   <div class='ocr_carea' id='block_1_101' title="bbox 387 5330 1974 5403">
    <p class='ocr_par' dir='ltr' id='par_1_101' title="bbox 387 5330 1974 5403">
     <span class='ocr_line' id='line_1_101' title="bbox 387 5330 1974 5403; baseline 0.001 -21"><span class='ocrx_word' id='word_1_773' title='bbox 387 5346 522 5399; x_wconf 86' lang='lat' dir='ltr'><strong><em>gnus</em></strong></span> <span class='ocrx_word' id='word_1_774' title='bbox 546 5340 641 5386; x_wconf 82' lang='lat' dir='ltr'><strong><em>est.</em></strong></span> <span class='ocrx_word' id='word_1_775' title='bbox 672 5330 776 5385; x_wconf 81' lang='lat' dir='ltr'><strong><em>Hos</em></strong></span> <span class='ocrx_word' id='word_1_776' title='bbox 801 5333 1007 5403; x_wconf 78' lang='lat' dir='ltr'><strong><em>hymnis</em></strong></span> <span class='ocrx_word' id='word_1_777' title='bbox 1033 5332 1235 5384; x_wconf 46' lang='lat' dir='ltr'><strong><em>celebra</em></strong></span> <span class='ocrx_word' id='word_1_778' title='bbox 1260 5342 1309 5385; x_wconf 87' lang='lat' dir='ltr'><strong><em>et</em></strong></span> <span class='ocrx_word' id='word_1_779' title='bbox 1338 5331 1497 5385; x_wconf 86' lang='lat' dir='ltr'><strong><em>lauda</em></strong></span> <span class='ocrx_word' id='word_1_780' title='bbox 1524 5340 1571 5384; x_wconf 92' lang='lat' dir='ltr'><strong><em>et</em></strong></span> <span class='ocrx_word' id='word_1_781' title='bbox 1606 5334 1826 5385; x_wconf 85' lang='lat' dir='ltr'><strong><em>invicem</em></strong></span> <span class='ocrx_word' id='word_1_782' title='bbox 1853 5332 1974 5384; x_wconf 84' lang='lat' dir='ltr'><strong><em>lau—</em></strong></span> 
     </span>
    </p>
   </div>
   <div class='ocr_carea' id='block_1_102' title="bbox 389 5424 1977 5494">
    <p class='ocr_par' dir='ltr' id='par_1_102' title="bbox 389 5424 1977 5494">
     <span class='ocr_line' id='line_1_102' title="bbox 389 5424 1977 5494; baseline 0.001 -19"><span class='ocrx_word' id='word_1_783' title='bbox 389 5424 616 5478; x_wconf 86' lang='lat' dir='ltr'><strong><em>daberis.</em></strong></span> <span class='ocrx_word' id='word_1_784' title='bbox 650 5424 754 5478; x_wconf 83' lang='lat' dir='ltr'><strong><em>Nos</em></strong></span> <span class='ocrx_word' id='word_1_785' title='bbox 786 5435 964 5478; x_wconf 86' lang='lat' dir='ltr'><strong><em>autem</em></strong></span> <span class='ocrx_word' id='word_1_786' title='bbox 998 5435 1090 5479; x_wconf 88' lang='lat' dir='ltr'><strong><em>aut</em></strong></span> <span class='ocrx_word' id='word_1_787' title='bbox 1118 5443 1270 5480; x_wconf 84' lang='lat' dir='ltr'><strong><em>nemo</em></strong></span> <span class='ocrx_word' id='word_1_788' title='bbox 1307 5425 1464 5494; x_wconf 84' lang='lat' dir='ltr'><strong><em>plane</em></strong></span> <span class='ocrx_word' id='word_1_789' title='bbox 1500 5433 1591 5477; x_wconf 90' lang='lat' dir='ltr'><strong><em>aut</em></strong></span> <span class='ocrx_word' id='word_1_790' title='bbox 1625 5437 1789 5494; x_wconf 76' lang='lat' dir='ltr'><strong><em>poeta:</em></strong></span> <span class='ocrx_word' id='word_1_791' title='bbox 1820 5434 1977 5493; x_wconf 82' lang='lat' dir='ltr'><strong><em>atque</em></strong></span> 
     </span>
    </p>
   </div>
   <div class='ocr_carea' id='block_1_103' title="bbox 391 5515 1975 5582">
    <p class='ocr_par' dir='ltr' id='par_1_103' title="bbox 391 5515 1975 5582">
     <span class='ocr_line' id='line_1_103' title="bbox 391 5515 1975 5582; baseline 0.002 -17"><span class='ocrx_word' id='word_1_792' title='bbox 391 5524 625 5566; x_wconf 89' lang='lat' dir='ltr'><strong><em>oratores</em></strong></span> <span class='ocrx_word' id='word_1_793' title='bbox 670 5517 845 5568; x_wconf 85' lang='lat' dir='ltr'><strong><em>miseri</em></strong></span> <span class='ocrx_word' id='word_1_794' title='bbox 889 5515 1246 5576; x_wconf 81' lang='lat' dir='ltr'><strong><em>collaudante.</em></strong></span> <span class='ocrx_word' id='word_1_795' title='bbox 1295 5518 1394 5570; x_wconf 88' lang='lat' dir='ltr'><strong><em>nisi</em></strong></span> <span class='ocrx_word' id='word_1_796' title='bbox 1422 5524 1477 5568; x_wconf 89' lang='lat' dir='ltr'><strong><em>tu</em></strong></span> <span class='ocrx_word' id='word_1_797' title='bbox 1525 5520 1687 5570; x_wconf 84' lang='lat' dir='ltr'><strong><em>mavis</em></strong></span> <span class='ocrx_word' id='word_1_798' title='bbox 1724 5534 1838 5578; x_wconf 88' lang='lat' dir='ltr'><strong><em>nos,</em></strong></span> <span class='ocrx_word' id='word_1_799' title='bbox 1884 5520 1975 5582; x_wconf 86' lang='lat' dir='ltr'><strong><em>qui</em></strong></span> 
     </span>
    </p>
   </div>
   <div class='ocr_carea' id='block_1_104' title="bbox 391 5607 1982 5677">
    <p class='ocr_par' dir='ltr' id='par_1_104' title="bbox 391 5607 1982 5677">
     <span class='ocr_line' id='line_1_104' title="bbox 391 5607 1982 5677; baseline 0.003 -22"><span class='ocrx_word' id='word_1_800' title='bbox 391 5607 543 5669; x_wconf 73' lang='lat' dir='ltr'><strong><em>parvi</em></strong></span> <span class='ocrx_word' id='word_1_801' title='bbox 588 5608 741 5673; x_wconf 88' lang='lat' dir='ltr'><strong><em>pretii</em></strong></span> <span class='ocrx_word' id='word_1_802' title='bbox 795 5624 996 5669; x_wconf 85' lang='lat' dir='ltr'><strong><em>sumus.</em></strong></span> <span class='ocrx_word' id='word_1_803' title='bbox 1034 5609 1303 5663; x_wconf 87' lang='lat' dir='ltr'><strong><em>laudando</em></strong></span> <span class='ocrx_word' id='word_1_804' title='bbox 1336 5609 1643 5677; x_wconf 77' lang='lat' dir='ltr'><strong><em>facultatem</em></strong></span> <span class='ocrx_word' id='word_1_805' title='bbox 1675 5618 1821 5661; x_wconf 86' lang='lat' dir='ltr'><strong><em>tuam</em></strong></span> <span class='ocrx_word' id='word_1_806' title='bbox 1862 5610 1982 5660; x_wconf 85' lang='lat' dir='ltr'><strong><em>rhe—</em></strong></span> 
     </span>
    </p>
   </div>
   <div class='ocr_carea' id='block_1_105' title="bbox 398 5696 1981 5770">
    <p class='ocr_par' dir='ltr' id='par_1_105' title="bbox 398 5696 1981 5770">
     <span class='ocr_line' id='line_1_105' title="bbox 398 5696 1981 5770; baseline 0.004 -27"><span class='ocrx_word' id='word_1_807' title='bbox 398 5696 621 5748; x_wconf 86' lang='lat' dir='ltr'><strong><em>toricam</em></strong></span> <span class='ocrx_word' id='word_1_808' title='bbox 659 5713 919 5763; x_wconf 72' lang='lat' dir='ltr'><strong><em>exserere,</em></strong></span> <span class='ocrx_word' id='word_1_809' title='bbox 962 5707 1013 5751; x_wconf 87' lang='lat' dir='ltr'><strong><em>et</em></strong></span> <span class='ocrx_word' id='word_1_810' title='bbox 1061 5699 1446 5770; x_wconf 76' lang='lat' dir='ltr'><strong><em>philosophiam</em></strong></span> <span class='ocrx_word' id='word_1_811' title='bbox 1486 5716 1603 5753; x_wconf 89' lang='lat' dir='ltr'><strong><em>cum</em></strong></span> <span class='ocrx_word' id='word_1_812' title='bbox 1647 5699 1981 5753; x_wconf 85' lang='lat' dir='ltr'><strong><em>humanitate</em></strong></span> 
     </span>
    </p>
   </div>
   <div class='ocr_carea' id='block_1_106' title="bbox 396 5782 1489 5863">
    <p class='ocr_par' dir='ltr' id='par_1_106' title="bbox 396 5782 1489 5863">
     <span class='ocr_line' id='line_1_106' title="bbox 396 5782 1489 5863; baseline 0.01 -27"><span class='ocrx_word' id='word_1_813' title='bbox 396 5782 639 5849; x_wconf 86' lang='lat' dir='ltr'><strong><em>junctam</em></strong></span> <span class='ocrx_word' id='word_1_814' title='bbox 666 5792 867 5855; x_wconf 76' lang='lat' dir='ltr'><strong><em>satagis</em></strong></span> <span class='ocrx_word' id='word_1_815' title='bbox 893 5795 947 5846; x_wconf 89' lang='lat' dir='ltr'><strong><em>in</em></strong></span> <span class='ocrx_word' id='word_1_816' title='bbox 978 5795 1204 5847; x_wconf 84' lang='lat' dir='ltr'><strong><em>medium</em></strong></span> <span class='ocrx_word' id='word_1_817' title='bbox 1230 5800 1489 5863; x_wconf 79' lang='lat' dir='ltr'><strong><em>proferre.</em></strong></span> 
     </span>
    </p>
   </div>
   <div class='ocr_carea' id='block_1_107' title="bbox 2083 4779 3664 4851">
    <p class='ocr_par' dir='ltr' id='par_1_107' title="bbox 2083 4779 3664 4851">
     <span class='ocr_line' id='line_1_107' title="bbox 2083 4779 3664 4851; baseline -0.001 -18"><span class='ocrx_word' id='word_1_818' title='bbox 2083 4783 2322 4843; x_wconf 86' lang='lat' dir='ltr'><strong><em>partibus</em></strong></span> <span class='ocrx_word' id='word_1_819' title='bbox 2357 4790 2566 4835; x_wconf 86' lang='lat' dir='ltr'><strong><em>tantum</em></strong></span> <span class='ocrx_word' id='word_1_820' title='bbox 2595 4781 2890 4851; x_wconf 87' lang='lat' dir='ltr'><strong><em>fabrefacta</em></strong></span> <span class='ocrx_word' id='word_1_821' title='bbox 2925 4779 3058 4833; x_wconf 85' lang='lat' dir='ltr'><strong><em>nihil</em></strong></span> <span class='ocrx_word' id='word_1_822' title='bbox 3080 4781 3237 4835; x_wconf 88' lang='lat' dir='ltr'><strong><em>habet</em></strong></span> <span class='ocrx_word' id='word_1_823' title='bbox 3262 4782 3401 4849; x_wconf 86' lang='lat' dir='ltr'><strong><em>quod</em></strong></span> <span class='ocrx_word' id='word_1_824' title='bbox 3428 4782 3664 4832; x_wconf 85' lang='lat' dir='ltr'><strong><em>animum</em></strong></span> 
     </span>
    </p>
   </div>
   <div class='ocr_carea' id='block_1_108' title="bbox 2089 4873 3668 4944">
    <p class='ocr_par' dir='ltr' id='par_1_108' title="bbox 2089 4873 3668 4944">
     <span class='ocr_line' id='line_1_108' title="bbox 2089 4873 3668 4944; baseline -0.002 -17"><span class='ocrx_word' id='word_1_825' title='bbox 2089 4875 2337 4944; x_wconf 84' lang='lat' dir='ltr'><strong><em>attingat.</em></strong></span> <span class='ocrx_word' id='word_1_826' title='bbox 2380 4874 2474 4927; x_wconf 80' lang='lat' dir='ltr'><strong><em>llic</em></strong></span> <span class='ocrx_word' id='word_1_827' title='bbox 2504 4874 2675 4926; x_wconf 88' lang='lat' dir='ltr'><strong><em>solum</em></strong></span> <span class='ocrx_word' id='word_1_828' title='bbox 2706 4880 2901 4926; x_wconf 87' lang='lat' dir='ltr'><strong><em>natura</em></strong></span> <span class='ocrx_word' id='word_1_829' title='bbox 2939 4881 3109 4925; x_wconf 88' lang='lat' dir='ltr'><strong><em>artem</em></strong></span> <span class='ocrx_word' id='word_1_830' title='bbox 3149 4873 3351 4938; x_wconf 81' lang='lat' dir='ltr'><strong><em>vincit;</em></strong></span> <span class='ocrx_word' id='word_1_831' title='bbox 3390 4886 3509 4938; x_wconf 70' lang='lat' dir='ltr'><strong><em>quia</em></strong></span> <span class='ocrx_word' id='word_1_832' title='bbox 3554 4889 3586 4924; x_wconf 91' lang='lat' dir='ltr'><strong><em>a</em></strong></span> <span class='ocrx_word' id='word_1_833' title='bbox 3618 4881 3668 4924; x_wconf 90' lang='lat' dir='ltr'><strong><em>te</em></strong></span> 
     </span>
    </p>
   </div>
   <div class='ocr_carea' id='block_1_109' title="bbox 2089 4964 3666 5035">
    <p class='ocr_par' dir='ltr' id='par_1_109' title="bbox 2089 4964 3666 5035">
     <span class='ocr_line' id='line_1_109' title="bbox 2089 4964 3666 5035; baseline -0.003 -14"><span class='ocrx_word' id='word_1_834' title='bbox 2089 4969 2393 5021; x_wconf 85' lang='lat' dir='ltr'><strong><em>scribuntur</em></strong></span> <span class='ocrx_word' id='word_1_835' title='bbox 2424 4977 2470 5019; x_wconf 88' lang='lat' dir='ltr'><strong><em>et</em></strong></span> <span class='ocrx_word' id='word_1_836' title='bbox 2492 4982 2679 5035; x_wconf 87' lang='lat' dir='ltr'><strong><em>corpus</em></strong></span> <span class='ocrx_word' id='word_1_837' title='bbox 2702 4967 2894 5019; x_wconf 82' lang='lat' dir='ltr'><strong><em>habent</em></strong></span> <span class='ocrx_word' id='word_1_838' title='bbox 2915 4974 3137 5020; x_wconf 73' lang='lat' dir='ltr'><strong><em>externa</em></strong></span> <span class='ocrx_word' id='word_1_839' title='bbox 3169 4964 3341 5034; x_wconf 91' lang='lat' dir='ltr'><strong><em>specie</em></strong></span> <span class='ocrx_word' id='word_1_840' title='bbox 3367 4972 3666 5030; x_wconf 85' lang='lat' dir='ltr'><strong><em>venustum,</em></strong></span> 
     </span>
    </p>
   </div>
   <div class='ocr_carea' id='block_1_110' title="bbox 2079 5055 3667 5127">
    <p class='ocr_par' dir='ltr' id='par_1_110' title="bbox 2079 5055 3667 5127">
     <span class='ocr_line' id='line_1_110' title="bbox 2079 5055 3667 5127; baseline -0.002 -16"><span class='ocrx_word' id='word_1_841' title='bbox 2079 5067 2126 5111; x_wconf 87' lang='lat' dir='ltr'><strong><em>et</em></strong></span> <span class='ocrx_word' id='word_1_842' title='bbox 2159 5059 2342 5110; x_wconf 89' lang='lat' dir='ltr'><strong><em>anima</em></strong></span> <span class='ocrx_word' id='word_1_843' title='bbox 2403 5057 2527 5109; x_wconf 85' lang='lat' dir='ltr'><strong><em>bene</em></strong></span> <span class='ocrx_word' id='word_1_844' title='bbox 2567 5058 2707 5109; x_wconf 89' lang='lat' dir='ltr'><strong><em>intus</em></strong></span> <span class='ocrx_word' id='word_1_845' title='bbox 2737 5058 2784 5110; x_wconf 89' lang='lat' dir='ltr'><strong><em>ei</em></strong></span> <span class='ocrx_word' id='word_1_846' title='bbox 2825 5057 3121 5127; x_wconf 87' lang='lat' dir='ltr'><strong><em>respondet.</em></strong></span> <span class='ocrx_word' id='word_1_847' title='bbox 3161 5055 3249 5110; x_wconf 91' lang='lat' dir='ltr'><strong><em>Sic</em></strong></span> <span class='ocrx_word' id='word_1_848' title='bbox 3302 5057 3497 5126; x_wconf 86' lang='lat' dir='ltr'><strong><em>captivi</em></strong></span> <span class='ocrx_word' id='word_1_849' title='bbox 3544 5056 3667 5108; x_wconf 83' lang='lat' dir='ltr'><strong><em>red-</em></strong></span> 
     </span>
    </p>
   </div>
   <div class='ocr_carea' id='block_1_111' title="bbox 2079 5148 3665 5219">
    <p class='ocr_par' dir='ltr' id='par_1_111' title="bbox 2079 5148 3665 5219">
     <span class='ocr_line' id='line_1_111' title="bbox 2079 5148 3665 5219; baseline -0.002 -15"><span class='ocrx_word' id='word_1_850' title='bbox 2079 5152 2257 5204; x_wconf 86' lang='lat' dir='ltr'><strong><em>dimur</em></strong></span> <span class='ocrx_word' id='word_1_851' title='bbox 2314 5152 2498 5219; x_wconf 79' lang='lat' dir='ltr'><strong><em>paucis</em></strong></span> <span class='ocrx_word' id='word_1_852' title='bbox 2560 5168 2592 5203; x_wconf 92' lang='lat' dir='ltr'><strong><em>a</em></strong></span> <span class='ocrx_word' id='word_1_853' title='bbox 2650 5149 2873 5219; x_wconf 87' lang='lat' dir='ltr'><strong><em>syllabis</em></strong></span> <span class='ocrx_word' id='word_1_854' title='bbox 2936 5156 3005 5207; x_wconf 85' lang='lat' dir='ltr'><strong><em>to</em></strong></span> <span class='ocrx_word' id='word_1_855' title='bbox 3040 5151 3227 5203; x_wconf 87' lang='lat' dir='ltr'><strong><em>anima</em></strong></span> <span class='ocrx_word' id='word_1_856' title='bbox 3279 5148 3513 5201; x_wconf 87' lang='lat' dir='ltr'><strong><em>omnium</em></strong></span> <span class='ocrx_word' id='word_1_857' title='bbox 3548 5164 3665 5201; x_wconf 86' lang='lat' dir='ltr'><strong><em>ma-</em></strong></span> 
     </span>
    </p>
   </div>
   <div class='ocr_carea' id='block_1_112' title="bbox 2077 5238 3668 5308">
    <p class='ocr_par' dir='ltr' id='par_1_112' title="bbox 2077 5238 3668 5308">
     <span class='ocr_line' id='line_1_112' title="bbox 2077 5238 3668 5308; baseline -0.003 -16"><span class='ocrx_word' id='word_1_858' title='bbox 2077 5238 2283 5308; x_wconf 75' lang='lat' dir='ltr'><strong><em>a‘ima),</em></strong></span> <span class='ocrx_word' id='word_1_859' title='bbox 2310 5240 2384 5291; x_wconf 88' lang='lat' dir='ltr'><strong><em>sic</em></strong></span> <span class='ocrx_word' id='word_1_860' title='bbox 2426 5239 2661 5292; x_wconf 77' lang='lat' dir='ltr'><strong><em>brevibus</em></strong></span> <span class='ocrx_word' id='word_1_861' title='bbox 2699 5238 3026 5292; x_wconf 81' lang='lat' dir='ltr'><strong><em>sermonibus</em></strong></span> <span class='ocrx_word' id='word_1_862' title='bbox 3060 5239 3407 5301; x_wconf 82' lang='lat' dir='ltr'><strong><em>devincimur,</em></strong></span> <span class='ocrx_word' id='word_1_863' title='bbox 3463 5239 3538 5290; x_wconf 91' lang='lat' dir='ltr'><strong><em>sic</em></strong></span> <span class='ocrx_word' id='word_1_864' title='bbox 3572 5252 3668 5288; x_wconf 89' lang='lat' dir='ltr'><strong><em>au-</em></strong></span> 
     </span>
    </p>
   </div>
   <div class='ocr_carea' id='block_1_113' title="bbox 2077 5320 3667 5400">
    <p class='ocr_par' dir='ltr' id='par_1_113' title="bbox 2077 5320 3667 5400">
     <span class='ocr_line' id='line_1_113' title="bbox 2077 5320 3667 5400; baseline -0.001 -16"><span class='ocrx_word' id='word_1_865' title='bbox 2077 5333 2220 5384; x_wconf 86' lang='lat' dir='ltr'><strong><em>ribus</em></strong></span> <span class='ocrx_word' id='word_1_866' title='bbox 2248 5330 2397 5399; x_wconf 86' lang='lat' dir='ltr'><strong><em>ligati</em></strong></span> <span class='ocrx_word' id='word_1_867' title='bbox 2416 5330 2801 5400; x_wconf 81' lang='lat' dir='ltr'><strong><em>dulciimputsu</em></strong></span> <span class='ocrx_word' id='word_1_868' title='bbox 2823 5330 3135 5400; x_wconf 85' lang='lat' dir='ltr'><strong><em>vinculoque</em></strong></span> <span class='ocrx_word' id='word_1_869' title='bbox 3160 5320 3443 5383; x_wconf 81' lang='lat' dir='ltr'><strong><em>trahimur.</em></strong></span> <span class='ocrx_word' id='word_1_870' title='bbox 3479 5326 3667 5383; x_wconf 80' lang='lat' dir='ltr'><strong><em>Veram</em></strong></span> 
     </span>
    </p>
   </div>
   <div class='ocr_carea' id='block_1_114' title="bbox 2081 5423 3666 5493">
    <p class='ocr_par' dir='ltr' id='par_1_114' title="bbox 2081 5423 3666 5493">
     <span class='ocr_line' id='line_1_114' title="bbox 2081 5423 3666 5493; baseline -0.001 -18"><span class='ocrx_word' id='word_1_871' title='bbox 2081 5439 2144 5475; x_wconf 90' lang='lat' dir='ltr'><strong><em>ne</em></strong></span> <span class='ocrx_word' id='word_1_872' title='bbox 2173 5423 2372 5480; x_wconf 83' lang='lat' dir='ltr'><strong><em>desine.</em></strong></span> <span class='ocrx_word' id='word_1_873' title='bbox 2416 5432 2572 5492; x_wconf 86' lang='lat' dir='ltr'><strong><em>atque</em></strong></span> <span class='ocrx_word' id='word_1_874' title='bbox 2607 5440 2769 5477; x_wconf 85' lang='lat' dir='ltr'><strong><em>aureo</em></strong></span> <span class='ocrx_word' id='word_1_875' title='bbox 2798 5424 3030 5493; x_wconf 89' lang='lat' dir='ltr'><strong><em>funiculo</em></strong></span> <span class='ocrx_word' id='word_1_876' title='bbox 3061 5423 3365 5477; x_wconf 86' lang='lat' dir='ltr'><strong><em>litterarum</em></strong></span> <span class='ocrx_word' id='word_1_877' title='bbox 3410 5423 3536 5493; x_wconf 88' lang='lat' dir='ltr'><strong><em>liges</em></strong></span> <span class='ocrx_word' id='word_1_878' title='bbox 3576 5438 3666 5474; x_wconf 87' lang='lat' dir='ltr'><strong><em>nos</em></strong></span> 
     </span>
    </p>
   </div>
   <div class='ocr_carea' id='block_1_115' title="bbox 2087 5513 3665 5585">
    <p class='ocr_par' dir='ltr' id='par_1_115' title="bbox 2087 5513 3665 5585">
     <span class='ocr_line' id='line_1_115' title="bbox 2087 5513 3665 5585; baseline 0 -19"><span class='ocrx_word' id='word_1_879' title='bbox 2087 5524 2242 5582; x_wconf 83' lang='lat' dir='ltr'><strong><em>atque</em></strong></span> <span class='ocrx_word' id='word_1_880' title='bbox 2279 5517 2483 5567; x_wconf 85' lang='lat' dir='ltr'><strong><em>trahas.</em></strong></span> <span class='ocrx_word' id='word_1_881' title='bbox 2509 5513 2678 5568; x_wconf 85' lang='lat' dir='ltr'><strong><em>Salvis</em></strong></span> <span class='ocrx_word' id='word_1_882' title='bbox 2703 5531 2795 5567; x_wconf 88' lang='lat' dir='ltr'><strong><em>uos</em></strong></span> <span class='ocrx_word' id='word_1_883' title='bbox 2824 5518 2991 5585; x_wconf 85' lang='lat' dir='ltr'><strong><em>magis</em></strong></span> <span class='ocrx_word' id='word_1_884' title='bbox 3022 5516 3067 5568; x_wconf 85' lang='lat' dir='ltr'><strong><em>si</em></strong></span> <span class='ocrx_word' id='word_1_885' title='bbox 3099 5515 3173 5568; x_wconf 90' lang='lat' dir='ltr'><strong><em>ita</em></strong></span> <span class='ocrx_word' id='word_1_886' title='bbox 3203 5515 3347 5584; x_wconf 87' lang='lat' dir='ltr'><strong><em>liges,</em></strong></span> <span class='ocrx_word' id='word_1_887' title='bbox 3370 5524 3417 5566; x_wconf 90' lang='lat' dir='ltr'><strong><em>et</em></strong></span> <span class='ocrx_word' id='word_1_888' title='bbox 3447 5514 3523 5566; x_wconf 84' lang='lat' dir='ltr'><strong><em>sic</em></strong></span> <span class='ocrx_word' id='word_1_889' title='bbox 3557 5520 3665 5566; x_wconf 82' lang='lat' dir='ltr'><strong><em>tra-</em></strong></span> 
     </span>
    </p>
   </div>
   <div class='ocr_carea' id='block_1_116' title="bbox 2087 5606 2855 5675">
    <p class='ocr_par' dir='ltr' id='par_1_116' title="bbox 2087 5606 2855 5675">
     <span class='ocr_line' id='line_1_116' title="bbox 2087 5606 2855 5675; baseline 0.004 -17"><span class='ocrx_word' id='word_1_890' title='bbox 2087 5608 2210 5659; x_wconf 85' lang='lat' dir='ltr'><strong><em>hens</em></strong></span> <span class='ocrx_word' id='word_1_891' title='bbox 2242 5624 2333 5660; x_wconf 85' lang='lat' dir='ltr'><strong><em>nos</em></strong></span> <span class='ocrx_word' id='word_1_892' title='bbox 2362 5606 2625 5675; x_wconf 72' lang='lat' dir='ltr'><strong><em>[iratiores</em></strong></span> <span class='ocrx_word' id='word_1_893' title='bbox 2661 5609 2855 5661; x_wconf 75' lang='lat' dir='ltr'><strong><em>reddis.</em></strong></span> 
     </span>
    </p>
   </div>
  </div>
