4050 6384
329 329 464 392 1249

1526 322 1853 382 SCRIPTA
1897 322 2454 385 MlSCELLANEA.

3454 321 3592 387 1250

325 450 397 496 A'.
430 473 500 482 —
539 440 647 494 Τοῦ
678 438 888 494 αὐτοῦ.
927 439 1013 503 Τῷ
1044 436 1470 509 ὀρφανοτρόςρῳ
1509 436 1607 509 καὶ
1640 436 1905 509 ξομοερύ-
1934 441 1982 496 Α
2008 434 2118 486 ἀπὸ
2150 435 2246 504 τῆς
2275 434 2661 504 σεμνωνυμίας
2686 436 2801 498 τοῖς
2832 435 3105 500 κάμνουσι
3132 434 3337 503 γίνοιτο
3357 451 3373 469 '
3404 436 3593 509 ὥσπερ

493 516 657 574 dum,
695 511 794 565 διὰ
827 510 944 579 τὴν
972 507 1414 575 κατασχοῦσαν
1442 505 1757 575 λοίμωξιγ.

405 625 498 676 Ἐκ
527 624 735 685 κοιλίας
768 622 920 693 ᾅδου,
961 621 1122 675 τοῦτο
1155 621 1218 689 δὴ
1273 620 1334 673 τὸ
1393 616 1901 688 προφητευύμενον,

326 714 421 766 καὶ
446 716 606 781 ἡμεῖς
622 731 705 765 σοι
733 713 832 774 τὰς
855 712 1043 780 ὀλίγας
1061 712 1259 764 ταύτας
1281 707 1623 778 ὑπηχοῦμεν,
1642 707 1900 771 δέσποτα,

330 795 621 868 συλλὶίῖὰς,
645 808 706 858 οὐ
737 807 996 875 τριταῖοι,
1031 804 1175 856 κατᾶ
1198 806 1289 854 τὸν
1336 801 1542 865 ’ῐωνᾶν,
1575 800 1642 870 τῇ
1678 798 1903 869 τοιαύτῃ

327 900 541 968 φρουρᾷ
579 897 1186 966 ἐνταὶαιπωρούμενοι,
1241 896 1323 946 ὅτι
1359 894 1493 963 μηδέ
1539 891 1710 954 τύπος
1740 893 1906 960 ἐσμὲν

326 994 401 1054 ὡς
433 996 640 1053 ἐκεῖνος
700 990 939 1060 Χριστοῦ
963 1006 977 1021 ·
1033 988 1149 1040 ἀλλ’
1184 988 1306 1040 οὐδὲ
1342 986 1526 1056 μέντοι
1567 987 1903 1049 τεταρταῖοι,

331 1086 474 1138 κατὰ
525 1087 616 1137 τὸν
671 1083 944 1153 Λάζαρον.
1004 1083 1085 1134 ὅτι
1150 1079 1287 1150 μηδέ
1342 1080 1485 1146 φίλοι
1540 1078 1661 1129 κατ’
1699 1080 1908 1129 ἐκεῖνον

328 1177 567 1250 Χριστοῦ
589 1195 603 1208 ·
634 1176 752 1230 ἀλλ’
788 1177 997 1229 ἑκταῖοι
1037 1175 1134 1242 μὲν
1165 1173 1225 1225 τὸ
1257 1172 1419 1241 μέχρι
1443 1170 1519 1238 (1)
1550 1169 1732 1238 δεῦρο,
1762 1167 1826 1219 τὸ
1852 1167 1908 1219 δὲ

330 1270 580 1325 ἐντεῦθεν
609 1272 635 1322 ὁ
666 1269 923 1336 κατάγων
950 1267 1031 1329 είς
1063 1264 1191 1335 ᾅδου
1222 1264 1315 1315 καί
1348 1261 1566 1329 ἀνάγων
1598 1261 1906 1312 ἐπίσταιτο.

330 1363 480 1425 Τέως
509 1362 565 1413 δὲ
615 1359 934 1429 ὑπηχοῦμεν
996 1356 1219 1425 ἀδρανεί
1277 1354 1374 1406 καὶ
1412 1351 1618 1422 λεπτῷ,
1675 1351 1771 1403 καὶ
1797 1343 1929 1403 οἷον.

332 1455 480 1523 ἔχειν
530 1451 677 1512 εἰκὸς
720 1450 816 1503 τὸν
876 1449 934 1514 ἐξ
968 1447 1094 1519 ᾅδου
1151 1444 1443 1510 λαλοῦντα,
1471 1443 1809 1514 κεχρημένοι
1835 1442 1911 1513 τῷ

332 1544 596 1614 ἄσθματι.
659 1543 804 1606 Χθὲς
847 1542 944 1610 μὲν
997 1541 1106 1610 γὰρ
1163 1538 1260 1592 καὶ
1319 1536 1498 1608 μικρῷ
1532 1540 1639 1607 πρὸ
1678 1538 1909 1606 ταύτης,

332 1637 489 1689 αύτοί
520 1636 579 1689 τὸ
605 1635 731 1706 ὅρος
766 1650 823 1686 τε
852 1634 1116 1694 ἀνιόντες,
1142 1632 1238 1682 καὶ
1275 1631 1534 1686 εἰσιόντες
1567 1627 1658 1680 τὸν
1688 1627 1908 1695 γνόφον,

332 1729 431 1781 καὶ
460 1725 682 1780 ἐνώπιοι
719 1724 936 1792 ἐνωπίῳ
978 1739 1062 1773 σοι
1101 1720 1475 1791 παρεστῶτες,
1519 1720 1613 1772 καὶ
1664 1719 1725 1770 τὺ
1773 1718 1911 1772 καθ-

2004 527 2197 596 ἀμέλει
2223 528 2318 579 καὶ
2342 526 2403 578 τὸ
2425 525 2904 595 δηλητηριώτατον
2927 528 3036 579 τῶν
3061 527 3373 595 φαρμάκων
3403 529 3593 592 παῖδες

2008 618 2209 688 ἰατρῶν
2251 618 2662 688 ἸΕΡωνυμοῦσι
2684 659 2701 683 ,
2739 621 2831 673 καὶ
2865 621 2957 672 τὸν
2990 620 3404 689 σπινθηριῶντα
3444 619 3599 688 σίδη-

2011 725 2103 780 ρον
2130 709 2645 777 ΚΡΥΕΡηγοροῦτι,
2676 711 2772 763 καὶ
2824 710 2885 763 τὸ
2925 711 3055 779 περὶ
3087 709 3186 780 τὴν
3212 710 3373 773 ἕδραν
3398 709 3599 773 ὀσςοῦν

2021 800 2244 854 'HCPON
2299 799 2660 866 ὀνομάζουσιν
2834 801 2976 866 Ἐγὼ
3020 804 3148 870 γὰρ,
3180 801 3419 869 ἑϐδόμην
3458 800 3596 867 πρὸς

2006 892 2127 952 ταῖς
2149 890 2340 953 ἄλλαις
2365 891 2582 960 πληγὴν
2605 895 2669 961 τῇ
2691 891 2955 959 Αἰγύπτῳ
2976 891 3085 958 πῦρ
3106 892 3222 960 ἅμα
3242 892 3332 943 καὶ
3354 890 3597 959 χάλαζαν

2007 987 2360 1050 κατενεγκεῖν
2410 983 2627 1034 ἁκούων
2700 986 2792 1035 τὸν
2850 984 3130 1047 Μωῡσὲα,
3194 982 3483 1049 ἐτεθήπειν
3536 981 3599 1032 τὸ

2015 1075 2268 1144 πρᾶγμα,
2317 1075 2409 1127 καὶ
2445 1075 2543 1145 οὐχ
2593 1070 2702 1132 οἶός
2734 1074 2781 1126 τ’
2804 1069 2879 1143 ’ἦν
2926 1074 3167 1141 εὐκόλως
3199 1074 3486 1137 ξυνθέσθαι
3522 1074 3598 1141 τῷ

2009 1165 2185 1237 λόγῳ·
2216 1168 2330 1232 καὶ,
2370 1166 2494 1229 Πῶς
2525 1166 2656 1236 γὰρ,
2692 1160 2738 1219 ὦ
2768 1166 2927 1234 φύσις
2956 1167 3051 1218 καὶ
3080 1166 3307 1232 εὐταξία
3338 1168 3429 1220 τοῦ
3455 1184 3597 1220 παν-

2010 1260 2122 1322 τὸς,
2172 1257 2382 1325 ἔλεγον,
2413 1257 2538 1310 οὔτε
2595 1260 2657 1310 τὸ
2695 1257 2809 1329 πῦρ
2848 1261 2913 1329 τῇ
2946 1259 3141 1311 ἐαυτοῦ
3177 1259 3471 1329 θερμότητι
3500 1261 3602 1327 τὴν

2012 1348 2257 1419 χάλαζαν
2311 1352 2391 1412 εἰς
2448 1349 2592 1418 ὕδωρ
2650 1350 2933 1415 διέλυσεν,
2992 1349 3184 1420 ὥσπερ
3211 1351 3423 1402 καὶτὸν
3449 1351 3603 1419 ἥλιον

2012 1442 2231 1514 ὁρῶμεν
2257 1442 2384 1504 τοὺς
2412 1441 2625 1510 πάγους
2655 1440 3064 1508 διατιθέμενον,
3094 1439 3207 1493 οὗθ’
3242 1441 3274 1510 ή
3297 1439 3513 1509 χάλαζα
3536 1444 3603 1510 τῇ

2011 1535 2192 1604 οἰκείᾳ
2221 1533 2486 1604 ὑγρότητι
2535 1534 2634 1602 τὴν
2668 1531 2764 1585 τοῦ
2820 1532 2994 1601 πυρὸς
3026 1530 3308 1584 ἀπέσϐεσε
3339 1531 3604 1600 δύναμιν;

2013 1626 2186 1681 Τοῦτο
2214 1628 2300 1696 δὴ,
2336 1629 2398 1679 τὸ
2440 1626 2606 1696 μέχρι
2632 1626 2710 1695 (5)
2736 1622 2833 1677 νῦν
2871 1625 3073 1695 μικροῦ
3103 1642 3193 1693 μοι
3221 1626 3317 1678 καὶ
3342 1625 3610 1678 ἀπιστού-

2019 1737 2181 1790 μενον
2211 1721 2303 1772 ἐπὶ
2331 1721 2430 1789 τῆς
2463 1720 2604 1788 ὲμῆς
2631 1718 2988 1788 καταθεῶμαι
3022 1719 3228 1790 σαρκὸς
3269 1719 3606 1788 ἐνεργούμε-

331 1819 466 1887 ῆκον
491 1819 589 1886 τῆς
618 1815 866 1884 ἐντυχίας
891 1812 1299 1874 ἀποτιννύντες,
1327 1810 1439 1864 ὅλοι
1469 1810 1734 1872 Μωῦσὲες
1766 1806 1911 1880 ἦμεν
1942 1788 1988 1848 Β
2015 1828 2127 1865 νον.
2184 1810 2652 1876 Χαλαζοΰολεῖται
2707 1812 2805 1881 μὲν
2838 1811 2947 1881 γάρ
2980 1829 3094 1881 -μοι
3122 1812 3184 1863 τὸ
3218 1811 3377 1881 σῶμα
3413 1813 3609 1881 μέχρις

334 1910 583 1972 θεόπται,
628 1906 828 1976 μικροῦ
862 1906 957 1958 καὶ
987 1903 1348 1971 καλύμματος
1377 1900 1627 1971 δεόμενοι
1657 1900 1789 1971 περὶ
1812 1899 1914 1971 τὴν

338 2000 575 2071 μορφὴν,
608 1999 697 2050 ἵνα
730 1997 802 2065 μὴ
826 1998 891 2066 τῇ
926 1995 1035 2049 ἀπὸ
1060 1994 1154 2047 σοῦ
1185 1994 1451 2063 θεαυγεία
1481 1994 1579 2055 τὰς
1611 1992 1720 2044 τῶν
1742 1992 1912 2062 ὁρών-

333 2110 442 2145 των
474 2092 627 2160 ὄψεις
676 2090 864 2150 κακῶς
905 2088 1221 2155 διαθώμεθα
1245 2104 1258 2116 ·
1316 2084 1412 2136 νῦν
1452 2084 1531 2148 δὲ,
1570 2084 1674 2153 τῆς
1709 2084 1913 2153 θεοφα-

335 2184 484 2246 νείας
518 2183 734 2253 ἐκείνης
785 2180 1178 2240 ἀποπεπόντες,
1222 2177 1319 2229 καὶ
1362 2176 1457 2228 τοῦ
1491 2176 1695 2244 γνόφου
1726 2175 1916 2246 πόρρω

334 2278 644 2346 γενόμενοι,
692 2277 788 2325 καὶ
825 2272 963 2342 μετὰ
994 2270 1102 2322 τῶν
1137 2268 1418 2330 παντελῶς
1451 2270 1714 2338 ἀμυήτων
1749 2268 1918 2338 μόνης

335 2368 522 2437 φωνῆς
553 2366 863 2427 ἐπαΐοντες,
893 2364 1094 2432 μικρᾶς
1128 2363 1223 2414 καὶ
1274 2362 1476 2430 ταύτης
1508 2363 1600 2412 καὶ
1630 2358 1915 2429 παροὸίου,

335 2459 699 2529 καλύμματός
747 2475 807 2509 τε
860 2458 955 2508 καὶ
993 2455 1149 2509 αὐτοὶ
1192 2454 1440 2520 δεόμενοι
1491 2453 1623 2522 περὶ
1654 2452 1750 2522 τὴν
1784 2466 1922 2521 μορ-

339 2552 445 2620 φὴν
467 2591 481 2614 ,
521 2551 661 2621 πλὴν
696 2550 796 2618 οὐχ
828 2548 914 2601 ἵνα
956 2548 1017 2600 τὸ
1042 2546 1243 2616 φέγγος
1277 2546 1494 2616 ἐκείνης
1526 2545 1921 2613 συστείλωμεν,

336 2640 454 2695 ἀλλ’
484 2641 570 2691 ἵνα
592 2641 692 2706 τὴν
721 2638 986 2707 αἰσχύνην
1033 2635 1368 2705 καλύψωμεν
1388 2675 1403 2699 ,
1461 2635 1688 2696 εἰκότως
1725 2650 1806 2684 σοι
1836 2633 1923 2685 διὰ

336 2734 567 2785 τουτωνὶ
592 2731 702 2783 τῶν
726 2730 1073 2799 γραμμάτων
1105 2728 1374 2797 ποιοῦμεν
1397 2727 1727 2794 ἐξάγγελτα,
1745 2726 1922 2777 ὁπόσα

339 2825 485 2892 ἡμᾶς
517 2824 548 2892 ἡ
581 2821 669 2875 ἐπ’
701 2823 802 2874 οὐκ
833 2822 1011 2890 ἀγαθῇ
1055 2825 1121 2890 τῇ
1156 2820 1294 2892 τύχῃ
1323 2819 1663 2890 περισχοῦσα
1682 2818 1922 2870 διατίθει

335 2931 429 2967 ται
452 2914 735 2982 λοὶμωξις,
763 2913 830 2983 ἢν
860 2913 947 2965 διὰ
980 2911 1041 2964 τὸ
1076 2911 1355 2979 ἐπάρατον
1376 2912 1590 2971 πάντως
1618 2909 1921 2961 ΕΥΛΟΓω-

338 3008 531 3075 νυμεῖν
559 3005 823 3058 εἰώθεσαν
850 3004 1152 3074 ἄνθρωποι,
1180 3002 1246 3056 ἵν’
1277 3001 1633 3072 εὐφορωτέρα
1659 3000 1762 3051 κᾶν
1789 3002 1921 3068 γοῦν

841 3140 870 3163 ⁸
1859 3157 1880 3180 ο

414 3193 500 3249 1V.
526 3222 595 3235 -
624 3192 882 3263 Ejusdem
919 3193 986 3246 de
1011 3204 1245 3246 vcxantc
1271 3207 1398 3245 eum
1430 3191 1643 3263 icanina
1708 3190 1851 3245 fame

631 3261 1084 3332 orphanotropho
1124 3273 1181 3316 et
1222 3261 1631 3331 nomophylaci.

421 3376 493 3428 De
516 3383 693 3429 ventre
722 3373 879 3442 inferi
899 3373 915 3403 ¹
939 3414 954 3438 ,
982 3373 1338 3439 pr0pheticum
1371 3370 1466 3423 hoc
1492 3382 1539 3423 et
1567 3388 1735 3440 pauca
1768 3371 1925 3426 verba

341 3479 524 3521 nostra
558 3482 652 3519 nos
707 3466 797 3517 tibi
851 3464 1127 3527 mittimus,
1170 3463 1403 3523 domine,
1447 3477 1550 3513 non
1600 3462 1836 3513 triduani
1866 3468 1927 3513 ut

337 3559 507 3613 Jonas
543 3560 637 3610 hoc
661 3571 871 3608 carcere
904 3564 1186 3624 gementes,
1222 3556 1344 3622 quia
1384 3563 1535 3623 typus
1580 3569 1683 3606 non
1723 3569 1926 3616 sumus,

341 3658 399 3703 ut
434 3650 546 3715 ille,
577 3646 810 3708 Christi;
835 3649 925 3698 sed
966 3662 1133 3714 neque
1155 3645 1502 3712 quatriduani
1524 3646 1543 3676 ³
1580 3653 1635 3697 ut
1668 3642 1926 3706 Lazarus,

340 3741 466 3811 quia
536 3756 644 3792 non
710 3741 864 3792 amici
906 3747 961 3790 ut
993 3737 1086 3791 ille
1141 3736 1387 3799 Christi;
1443 3736 1534 3789 sed
1592 3736 1796 3788 dierum
1841 3751 1933 3789 sex

337 3830 682 3885 intervallum
722 3837 797 3882 est
831 3830 968 3898 quod
1002 3832 1253 3881 hactenus
1312 3828 1550 3896 egimus;
1604 3827 1742 3896 quod
1782 3826 1933 3879 dein-

341 3939 461 3991 ceps
494 3923 731 3991 futurum
763 3931 862 3984 est,
891 3922 1031 3973 novit
1057 3918 1147 3972 ille
1178 3921 1268 3987 qui
1316 3918 1372 3969 in
1408 3919 1687 3985 infernum
1718 3918 1934 3969 descen-

344 4016 421 4067 dit
445 4026 605 4081 atque
652 4014 773 4065 inde
802 4012 955 4064 rediit
978 4013 1017 4066 ³.
1051 4011 1259 4064 Interea
1292 4008 1934 4076 inﬁrmnmsubtilemque

343 4118 531 4155 sonum
557 4111 603 4154 et
632 4102 844 4171 qualem
874 4101 1063 4153 habere
1093 4116 1193 4169 par
1217 4107 1376 4150 estea:
1411 4100 1581 4166 infero
1611 4097 1929 4166 loquentem,

345 4194 655 4257 emittimus,
688 4191 927 4260 spirandi
947 4191 1107 4243 etiuu
1131 4190 1437 4258 difﬁcultate
1454 4190 1778 4258 impeditum.
1809 4187 1935 4241 Heri

344 4285 553 4356 quidem
572 4295 619 4337 et
638 4284 797 4355 paulo
814 4293 936 4336 ante
955 4285 974 4315 ‘
991 4285 1088 4352 ipsi
1110 4292 1333 4335 montem
1352 4282 1686 4335 ascendentes
1706 4290 1751 4333 et
1765 4283 1937 4350 ingre-

346 4382 546 4433 dientes
563 4378 841 4446 caliginem
860 4391 903 4431 el
924 4396 1105 4431 coram
1133 4378 1222 4428 tibi
1248 4393 1339 4428 nos
1356 4378 1619 4432 sistentes.
1640 4386 1684 4426 et
1707 4375 1936 4427 debitam

348 4471 444 4524 tibi
474 4471 827 4523 reverentiam
847 4480 1157 4535 pra'stantes
1186 4484 1365 4519 omnes
1390 4467 1546 4519 Hosis
1576 4468 1749 4518 instar
1772 4466 1936 4516 L‘eum

2014 1902 2225 1972 ὀνύχων
2252 1903 2317 1957 ἐκ
2348 1902 2594 1974 κορυφῆς
2633 1902 2860 1966 ταύταις
2898 1901 3166 1973 χαλάζαις
3199 1904 3320 1965 ταῖς
3351 1903 3608 1955 δυσευλο-

2015 1994 2316 2063 γουμέναις
2337 2009 2351 2023 '
2380 1996 2466 2047 ναὶ
2493 1995 2605 2065 γὰρ
2648 1993 2893 2065 χαλάζας
2945 1995 3148 2057 ταύτας
3177 1994 3403 2056 δικαίως
3457 1993 3610 2046 καλῶ

2014 2085 2105 2139 διά
2128 2102 2188 2137 τε
2216 2086 2276 2138 τὸ
2307 2086 2525 2156 χρῶμα,
2550 2086 2908 2139 λελεύκανται
2932 2087 3064 2154 γὰρ,
3096 2086 3184 2138 διά
3215 2102 3274 2138 τε
3310 2086 3369 2137 τὸ
3398 2088 3608 2154 σχῆμα,

2017 2177 2391 2248 ἐσφαίρωνται
2451 2181 2593 2248 γάρ·
2672 2177 3087 2248 διαπίμπραται
3138 2177 3196 2231 δὲ
3264 2177 3613 2246 πρηστῆρσιν

2017 2267 2155 2327 ὅλως
2186 2267 2449 2333 ἐξαισίοις
2483 2270 2597 2329 τοῖς
2644 2269 2708 2321 ἐκ
2764 2267 3005 2340 πυρετοῦ
3029 2283 3043 2296 ’
3111 2270 3205 2319 καὶ
3238 2266 3363 2319 οὔτε
3407 2265 3613 2319 διαλύει

2017 2358 2119 2418 τὰς
2161 2359 2404 2428 χαλάζας
2453 2361 2515 2411 τὸ
2577 2357 2711 2430 πῦρ,
2758 2360 2833 2422 ὡς
2867 2358 3063 2426 ὄφελόν
3116 2374 3212 2425 γε,
3264 2357 3376 2411 οὒτ’
3405 2361 3613 2410 ἐκεῖναι

2020 2448 2184 2502 τοῦτο
2237 2451 2723 2505 ἀποσϐεννύουσιν.
2802 2452 2890 2504 Ἐν
2944 2450 3188 2522 τοσούτῳ
3222 2450 3403 2520 κακῷ,
3435 2452 3528 2503 καὶ
3554 2454 3615 2504 ἐν

2019 2540 2349 2610 τηλικούτου
2388 2542 2594 2605 πάθους
2625 2545 2781 2613 ἀκμῇ
2825 2545 3162 2612 ἑστήκαμεν,
3191 2544 3430 2597 δέσποτα
3452 2560 3466 2573 ·
3495 2544 3614 2606 καὶ,

2025 2631 2088 2685 τὸ
2112 2632 2321 2701 μεῖζον,
2348 2635 2478 2703 περὶ
2523 2636 2634 2698 τοῖς
2664 2634 2957 2704 μέλλουσιν
2991 2636 3343 2705 ἀγωνιῶμεν,
3392 2636 3487 2688 καὶ
3516 2638 3618 2705 τὴν

2028 2723 2261 2793 καρδίαν
2318 2727 2694 2795 πατάσσομεν.
2756 2726 2855 2788 Τίς
2909 2724 3003 2779 οὖν
3035 2727 3253 2796 ἀρωγὸς
3294 2728 3426 2796 ἡμῖν
3462 2726 3619 2780 ἔσται

2029 2814 2127 2866 καὶ
2164 2814 2502 2886 ἐπαμύντωρ
2538 2816 2571 2888 ἢ
2605 2817 2744 2887 μετὰ
2801 2818 2934 2870 Θεὸν
2965 2818 2997 2887 ἡ
3047 2819 3144 2887 τῆς
3177 2816 3276 2887 σῆς
3304 2818 3619 2888 ἁγιωσύνης

2030 2907 2163 2976 εὐχή
2186 2922 2204 2971 ;
2239 2908 2518 2977 Ἐρῤωσο.

1951 3190 1993 3246 C
2028 3188 2193 3240 mines
2226 3187 2360 3241 bono
2417 3190 2629 3242 nomine
2680 3205 3028 3261 nuncupare,
3090 3199 3146 3243 ut
3211 3190 3540 3245 tolerabilior
3580 3213 3614 3249 a

2027 3281 2235 3334 nomine
2256 3282 2556 3349 hujusmodi
2579 3286 2789 3352 (egrotis
2820 3283 2939 3350 ﬁat,
2962 3285 3404 3354 quemadmodum
3428 3302 3616 3339 amaro

2026 3372 2343 3440 ingrataque
2376 3373 2666 3442 plzarmaco
2695 3374 2881 3427 medici
2912 3390 3125 3427 sacrum
3153 3391 3337 3429 nomen
3375 3387 3615 3446 ponunt;

2028 3466 2362 3532 candensque
2388 3462 2591 3532 ferrum
2649 3464 2903 3533 frigidum
2932 3477 3139 3531 vocant,
3176 3478 3332 3539 atque
3384 3485 3441 3523 os
3475 3471 3615 3524 sedis

2026 3565 2236 3602 sacru'n
2263 3550 2555 3620 appellant.
2589 3551 2843 3620 Equidem
2901 3555 3118 3608 audiens
3164 3558 3304 3610 inter
3351 3557 3488 3613 alias
3536 3576 3620 3612 se-

2032 3642 2252 3710 ptimum
2282 3643 2519 3713 plagam,
2542 3661 2702 3713 quam
2728 3643 2900 3698 Moses
2930 3645 3159 3715 1E;.ypto
3182 3648 3422 3712 intulit",
3449 3652 3619 3719 ignem

2032 3748 2148 3785 cum
2167 3734 2428 3803 grandine
2445 3735 2627 3803 fuisse,
2655 3751 2765 3789 rem
2785 3738 3125 3791 mirabarnec
3142 3739 3298 3809 facile
3319 3743 3621 3795 narrationi

2036 3826 2429 3895 acquiescebam
2450 3827 2792 3896 dicebamque
2818 3843 2837 3880 :
2859 3827 3130 3893 Quomodo
3159 3847 3214 3883 se
3238 3839 3435 3884 natura
3465 3841 3623 3903 atque

2033 3921 2266 3971 universi
2299 3921 2429 3971 ordo
2449 3919 2624 3984 habet,
2658 3936 2751 3971 nec
2776 3921 2910 3988 ignis
2944 3921 3146 3988 fervore
3178 3939 3272 3975 suo
3305 3924 3623 3992 grandinem

2034 4009 2091 4062 in
2128 4026 2329 4079 aquam
2372 4010 2526 4063 solvit
2569 4019 2624 4061 ut
2655 4012 2817 4064 solem
2848 4014 3078 4066 videmus
3111 4013 3230 4081 gelu
3253 4013 3489 4081 solvere;
3529 4030 3624 4067 nec

2035 4099 2241 4169 grando
2262 4102 2477 4170 proprio
2501 4102 2717 4155 ltumore
2756 4104 2893 4171 ignis
2932 4106 3033 4155 vim
3066 4105 3383 4173 exstinguit?
3409 4105 3625 4174 Tempe-

2036 4201 2340 4244 ramentum
2373 4193 2468 4244 hoc
2504 4209 2643 4245 nunc
2701 4195 2862 4247 etiam
2913 4195 3077 4263 ferme
3133 4197 3260 4249 mihi
3319 4197 3626 4250 incredibile

2038 4299 2156 4335 mea
2196 4284 2250 4335 in
2285 4294 2444 4336 carne
2470 4285 2720 4337 accidisse
2747 4286 2915 4340 video.
2950 4286 3151 4349 Corpus
3188 4289 3326 4342 enim
3360 4305 3425 4342 ea:
3453 4290 3628 4357 capite

2041 4377 2112 4427 ad
2139 4391 2338 4444 ungues
2395 4376 2662 4443 grandine
2705 4378 2802 4429 hac
2847 4395 2964 4442 qua:
3013 4379 3268 4444 explicari
3315 4383 3402 4433 vix
3459 4388 3627 4450 potest

2039 4481 2346 4533 percussum
2390 4476 2463 4519 est
2514 4472 2586 4536 (et
2628 4454 2753 4537 jure
2798 4470 3028 4537 profecto
3094 4472 3414 4540 grandinem
3470 4489 3628 4535 voco,

345 4560 582 4615 videntes
599 4571 646 4614 et
665 4560 827 4630 ferme
856 4560 958 4613 veli
986 4560 1171 4630 indigi,
1196 4576 1295 4629 quo
1323 4559 1510 4626 faciem
1541 4559 1945 4625 cooperiremus,
1982 4558 2026 4614 D
2054 4572 2175 4610 cum
2196 4557 2315 4610 albo
2339 4558 2513 4611 colore
2545 4562 2634 4624 sit,
2664 4560 2837 4630 ﬁgura
2883 4577 3004 4615 vero
3058 4563 3353 4632 rotunda),
3391 4565 3630 4618 omnibus

344 4668 415 4706 ne
445 4670 476 4705 a
502 4653 679 4706 divino
709 4661 800 4705 tuo
824 4650 1101 4721 splendore
1133 4650 1418 4703 videntium
1446 4649 1584 4701 acies
1614 4646 1892 4701 laederetur
1918 4663 1933 4709 ;

347 4759 488 4796 nunc
518 4759 639 4797 vero
681 4743 859 4795 divino
888 4751 1101 4809 aspectu
1127 4757 1244 4793 cum
1276 4739 1623 4792 deciderimus
1648 4746 1699 4791 et
1726 4755 1759 4791 a
1804 4737 1938 4791 cali-

346 4834 470 4903 gine
505 4832 656 4902 longe
696 4834 821 4903 facti
857 4844 902 4885 et
927 4848 1045 4886 cum
1074 4834 1136 4885 iis
1161 4834 1250 4903 qui
1287 4833 1504 4884 omnino
1551 4830 1767 4899 profani
1812 4834 1936 4880 sunt

347 4922 519 4977 solam
547 4938 720 4976 vocem
751 4933 911 4989 atque
954 4938 1073 4974 eam
1101 4923 1184 4975 vix
1211 4931 1372 4990 atque
1428 4921 1594 4972 obiter
1638 4919 1935 4983 audientes,

349 5011 451 5066 veli
488 5022 686 5078 tamen,
708 5014 846 5082 quod
885 5013 1037 5082 faciei
1072 5013 1543 5080 superinducamus
1571 5049 1585 5073 ,
1621 5009 1938 5079 indigemus,

350 5120 460 5158 non
490 5112 546 5157 ut
578 5103 723 5158 illius
753 5103 1088 5175 splendorem
1107 5104 1478 5172 impediamus,
1502 5102 1593 5156 sed
1620 5112 1675 5155 ut
1709 5100 1941 5155 celemus

353 5196 718 5265 opprobrium.
746 5196 875 5250 lure
900 5213 1022 5266 ergo
1073 5196 1172 5251 hac
1224 5197 1319 5250 tibi
1361 5193 1584 5261 epistola
1637 5196 1947 5248 nuntiamus

354 5297 559 5358 quanta
621 5290 768 5343 nobis
807 5290 1043 5358 infausto
1071 5304 1244 5342 omine
1281 5289 1525 5341 inciderit
1555 5289 1749 5340 canina
1783 5288 1951 5354 fames

353 5396 537 5449 qu-un,
565 5381 702 5451 quod
742 5381 1076 5433 exsecrabilis
1098 5381 1312 5433 omnino
1352 5381 1442 5442 sit,
1500 5394 1812 5432 consuevere
1859 5383 1951 5432 Ιιο·

1867 5495 1889 5519 ⁵
1922 5491 2097 5547 Exod.
2128 5509 2208 5562 ιν,
2240 5495 2325 5549 10.

429 5496 443 5525 ¹
478 5493 600 5547 Jon.
634 5508 694 5558 ll,
721 5494 773 5548 5.
847 5499 865 5525 ¹
894 5492 1052 5548 Juun.
1091 5511 1165 5555 XI.
1195 5494 1285 5548 ΞΕ).
1364 5494 1384 5523 ³
1415 5494 1429 5546 l
1463 5491 1682 5562 1103.",
1715 5491 1768 5544 6.

430 5658 505 5727 (1)
527 5655 600 5709 Ita
633 5671 733 5711 ms.
768 5656 828 5710 Ρ.
854 5657 1042 5711 Lazeri
1078 5657 1280 5725 μέτρον
1344 5656 1494 5727 legit.

432 5726 508 5799 (2)
537 5727 609 5782 De
634 5727 800 5797 huius
837 5730 939 5783 loci
981 5744 1171 5795 sensu,
1220 5725 1677 5795 qucm'Lazerus
1712 5742 1820 5784 non
1851 5727 1941 5782 in-

2037 4658 2214 4701 autem
2238 4659 2481 4702 exustum
2515 4653 2771 4717 infaustis
2827 4654 3039 4722 ignibus
3071 4656 3160 4723 qui
3200 4670 3265 4708 ex
3310 4656 3443 4725 febri
3492 4658 3632 4710 acci-

2035 4740 2207 4806 dunt;
2240 4757 2405 4811 neque
2446 4745 2602 4814 ignis,
2634 4756 2687 4797 ut
2718 4746 2953 4811 debebat,
2984 4747 3306 4817 grandinem
3343 4749 3478 4801 hanc
3524 4747 3633 4801 sol.

2036 4834 2131 4896 vit,
2161 4850 2327 4904 neque
2354 4834 2451 4888 illa
2472 4822 2615 4888 ~hunc
2639 4839 2945 4908 exstinguit.
2988 4841 3104 4893 llac
3132 4843 3185 4893 in
3210 4840 3517 4893 calamitate
3550 4849 3636 4893 at-

2052 4939 2153 4992 que
2215 4925 2267 4976 in
2322 4926 2477 4994 hujus
2529 4929 2696 4981 morbi
2742 4928 2904 4982 veluti
2964 4932 3076 4983 acie
3129 4930 3306 4998 positi,
3339 4932 3626 4995 odomine,

2045 5029 2248 5079 sumus,
2281 5033 2343 5067 ac
2367 5016 2429 5067 de
2457 5018 2653 5085 futuris
2689 5022 2856 5089 magis
2911 5024 3073 5074 etiam
3138 5022 3409 5089 angimur,
3472 5031 3634 5089 atque

2057 5106 2237 5158 animo
2269 5106 2596 5161 laboramus.
2639 5109 2769 5174 Quis
2810 5128 2931 5181 ergo
2972 5114 3187 5181 adjutor
3232 5113 3379 5165 nobis
3414 5115 3513 5166 erit
3543 5129 3637 5166 c0-

2055 5196 2355 5267 lumenque,
2387 5201 2488 5253 nisi
2527 5204 2672 5271 apud
2716 5202 2884 5255 Deum
2926 5204 3225 5258 sanctitatis
3278 5214 3381 5257 tua:
3428 5203 3638 5275 preces?

2067 5287 2216 5343 Vale.

2424 5496 2444 5526 ⁵
2480 5495 2755 5561 lixod.1x,
2782 5496 2872 5560 ‘25,
2904 5497 2995 5552 24.

2062 5655 2290 5718 tellexit,
2326 5656 2452 5711 vide
2479 5672 2645 5725 supra
2670 5656 2778 5711 col.
2814 5656 2971 5714 1024.

2126 5725 2209 5797 (5)
2243 5727 2507 5793 Lazerus,
2536 5728 2763 5797 μέτρον.
