4050 6422
433 340 563 407 1:251

765 448 841 503 E'.
869 477 937 490 --
977 446 1087 502 Τοῦ
1114 444 1325 511 αὐτοῦ,
1362 444 1443 511 τῷ
1478 444 1661 509 αὐτῷ.

490 544 630 598 Πότε
667 540 804 613 ἥξω,
834 539 1092 592 Θεσπέσιε
1141 537 1401 598 δέσποτα,
1434 537 1529 589 καὶ
1561 535 1878 604 ὀφθήσομαι
1922 529 2000 600 τῷ

420 631 702 706 προσώπῳ
738 647 870 696 σου;
906 629 1045 681 Πότε
1083 644 1165 680 σοι
1196 627 1449 679 κυκεῶνα
1489 626 1708 695 κεράσω
1751 625 2002 693 δακρύων

421 728 518 780 καὶ
548 725 819 793 γέλωτοςς
878 719 1209 788 στιγματίας
1267 719 1365 788 μὲν
1409 716 1598 785 ὀφθεὶς
1626 717 1725 785 τὴν
1766 717 2003 786 μορφὴν,

424 819 521 873 καὶ
562 818 696 878 ὅλως
721 812 1102 881 κατάγραφος,
1129 809 1319 879 ὥσπερ
1350 809 1480 872 τοὺς
1528 808 1836 889 βαναύσους
1864 807 2006 878 ὀρῶ-

430 926 550 981 μεν,
592 909 686 961 καὶ
718 905 844 967 τοὺς
866 904 1092 973 χαλκεῖς
1124 901 1229 954 ὑπὸ
1262 902 1362 969 τῆς
1408 897 1640 952 ἀσϐόλου
1676 897 2004 968 σημειουμὲο

425 1017 550 1063 νους
579 999 649 1051 τὰ
681 997 955 1067 πρόσωπα
978 1010 993 1024 ο
1027 992 1059 1063 ἢ
1092 993 1212 1057 καὶ,
1240 992 1289 1043 εί
1318 990 1520 1060 βούλει,
1546 989 1686 1042 κατὰ
1713 990 1836 1051 τοὺς
1854 988 2006 1055 ὄφεις

425 1087 783 1161 λεϐηριδωτοὶ
813 1085 909 1139 καὶ
941 1083 1245 1153 φολιδωτοὶ,
1281 1082 1406 1151 δίχα
1457 1080 1643 1150 μέντοι
1676 1097 1739 1148 γε
1776 1081 1869 1132 τοῦ
1903 1079 2005 1131 ίοῦ·

427 1184 484 1253 ἢ,
508 1181 651 1235 κατά
680 1180 741 1232 τὸ
770 1177 1025 1246 ποίμνιον
1057 1172 1279 1237 Ἰακὼϐ,
1317 1172 1510 1243 ῥαντὸς
1540 1171 1638 1225 καὶ
1666 1171 2006 1240 σποδοειδήςο

427 1276 528 1343 τὴν
591 1273 649 1325 δὲ
701 1269 881 1337 κάραν
940 1265 1281 1336 ἐψιλωμένος
1321 1264 1397 1332 (1)
1445 1264 1539 1316 καὶ
1587 1264 1810 1333 ἄτριχος
1858 1263 1915 1324 ἐς
1950 1262 2011 1314 τὸ

430 1363 684 1434 ἀκριϐὲς,
714 1363 809 1416 καὶ
834 1359 958 1414 ἀντὶ
986 1359 1084 1429 τῆς
1110 1356 1422 1425 ἀμϐροσίας
1451 1354 1667 1422 ἐκείνης
1686 1354 1778 1406 καὶ
1815 1370 2016 1422 χρυσο-

430 1454 669 1526 χαίτιδος
692 1450 935 1519 κεφαλῆς
965 1446 1240 1518 ἀμενηνόν
1267 1446 1341 1515 (‘2)
1373 1463 1425 1497 τι
1465 1446 1705 1514 κάρηνον
1741 1443 1884 1511 ὑπὲρ
1916 1441 2010 1494 τοῦ

431 1545 706 1617 τραχήλου
756 1542 962 1612 φορῶν,
998 1542 1091 1592 καὶ
1136 1537 1228 1590 τὸν
1267 1538 1571 1590 Ἐλισσαῖον
1615 1536 1754 1605 ἔχων
1786 1534 1879 1586 ἐπὶ
1912 1535 2013 1604 τῆς
2064 1598 2067 1601 _

435 1637 679 1706 κεφαλῆς
727 1636 822 1687 καὶ
869 1633 961 1685 τὸν
1011 1629 1224 1685 Παῦλον
1254 1629 1379 1697 δίχα
1412 1628 1514 1697 τῆς
1546 1625 2014 1696 προφητείαςκαὶ

434 1730 534 1797 τῆς
573 1724 903 1792 ἀποστολῆς.
960 1722 1098 1774 Πότε
1136 1737 1219 1774 σοι
1271 1721 1359 1772 διὰ
1398 1720 1508 1771 τῶν
1559 1717 1786 1787 χειλέων
1835 1717 2014 1791 αὐτῶν

435 1819 534 1886 τῆς
578 1816 735 1869 νόσου
774 1816 874 1883 τὴν
924 1812 1139 1867 ἀδικίαν
1176 1810 1639 1879 ἀνακαλύψομαις
1686 1809 1827 1876 Ἐγὼ
1876 1810 2007 1880 γὰρ,

433 1908 520 1959 διὰ
556 1904 723 1958 τᾶλλα
776 1901 924 1956 κακά
969 1901 1069 1969 τῆς
1119 1900 1398 1970 ἐπαράτου
1428 1902 1636 1970 ταύτης
1673 1898 2011 1969 λοιμώξεως,

435 2001 534 2052 ὅσα
578 2014 638 2049 τε
695 1994 793 2066 ἤδη
839 1988 930 2065 ἦν,
981 1994 1077 2046 καὶ
1108 1993 1209 2046 ὅσα
1242 1994 1302 2045 ἐν
1338 1992 1558 2046 ἐλπίσιν
1593 1990 1793 2056 ἔκειτο,
1830 1991 2013 2058 ὀλίγου

435 2093 571 2145 δέων
612 2090 708 2143 καὶ
746 2090 918 2159 αὐτὴν
939 2085 1447 2159 ἐναπορῤεύξασθαι
1495 2084 1575 2154 τῷ
1597 2085 1752 2155 κακῷ
1793 2087 1892 2154 τὴν
1916 2085 2016 2151 ψυ-

436 2182 559 2252 χὴν,
593 2181 674 2235 ἐν).
701 2181 876 2250 τούτῳ
906 2180 1065 2248 μόνον
1091 2176 1515 2245 ὑπεθαλπόμην,
1549 2175 1632 2228 ὅτι
1667 2192 1756 2245 μοι
1785 2176 1880 2226 καὶ
1917 2174 2015 2243 τῆς

438 2273 689 2342 πελώρου
722 2274 817 2324 καὶ
868 2267 1219 2338 ἀμφιλαφοῦς
1250 2267 1462 2339 ὑπήνης
1504 2265 1704 2334 ἅψαιτο
1731 2265 1791 2317 τὸ
1819 2262 2013 2317 δε;νόν.

337 2391 340 2394 ~
439 2364 628 2436 Ταύτῃ
656 2380 738 2416 τοι
777 2362 875 2416 καὶ
904 2362 1037 2433 πρὸς
1065 2359 1306 2432 ἐμαυτὸν
1338 2360 1416 2423 ώς
1455 2357 1626 2411 πολλά
1663 2356 1762 2428 μὲν
1792 2355 1979 2423 ἔλεγον
2004 2368 2015 2380 ⁸

437 2452 510 2508 Ὠ
538 2450 734 2518 ἀθλιε,⁸
767 2455 1054 2523 δυστυχεῖς
1107 2453 1169 2505 τὸ
1216 2450 1320 2520 τῆς
1375 2450 1592 2521 μορφῆς
1646 2448 1856 2517 αῐσχος,
1908 2446 2018 2499 τῶν

442 2544 609 2619 ἱερῶν
663 2548 867 2619 τριχῶν
903 2546 1002 2616 τὴν
1033 2544 1317 2607 ἀπόθεσιν,
1371 2543 1431 2595 τὸ
1460 2541 1744 2609 ἀπρόῖτον,
1778 2540 1838 2591 τὸ
1860 2538 2019 2591 ἀνέν-

439 2655 711 2700 τευκτον,
752 2638 815 2690 τὸ
858 2638 955 2689 καὶ
1011 2638 1126 2697 τοῖς
1164 2633 1442 2700 φιλτάτοις
1497 2632 1685 2694 αὐτοῖς
1740 2630 1885 2685 κατά
1917 2628 2014 2691 τὰς

442 2727 763 2796 ἀποφράδας
793 2725 923 2779 ἰδεῖν
954 2726 1327 2796 ἀποτρόπαιον
1348 2737 1362 2750 °
1393 2721 1508 2775 ἀλλ’
1528 2722 1916 2790 αὑτάρκησσος
1939 2720 2015 2791 ('5)

441 2817 651 2872 ⁴τούτων
691 2820 911 2871 πάντων
937 2818 971 2888 ἡ
1008 2819 1399 2884 ἀντισήκωσις,
1429 2814 1511 2866 ὅτι
1551 2829 1635 2864 τοι
1668 2812 1761 2865 καὶ
1789 2811 1884 2864 τοῦ
1916 2829 2020 2864 πα-

894 2987 963 3042 ν.
989 3014 1062 3027 ——
1094 2985 1353 3056 Ejusdem
1384 2985 1589 3041 eidem.

524 3082 749 3148 Quando
784 3082 1016 3144 veniam,
1041 3080 1212 3133 divine
1248 3080 1475 3144 domine,
1498 3091 1725 3149 .atquea
1768 3077 1904 3147 facie
1942 3086 2033 3131 tua

453 3177 769 3244 conspiciar,
819 3177 1031 3245 quando
1071 3173 1162 3225 tibi
1188 3171 1433 3241 poculum
1492 3170 1711 3224 miscebo
1761 3172 2033 3242 lacrgma-

451 3283 570 3319 rum
593 3273 641 3318 et
670 3268 805 3318 risus
833 3264 858 3318 7
888 3280 1007 3317 cum
1034 3263 1257 3332 speciem
1286 3277 1456 3315 meam
1486 3261 1681 3315 videbis
1723 3262 2036 3330 stigmatum

449 3358 664 3427 plenam
686 3396 701 3422 ,
733 3370 913 3425 meque
957 3362 1124 3408 totum
1174 3353 1504 3423 inscriptum,
1541 3361 1596 3405 ut
1631 3352 1757 3405 viles
1802 3352 2032 3419 artiﬁces

452 3450 730 3518 fabrosque
755 3446 1005 3515 ferrarios
1026 3447 1258 3499 videmus
1284 3462 1314 3496 a
1334 3444 1557 3514 fuligine
1584 3444 1772 3512 faciem
1796 3452 2028 3508 ustatos,

352 3552 357 3556 ‘
454 3548 526 3603 et,
557 3542 601 3593 si
630 3540 726 3599 vis,
754 3546 809 3589 ut
836 3538 1075 3590 exuviam
1103 3535 1395 3605 pellemque
1433 3536 1724 3603 depositam
1751 3538 2032 3605 serpentis,

455 3643 652 3681 veneno
680 3643 859 3679 eorum
890 3635 1101 3692 excepto
1124 3630 1147 3687 ;”
1163 3624 1244 3678 vel
1278 3634 1332 3676 ut
1370 3641 1576 3693 gregem
1618 3624 1802 3679 Jacobi
1847 3643 2033 3680 macu-

460 3720 631 3772 losum
662 3727 709 3771 et
755 3720 982 3771 varium.
1031 3717 1215 3786 Capite
1253 3716 1434 3768 calvus
1476 3716 1666 3785 absque
1698 3716 1890 3785 capillo
1926 3716 2035 3769 ulla

459 3819 510 3861 et
542 3824 634 3876 pro
676 3807 939 3861 ambrosia
976 3805 1073 3859 illa
1113 3815 1269 3876 atque
1316 3822 1479 3859 aurea
1520 3824 1667 3860 coma
1722 3807 1892 3860 debile
1942 3826 2035 3861 ca-

457 3905 549 3967 put
575 3897 841 3961 quoddam
864 3896 998 3951 callo
1028 3899 1325 3963 impositum
1357 3898 1549 3965 ferens,
1580 3898 1834 3952 Eliswum
1865 3901 2035 3968 refero

457 3996 507 4040 et
544 3985 799 4051 Paulum,
835 3999 1049 4055 excepta
1095 4004 1271 4041 eorum
1319 3990 1591 4059 prophetia
1617 3998 1665 4042 et
1712 3989 2032 4060 apostolatu.

460 4076 685 4141 Quando
717 4078 811 4130 tibi
845 4077 1003 4131 labiis
1038 4079 1163 4131 meis
1210 4078 1378 4131 scelus
1421 4079 1586 4132 morbi
1627 4081 1728 4133 mei
1769 4082 2039 4150 referam?

465 4167 575 4237 Ego
600 4169 738 4222 enim
770 4176 960 4235 pra'ter
986 4168 1083 4221 illa
1136 4171 1296 4222 etiam
1325 4171 1468 4224 mula
1514 4172 1672 4240 hujus
1701 4173 2037 4227 exsecrabilis

463 4259 617 4327 famis
641 4273 960 4329 quotcunque
1012 4259 1264 4313 habebam
1320 4269 1369 4313 et
1404 4277 1726 4331 qucecunque
1756 4263 2037 4332 sperabam

464 4352 641 4414 amisi,
684 4365 875 4417 parum
916 4349 1083 4419 abfuit
1135 4352 1264 4418 quin
1305 4351 1421 4420 ipsa
1485 4351 1686 4420 fugeret
1717 4350 1812 4405 ltoc
1855 4353 2036 4406 morbo

464 4442 669 4494 anima.
708 4440 814 4492 Hoc
839 4454 1000 4491 unum
1033 4440 1334 4507 sperabam,
1363 4455 1696 4509 nequaquam
1733 4441 1843 4508 fore
1871 4449 1929 4493 ut
1952 4442 2038 4494 in-

465 4538 669 4599 gentem
696 4532 830 4584 hanc
859 4537 911 4583 et
947 4529 1164 4582 densam
1194 4530 1415 4583 barbam
1465 4530 1666 4584 malum
1717 4534 2037 4600 attingeret;

465 4626 514 4671 et
557 4620 748 4687 saepius
771 4635 970 4671 mecum
1006 4621 1113 4688 ipse
1147 4619 1222 4672 ita
1263 4619 1554 4689 loquebar:
1587 4619 1631 4674 0
1657 4621 1862 4690 infelix,
1894 4638 2036 4676 teru-

1614 331 2014 395 THEODORI
2057 328 2465 408 PRUDRQMI

2030 452 2073 502 Α
2105 441 2374 510 λαμναίου
2410 441 2444 510 ἡ
2463 439 2618 502 νόσος
2643 437 2942 491 ἐπελάϐετο
2969 435 3233 504 πώγωνος
3261 432 3364 503 (4).
3401 431 3687 484 ’Λποτίθε-

3546 316 3685 379 1252

2107 551 2196 586 σαι
2230 532 2339 602 γὰρ
2376 531 2468 585 τοῦ
2502 531 2690 584 λοιποῦ
2721 530 2783 583 τὸ
2810 529 2996 599 ἄχθος,
3050 526 3267 582 καὶτὸν
3311 524 3520 596 γράσον
3587 539 3662 577 πο

2107 626 2391 697 σκευάζῃ·
2432 625 2525 677 καὶ
2563 620 2684 676 ἀντὶ
2745 624 3123 691 πανικωτέρου
3188 617 3685 690 ἀνθρωπικώτερος

2107 717 2510 783 ἁναπέιρανσαι.
2544 714 2708 767 Ταῦτ’
2732 714 2940 781 ἔλεγον.
2979 714 3073 765 καὶ
3108 712 3227 780 ἅμα
3257 711 3359 775 τὴν
3388 710 3551 778 γένυν
3570 710 3687 770 τοῖς

2103 806 2388 868 δακτύλοις
2414 803 2814 874 ἐγεῳμέτρουν.
2845 804 2937 867 Ὣς
2960 803 3016 857 δέ
3040 802 3389 855 παντάπασιν
3421 797 3684 869 ἐξῴδητο,

2108 898 2204 951 καὶ
2255 896 2664 964 πεφλέγμανοτο,
2693 896 2795 948 οὐκ
2823 895 2941 948 ἀλλ’
2970 894 2999 946 ὃ
3033 911 3083 945 τι
3124 894 3219 945 καὶ
3248 893 3339 961 ὑφ’
3368 891 3563 961 ἡδονῆς
3591 892 3685 956 γέο

2107 1006 2289 1058 νωμαι
2334 987 2439 1057 (5),
2476 986 2630 1039 ἔθυον
2685 984 2886 1054 μικροῦ
2925 986 3004 1054 τῷ
3034 964 3197 1038 πάθει
3234 985 3302 1037 τὰ
3331 984 3685 1054 χαριστήρια,

2109 1082 2204 1132 κα)⁸
2235 1078 2501 1148 σώτειραν
2533 1078 2633 1145 τὴν
2666 1077 2824 1130 νόσον
2860 1075 3245 1146 ἀνεκαλούμην
3268 1091 3283 1106 ο
3320 1075 3418 1129 καὶ
3466 1074 3691 1143 μάλισθ’

2109 1171 2191 1223 ὅτι
2219 1187 2308 1239 μοι
2339 1169 2434 1223 καί
2458 1185 2545 1231 τις
2568 1168 2720 1237 Σύρα
2750 1169 2923 1238 γραῦς
2955 1166 3347 1238 όμφαλητόμος
3367 1182 3427 1218 τε
3445 1167 3541 1218 καὶ
3567 1182 3692 1232 κρι-

2112 1260 2372 1329 θόμαντις
2405 1262 2782 1330 ἐπεμαρτύρει
2835 1259 2915 1331 τῷ
2943 1261 3112 1330 λόγῳ,
3154 1259 3323 1329 αὐτὴν
3349 1259 3688 1328 διομνυμένη

2110 1352 2211 1420 τὴν
2238 1349 2552 1420 σεληναίαν,
2588 1349 2663 1419 μὴ
2712 1350 2778 1403 ἂν
2803 1350 2940 1420 μηδέ
2961 1349 3089 1420 μίαν
3111 1348 3505 1418 ὑπολειφθῆναι
3528 1348 3693 1416 τρίχα

2109 1444 2233 1502 ταῖς
2260 1442 2502 1509 γένυσιν.
2548 1439 2873 1493 Ἐλάνθανον
2901 1438 2947 1493 δ’
2993 1439 3124 1510 ἄρα,
3179 1441 3207 1491 ὁ
3244 1440 3501 1506 μάταιος,
3557 1439 3697 1504 ἀγα-

2115 1532 2379 1602 θυνθῆναι
2410 1532 2563 1601 παρὰ
2601 1530 2696 1585 τοῦ
2730 1530 2988 1584 κακύνειν
3015 1529 3333 1598 πεφυκότος
3364 1529 3571 1592 πάθους
3598 1546 3696 1580 πι-

2117 1624 2323 1678 στεύων
2358 1623 2459 1694 (6).
2492 1623 2559 1678 Αί
2590 1624 2690 1693 μὲν
2712 1624 2822 1694 γάρ
2855 1640 2945 1692 μοι
2967 1622 3175 1692 τρίχες,
3211 1621 3287 1682 ώς
3312 1621 3517 1674 ἐπίπαν
3556 1636 3694 1672 κατ⁶

2117 1716 2486 1786 ερῤυήκεσαν,
2526 1716 2644 1777 καὶ,
2674 1714 2748 1775 ὡς
2782 1716 2840 1765 ἐν
2874 1713 3205 1783 μετοπώρῳ,
3241 1713 3339 1766 τὸν
3369 1714 3572 1765 οἰκεῖον
3606 1710 3697 1764 κό-

2120 1825 2257 1877 σμον
2282 1809 2315 1876 ἡ
2341 1806 2554 1877 κεφαλὴ
2601 1805 3017 1861 ἀπεσκεύασται
3041 1823 3054 1837 ·
3078 1808 3106 1857 ὁ
3144 1806 3203 1859 δὲ
3254 1805 3479 1873 πώγων,
3514 1803 3589 1866 ώς
3637 1804 3696 1854 ἐν

2121 1898 2345 1967 ἀκμαίῳ
2365 1897 2444 1967 τῷ
2474 1896 2619 1967 ἔαρι,
2651 1898 2869 1966 τέθηλε,
2903 1897 3021 1958 καὶ,
3052 1897 3193 1949 κατά
3221 1896 3347 1958 τοὺς
3374 1895 3468 1948 τοῦ
3511 1893 3700 1947 Ἀλκι-

2121 1990 2241 2043 νόου
2295 1990 2507 2058 κήπους
2557 1990 2754 2059 ἀγήρω
2789 1988 2887 2056 τὴν
2944 1988 3114 2056 ἄνθην
3148 1986 3250 2057 (7),
3302 1987 3403 2039 οὑκ
3455 1985 3702 2055 εὐτυχῶς

2121 2082 2361 2149 εὐτυχεῖ,
2389 2080 2489 2132 οὑκ
2527 2078 2694 2150 ὄχνην
2727 2078 2814 2131 ἐπ’
2832 2078 2985 2150 ὖχνῃ,
3018 2079 3126 2132 οὐδ’
3150 2081 3242 2132 ἐπὶ
3268 2078 3418 2148 σύκῳ
3440 2076 3604 2130 σῦκον
3622 2078 3702 2145 (8)

2125 2170 2597 2241 προϐεϐλημένος,
2641 2171 2781 2225 ἀλλὰ
2814 2171 3011 2242 τρίχας
3053 2170 3147 2223 ἐπὶ
3178 2169 3355 2242 θριξὶν
3406 2170 3574 2238 ἁδρὰς
3613 2168 3702 2234 ἐφ’

2122 2264 2324 2334 ἁδρῶν,
2374 2263 2469 2315 καὶ
2501 2261 2598 2315 ἐπὶ
2636 2260 2876 2333 κιναύρᾳ
2910 2261 3181 2332 κιναύραν
3229 2262 3570 2333 ἀνθηφορῶν.
3604 2260 3704 2322 Τίς

2121 2355 2234 2420 οῦν,
2278 2354 2425 2420 είπέ,
2485 2353 2883 2424 σχετλιώτερος
2917 2355 3097 2424 ἡμῶν,
3133 2354 3392 2407 θεσπέσιε
3422 2354 3702 2418 beatam;

2120 2445 2195 2499 ὧν
2223 2446 2410 2517 ὑπέρῳ
2442 2447 2539 2516 μὲν
2565 2447 2596 2515 ἡ
2626 2446 2861 2517 κεφαλὴ,
2889 2446 3067 2518 λόχμῃ
3099 2447 3157 2500 δὲ
3184 2448 3244 2499 τὸ
3274 2447 3487 2515 γένειον
3535 2445 3701 2499 ἔοικε.

2122 2539 2232 2591 Καὶ
2268 2535 2438 2591 ταῦτα
2466 2536 2704 2606 διῆλθον,
2734 2537 2855 2608 οὺχ,
2889 2537 2966 2601 ὡς
2995 2539 3224 2604 δίκαιος,
3252 2540 3309 2593 ἐν
3354 2538 3700 2611 πρωτολογίᾳ

2123 2629 2451 2698 κατηγορῶν
2484 2630 2726 2697 ἐμαυτοῦ
2745 2646 2760 2660 °
2801 2631 2958 2695 ἀλλά,
2986 2631 3239 2702 καθάπερ
3262 2631 3311 2684 οί
3342 2631 3709 2700 ὀνομαστότα-

2125 2736 2209 2771 τοι
2240 2719 2584 2787 στρατηγῶν,
2613 2720 2877 2785 νικῶντες
2915 2725 3039 2792 μὲν,
3086 2724 3246 2777 αὐτοὶ
3273 2724 3402 2789 τοὺς
3430 2725 3710 2786 ἐναντίους

2128 2813 2496 2876 κτιννύουσιν,
2528 2815 2833 2885 ἡττώμενοι
2856 2812 2934 2880 δὲ,
2960 2813 3052 2866 ὑπ’
3078 2817 3303 2869 ἐκείνων
3343 2815 3703 2884 ἀναιρεθῆναι

2130 2990 2268 3058 ipsos
2295 2989 2657 3050 amicissimos,
2705 2996 2763 3041 ut
2813 2989 3049 3058 infausta
3102 2998 3247 3053 sunt,
3297 3007 3331 3043 a
3379 2999 3429 3042 te
3487 2989 3709 3044 videndo

2131 3083 2344 3135 avertis.
2402 3080 2506 3136 Sed
2566 3083 2675 3136 htec
2706 3082 2885 3135 omnia
2928 3083 3056 3136 satis
3103 3092 3530 3151 compensantur,
3586 3086 3711 3152 quia

2132 3173 2465 3227 exsecrabilis
2505 3174 2711 3227 morbus
2741 3173 2963 3227 barbam
3012 3174 3265 3239 retinuit;
3301 3175 3520 3244 deponis
3550 3177 3710 3227 etiam

2136 3264 2396 3333 reliquum
2432 3265 2634 3331 pondus
2661 3274 2820 3333 atque
2860 3264 3068 3333 auferes
3112 3266 3317 3328 sordes,
3344 3274 3393 3318 et
3420 3281 3514 3333 pro
3541 3268 3713 3333 specie

2143 3351 2303 3406 Panis
2330 3353 2594 3405 hominem
2618 3369 2756 3405 nunc
2774 3354 2943 3422 magis
2971 3352 3182 3423 referes.
3203 3352 3313 3407 Hoc
3343 3355 3455 3407 dixi
3477 3365 3527 3407 et
3552 3354 3715 3407 simul

2140 3446 2315 3515 digitis
2338 3453 2574 3498 mentum
2620 3446 2885 3499 dimensus
2909 3462 3045 3500 sum.
3105 3446 3168 3501 Ut
3207 3456 3383 3500 autem
3433 3450 3714 3507 detumuit,

2138 3539 2432 3605 tumuitque
2461 3552 2695 3598 rursum,
2733 3536 2865 3589 nihil
2893 3536 3043 3590 aliud
3090 3540 3210 3591 novi
3258 3556 3418 3607 quam
3460 3541 3713 3608 gaudere,

2136 3643 2324 3693 parum
2379 3628 2548 3694 abfuit
2594 3630 2720 3696 quin
2750 3630 2935 3702 morbo
2984 3631 3037 3682 in
3099 3631 3399 3699 gratiarum
3453 3633 3715 3683 actionem

2139 3715 2379 3780 libarent,
2416 3728 2463 3770 et
2509 3717 2736 3770 salutem
2794 3721 3033 3771 morbum
3076 3721 3364 3784 vocabam;
3425 3723 3717 3787 praesertim

2136 3824 2253 3858 cum
2276 3808 2411 3875 Syra
2437 3807 2679 3875 quadam
2703 3824 2834 3861 anus
2865 3808 3116 3861 obstetrix
3147 3818 3193 3860 et
3231 3818 3375 3862 vates
3408 3818 3714 3872 testaretur,

2136 3898 2309 3967 ipsam
2334 3898 2533 3966 jurans
2587 3898 2794 3964 lunam,
2820 3915 2884 3952 ne
2913 3917 3076 3953 unum
3111 3901 3319 3970 quidem
3350 3901 3496 3970 genis
3543 3900 3716 3967 capil-

2141 3987 2251 4042 lum
2286 3987 2614 4041 subtractum
2646 3990 2737 4043 iri.
2772 3989 3076 4043 Nesciebam
3122 3992 3262 4044 enim
3299 3992 3508 4045 demens
3549 4002 3605 4043 ut
3634 4008 3717 4045 res

2137 4088 2274 4143 erat,
2307 4079 2685 4150 credebamque
2713 4081 2905 4134 bonum
2948 4098 3059 4135 esse
3115 4084 3252 4152 quod
3301 4084 3466 4136 morbi
3517 4093 3715 4137 natura

2141 4168 2341 4222 malum
2385 4169 2620 4238 ferebat:
2658 4170 2881 4239 capillus
2933 4173 3144 4226 omnino
3177 4173 3425 4244 deﬂuxit;
3457 4182 3717 4243 caputque

2137 4259 2298 4312 veluti
2351 4269 2606 4313 autumno
2665 4263 2880 4331 praprio
2950 4272 3271 4315 ornamento
3341 4273 3503 4316 caret.
3533 4263 3718 4317 Barba

2140 4365 2280 4414 vero,
2307 4360 2360 4404 ut
2391 4350 2510 4403 la'to
2540 4367 2677 4414 vere,
2710 4354 2867 4405 viruit
2908 4361 2957 4406 et
2978 4353 3137 4406 veluti
3163 4354 3370 4408 Alcinoi
3390 4356 3527 4408 horti
3561 4358 3719 4425 flores

2140 4443 2270 4495 senii
2303 4458 2486 4513 expers
2515 4446 2752 4497 emittere
2782 4449 2798 4512 (
2821 4462 2915 4499 nec
2946 4456 3125 4500 tamen
3148 4452 3427 4519 prospere)
3458 4466 3561 4502 non
3602 4466 3717 4501 ces-

2140 4542 2247 4594 sat.
2299 4550 2403 4587 non
2449 4537 2624 4604 pirum
2669 4538 2782 4607 piro
2809 4540 3246 4608 superinducens,
3273 4557 3365 4593 nec
3403 4540 3564 4603 ﬁcum
3590 4539 3716 4607 ﬁco,

2140 4624 2230 4676 sed
2258 4623 2389 4692 pilos
2421 4625 2542 4695 pilis
2589 4644 2674 4680 eos
2710 4629 2936 4683 densans
2968 4640 3016 4683 ct
3055 4631 3275 4697 fetorem
3298 4631 3453 4698 fetori
3496 4633 3712 4686 addens.

466 4723 676 4759 mnosus
702 4722 754 4760 es
793 4708 886 4761 hoc
913 4708 1096 4776 forma:
1124 4708 1395 4770 dedecore,
1413 4727 1543 4772 cum
1559 4712 1677 4777 jam
1700 4713 1842 4765 sacri
1871 4713 2039 4766 crines
2076 4727 2115 4780 ι)
2147 4714 2275 4779 Quis
2306 4732 2451 4785 ergo,
2492 4718 2595 4778 dic.
2625 4719 2798 4772 divine
2830 4722 3058 4780 domine.
3093 4738 3172 4774 me
3195 4724 3434 4776 miserior
3455 4724 3601 4791 cujus
3623 4739 3720 4775 ca-

465 4796 772 4862 deciderint,
805 4798 997 4850 nonin
1051 4797 1315 4867 publicum
1364 4803 1632 4869 pradiens,
1668 4801 1797 4855 nihil
1849 4819 2031 4872 agens,

537 4994 614 5064 (l)
652 4992 840 5048 Luzer.
875 4993 978 5063 leg.
1003 4995 1319 5064 εἰλώμενος.

536 5065 614 5134 (Ξ)
645 5064 833 5118 Lacer.
860 5066 1220 5134 leg.apr.vbv.

536 5133 613 5204 (ὃ)
651 5134 732 5204 lia
771 5149 869 5196 ius.
898 5144 951 5187 et
977 5133 1236 5204 Lam-rus,
1262 5136 1497 5203 coniicio
1531 5136 1813 5203 αὐτάρκης
1854 5137 2032 5191 σοί.-

539 5202 614 5273 (4)
649 5203 838 5256 Lazcri
863 5204 1069 5266 versi”,
1111 5202 1211 5257 Sed
1246 5205 1353 5258 haec
1372 5202 1556 5256 omnia
1606 5207 1739 5256 satis
1774 5202 2034 5272 compen-

465 5284 676 5334 santur,
702 5276 826 5340 quia
880 5274 1219 5325 exsecrabilis
1269 5276 1479 5325 morbus
1536 5273 1753 5325 barbam
1788 5275 2028 5338 retinuit,

467 5344 695 5396 multum
738 5358 766 5393 ιι
840 5357 1021 5394 sensu.
1064 5344 1193 5394 mihi
1246 5346 1461 5394 videtur
1534 5344 1825 5406 aberrare;
1902 5359 2026 5396 nam

466 5428 531 5466 ex
586 5422 847 5464 contextu
905 5412 1239 5465 contraiium
1295 5412 1563 5465 elicitur:
1622 5409 1723 5464 Sed
1775 5413 1884 5464 Inec
1912 5429 2029 5465 om-

467 5483 559 5533 nia
587 5480 717 5533 satis
765 5489 1191 5546 campensantur,
1228 5482 1352 5549 quia
1395 5481 1607 5533 morbus
1636 5480 1855 5533 barbam
1908 5483 2028 5534 abs-

469 5552 612 5601 tulit.
653 5549 726 5601 Ex
776 5551 1128 5615 si-quentibus
1162 5566 1307 5602 eitum
1367 5560 1511 5617 patet
1570 5551 1640 5604 ob
1694 5551 1797 5604 hoc
1838 5552 2028 5606 dolere

469 5620 817 5671 Tun-odorum
863 5619 1007 5684 quod
1055 5621 1245 5689 cslvus
1294 5618 1471 5673 lactus
1520 5619 1693 5689 magis
1766 5622 2029 5676 barbatus

470 5698 761 5750 evaserat;
817 5697 873 5741 et
894 5690 974 5741 sic
1020 5685 1161 5742 infra
1212 5689 1416 5756 ubique
1462 5704 1560 5758 per
1610 5685 1670 5744 os
1714 5690 2029 5761 interpretis

2143 4814 2234 4876 put
2260 4806 2458 4871 pistillo
2484 4807 2678 4874 simile,
2708 4819 2942 4864 utentum
2980 4818 3118 4866 ’vero
3151 4812 3421 4882 fructiceto
3446 4814 3470 4867 1’
3496 4813 3563 4867 Et
3607 4814 3721 4867 htec

2145 5002 2467 5076 Theodorus
2521 5008 2800 5076 contraria
2830 5006 2896 5058 iis
2918 5023 3036 5072 quae
3061 5007 3196 5060 dixit
3236 5006 3497 5076 loquitur.

2221 5072 2295 5138 (5)
2320 5071 2481 5146 Lazgi
2499 5088 2563 5126 us
2590 5071 3039 5143 legebutmbn’eic
3061 5078 3176 5130 ἀλλ’
3204 5078 3284 5128 ὅτι
3308 5071 3406 5128 καὶ
3424 5077 3723 5146 ὑφ’ὴδονῆς

2143 5142 2582 5215 γένωμαι.Ρθιει
2605 5142 2769 5197 unum
2800 5162 2859 5198 ex
2890 5146 2956 5199 iis
2980 5162 3099 5201 esse
3121 5147 3407 5199 idiotismis
3438 5142 3489 5198 iu
3520 5142 3723 5215 quibus

2141 5211 2240 5279 οὐχ
2265 5212 2346 5261 ὃτι
2383 5214 2697 5266 adhibetur.
2730 5217 2821 5276 At,
2860 5226 2919 5267 ut
2948 5217 3084 5269 nihil
3121 5218 3484 5275 dissimulem.
3514 5211 3717 5272 litereo.

2212 5279 2287 5352 (6)
2325 5280 2564 5352 Lazarus
2591 5321 2604 5343 ,
2634 5285 2786 5352 παρὰ
2826 5286 2920 5336 τοῦ
2986 5286 3246 5339 κακύνειν
3297 5287 3606 5352 πεφυκότος
3657 5291 3721 5339 τὸ

2140 5349 2312 5410 πάθος
2342 5350 2636 5404 πιστεύων.
2692 5349 3165 5408 llnuclectiouem
3229 5370 3335 5408 non
3383 5349 3569 5410 'video
3616 5372 3720 5411 cur

2137 5420 2227 5469 alii
2267 5419 2564 5541 ριριὶιέιιυιὶι
2588 5438 2750 5488 quum
2784 5426 3018 5479 habebat.
3052 5425 3105 5478 in
3131 5441 3235 5478 ms.
3259 5426 3351 5494 qui
3382 5440 3506 5479 cum
3531 5440 3723 5483 "nstro

2138 5501 2343 5541 cousen
2366 5505 2388 5540 γι
2423 5528 2436 5541 .

2138 5501 2436 5542 εοιιδριιιιι.

2213 5560 2289 5625 (7)
2315 5559 2389 5610 Im
2435 5574 2537 5612 ms.
2565 5559 2804 5615 Lazorus
2830 5562 3022 5615 maluit.
3051 5563 3258 5619 ἄνεσιν.

2214 5630 2288 5698 (ὃ)
2332 5630 2488 5683 Cani.
2533 5629 2757 5686 llmncr.
2787 5633 2982 5703 Odyss.
3010 5631 3078 5702 Η,
3122 5634 3216 5689 lib.
3243 5653 3337 5701 \‘ll,
3366 5653 3414 5691 ν.
3452 5637 3572 5692 120.
