4050 6388
365 288 500 355 1253

1543 291 1865 353 SCRIPTA
1914 291 2451 352 MISCELLANEA

3494 301 3631 365 1254

359 409 421 461 οὐ
454 406 737 476 μένουσιν,
784 402 920 458 ἀλλά
954 403 1057 463 τὰς
1094 402 1305 467 οίκείας
1339 402 1620 474 μαχαίρας
1650 404 1796 458 κατὰ
1841 405 1948 457 τῶν
1979 412 2022 465 Α
2054 401 2141 455 ἴνα
2170 420 2253 456 σοι
2291 406 2385 456 καὶ
2418 403 2640 473 μνήμης
2696 404 2789 458 καί⁷
2818 408 3210 478 προσρητικῶν
3255 410 3474 476 ἁξιωθῶ
3505 416 3633 469 συλ-

358 499 689 568 σπλάγχνων
714 495 1006 559 ὠθοῦντες,
1058 494 1092 565 ἢ
1124 495 1261 568 ἄλλῃ
1300 513 1379 564 πη
1414 495 1508 549 τοῦ
1548 496 1804 565 σώματος
1834 497 1942 550 διε-

357 588 671 650 λαύνοντες,
702 587 854 656 σφῶν
889 585 1098 639 ἑαυτῶν
1121 586 1438 658 αὐτόχειρες
1486 586 1748 654 γίνονται,
1773 604 1943 641 κατα-

359 679 746 750 καυχήσασθαι
772 678 868 732 τοῦ
904 678 1086 732 αὐτῶν
1116 679 1344 749 αὐχένος
1396 679 1640 750 δυσμενῆ
1675 678 1940 750 παλάμην

362 774 437 844 μὴ
468 773 874 842 ἀντισχόμενοι,
928 771 1105 824 ὁποῖοι
1158 772 1378 837 Κάτων,
1426 773 1520 825 καὶ
1554 771 1812 844 Βροῦτος,
1845 775 1941 827 καὶ

360 866 565 927 Κάσιος
591 883 605 898 ο
639 863 784 918 οὕτω
825 865 890 934 δὴ
938 863 1034 916 καὶ
1084 863 1271 929 αὐτὸς,
1304 863 1413 929 ἓως
1450 864 1550 934 μὲν
1580 865 1804 933 ἁγαθῶς
1828 861 1940 936 εἷχέ

363 973 454 1026 μοι
480 957 549 1009 τὰ
582 958 711 1024 περ)⁸
732 954 793 1008 τὸ
816 956 996 1024 σῶμα,
1024 953 1120 1007 καὶ
1143 954 1329 1025 ἁδρῶς
1356 954 1457 1024 μὲν
1484 958 1517 1026 ὴ
1550 956 1674 1026 θρὶξ
1688 956 1935 1017 ἔσταλτο,

359 1047 455 1100 καὶ
478 1046 729 1115 κομψῶς,
764 1043 1097 1116 συμμέτρως
1121 1045 1179 1097 δὲ
1224 1044 1319 1098 καὶ
1341 1046 1400 1098 οὐ
1434 1045 1577 1099 κατὰ
1611 1045 1940 1117 φιλοσόφους

359 1136 584 1192 καθεῖτο
611 1136 673 1188 τὸ
700 1135 933 1203 γένειον,
961 1136 1172 1188 πλατὺν
1202 1136 1458 1205 μυκτῆρα
1492 1137 1607 1189 τῶν
1639 1139 1696 1190 ὲν
1725 1137 1938 1200 τούτοις

358 1227 770 1298 δυστυχούντων
799 1227 1065 1297 κατέχεον
1084 1243 1100 1259 ⁸
1154 1227 1256 1279 οὐκ
1292 1225 1409 1280 ἔστι
1441 1227 1551 1297 γὰρ
1580 1229 1639 1291 ὃς
1670 1245 1738 1281 με
1767 1229 1940 1294 φαλα-

360 1322 491 1391 κρὸς
524 1323 623 1374 οὐκ
661 1320 821 1383 εὐθὺς
857 1319 979 1372 ἰδὼν
1012 1319 1350 1387 ίλιγγίασεν·
1377 1321 1480 1374 οὐκ
1512 1320 1628 1373 ἔστι
1663 1320 1720 1373 δὲ
1746 1320 1804 1382 ὃς
1847 1336 1940 1390 μοι

362 1413 704 1484 βαθυπώγων
728 1409 1040 1481 περιτυχὼν
1072 1410 1172 1463 οὐκ
1195 1409 1400 1478 ηὔξατό
1423 1411 1473 1463 oi
1514 1410 1797 1479 χανεϊσθαι
1838 1410 1940 1480 τὴν

359 1506 465 1573 γῆν
487 1519 501 1534 ’
534 1504 631 1556 νῦν
687 1502 766 1567 δὲ,
817 1503 896 1563 εἰς
932 1500 1032 1570 ἐμὲ
1085 1499 1179 1553 τοῦ
1210 1502 1308 1569 τῆς
1340 1499 1733 1570 ἀσχημοσύνης
1764 1499 1938 1554 κύϐου

364 1592 856 1665 μεταρῤιφθέντος,
881 1592 943 1645 οὐ
968 1591 1294 1662 περιμείνας
1315 1594 1441 1654 τοὺς
1465 1591 1523 1658 ἐξ
1541 1591 1717 1646 ἄλλων
1744 1590 1941 1662 λεσχασ

362 1684 556 1753 σμοὺς,
586 1686 679 1737 καὶ
710 1685 814 1744 τὰς
847 1682 1221 1753 βλασφημίας,
1248 1683 1443 1736 ἑαυτὸν
1474 1684 1639 1746 αὐτὸς
1666 1682 1793 1738 καθ’
1824 1684 1936 1736 αὑ-

2051 490 2272 558 λα6ῶν;
2310 493 2593 546 συλλαϐῶν
2632 493 2878 559 ἐκείνων,
2909 497 3072 566 ίερῶν
3105 498 3219 566 μὲν,
3252 499 3285 570 ἢ
3325 502 3396 554 τὰ
3423 503 3483 555 ὲν
3504 507 3634 559 Δελ-

2051 586 2175 651 φοῖς
2208 583 2301 634 καὶ
2336 584 2513 636 Πύθια
2538 585 2953 656 προγράμματα
2975 603 2990 618 ⁸
3027 591 3251 659 χρυσῶν
3277 592 3359 659 δὲ,
3388 594 3421 664 ἢ
3450 596 3631 651 Πυθα-

2049 673 2215 743 γόρου
2239 752 2247 758 '
2270 676 2452 745 χρυσᾶ
2515 676 2827 746 καλούμενα
2879 678 3022 750 ἔπη·
3060 683 3337 751 μουσικῶν
3374 685 3432 739 δὲ
3465 688 3498 759 ἢ
3530 688 3631 751 τὰς

2047 763 2313 834 Σειρῆνας
2335 767 2386 817 οἱ
2407 765 2564 834 μῦθοι
2591 768 3190 842 γράφουσνγλυκερῶν
3219 774 3275 827 δὲ
3288 775 3437 847 ὑπὲρ
3464 778 3624 847 μέλι,

2047 857 2364 926 ψαλμικῶς,
2399 858 2495 911 καὶ
2532 862 2746 929 κηρίον,
2773 861 2909 915 ἀλλὰ
2931 862 3051 931 μέλι
3088 853 3191 934 μὲν
3218 868 3280 920 τὸ
3314 867 3626 941 Ὑμήττιον,

2050 950 2245 1019 κηρίον
2274 948 2330 1001 δέ
2362 965 2428 1017 γε
2451 949 2513 1001 τὸ
2558 948 3014 1019 Τραπεζούντιον.
3077 957 3145 1009 Ἣ
3182 958 3403 1023 πάντως
3432 962 3465 1032 ή
3498 962 3627 1015 σύν-

2048 1042 2254 1111 τροφός
2320 1058 2404 1096 σοι
2467 1046 2904 1113 μετριοπάθεια.
2958 1054 3053 1103 καὶ
3133 1054 3166 1122 ὴ
3223 1056 3628 1126 συναυξηθεὶοα

2048 1134 2145 1186 καὶ
2204 1133 2307 1204 ῆδη
2366 1136 2837 1205 συγγηράσκουσα
2885 1143 3201 1211 ἐπιείκεια,
3263 1147 3359 1200 καὶ
3433 1151 3629 1220 μέχρις

2048 1223 2206 1294 ἡμῶν
2270 1226 2371 1296 τὴν
2427 1227 2528 1295 τῆς
2577 1231 2800 1301 γραφῆς
2841 1249 2935 1286 σου
3001 1237 3288 1308 περιωπὴν
3347 1240 3628 1309 ἠνάγκασε

2046 1317 2355 1372 κατελθεῖν.
2413 1318 2504 1372 Σοὶ
2538 1322 2638 1390 μὲν
2667 1320 2763 1374 οὖν
2809 1324 3010 1394 πολλὴν
3047 1327 3259 1397 μυρίων
3324 1347 3384 1383 τε
3449 1332 3627 1385 ἄλλων

2047 1407 2146 1459 καὶ
2206 1408 2416 1462 τούτων
2484 1409 2542 1462 δὲ
2610 1410 2673 1464 ού
2732 1416 2884 1482 μεῖον
2932 1416 3085 1484 ὄφλω
3141 1419 3241 1487 τὴν
3308 1420 3487 1490 χάριν.
3561 1423 3627 1476 ⁸ίί

2046 1493 2106 1545 δὲ
2126 1494 2330 1584 ,πασῶν
2365 1498 2733 1584 εὐτυχεστέρα
2757 1502 2818 1553 τὸ
2842 1502 2938 1555 ἐπὶ
2970 1506 3055 1556 σοὶ
3088 1505 3199 1559 τῶν
3230 1508 3443 1560 πόλεων
3478 1510 3627 1578 Τρα-

2047 1582 2244 1647 πεζοῦς
2280 1586 2357 1646 είς
2396 1585 2451 1638 τί
2486 1603 2576 1655 μοι
2610 1582 2739 1651 τοὺς
2786 1590 2993 1663 ἑαυτῆς
3042 1593 3131 1646 διὰ
3160 1599 3260 1667 τῆς
3312 1598 3411 1664 σῆς
3445 1601 3629 1668 χειρὸς

2047 1676 2338 1745 χρυσίνους
2388 1676 2784 1747 ἑκπέπομφεν;
2832 1676 2910 1734 'H
2960 1698 3064 1736 που
3096 1685 3195 1755 τὴν
3230 1689 3369 1756 πρός
3437 1708 3505 1757 με
3539 1691 3631 1745 διὰ

358 1773 456 1826 τοῦ
487 1773 794 1843 κατήγορον
837 1773 1061 1842 ἵστημι.
1116 1772 1214 1824 καὶ
1258 1773 1358 1842 τῆς
1410 1772 1548 1843 ἐμῆς
1579 1771 1939 1845 ἐμφορεῖσθαι
1974 1771 2014 1819 Β
2047 1767 2257 1822 τούτων
2293 1770 2605 1840 μηχανᾶται
2643 1772 2923 1841 σπονδήνς
2980 1776 3055 1829 Οὐ
3097 1779 3394 1849 σπείσομαί
3426 1782 3539 1852 (12)
3569 1800 3628 1851 γε

361 1867 560 1938 χλεύης
617 1868 731 1930 τοῖς
784 1864 1032 1917 ἀθέλουσι
1064 1863 1283 1934 δίδωμι.
1343 1865 1537 1917 Καίτοι
1570 1864 1664 1917 καὶ
1683 1864 1937 1917 Συνέσιον
2048 1860 2244 1931 ταύτῃ,
2268 1861 2377 1913 οὐδ’
2401 1861 2482 1914 είν
2507 1862 2618 1931 (13)
2652 1863 2864 1916 ’Λῖδσιο⁸
2897 1864 3135 1920 ἴστωσαν
3158 1871 3209 1920 oi
3236 1870 3442 1934 πάντες
3464 1873 3628 1925 ἀττέ-

359 1958 479 2014 οἶόα
509 1959 608 2029 τὴν
637 1957 929 2028 φαλάκραν
957 1956 1481 2026 καλλωπισάμενον·
1518 1956 1611 2009 καὶ
1651 1955 1941 2011 Ἰουλιανόν
2052 1968 2166 2021 ρες,
2197 1951 2299 2033 καὶ,
2320 1953 2349 2004 ό
2386 1950 2596 2004 τούτων
2638 1952 2869 2024 ἔξαρχος
2897 1956 3050 2025 ἥλιος
3072 1974 3086 1988 ·
3113 1958 3224 2012 οὐδ’
3253 1961 3318 2014 ἄν
3350 1978 3442 2030 μοι
3470 1962 3627 2015 πλίν-

359 2070 423 2123 γε
452 2053 552 2106 οὐκ
574 2049 754 2119 ἀγνοῶ
782 2051 874 2103 τὸν
903 2050 1126 2111 οἰκεῖον,
1156 2048 1233 2112 ὡς
1274 2048 1334 2101 έν
1360 2047 1713 2119 προσχήματι
1741 2048 1935 2116 ψόγου,
2049 2045 2176 2107 θους
2209 2043 2338 2107 ὅλας
2378 2042 2584 2113 χρυσοῦ
2611 2048 2816 2111 κομιεῖ,
2850 2045 2995 2099 καθὰ
3016 2047 3096 2117 τῷ
3132 2049 3315 2120 Πυθίῳ
3340 2052 3431 2103 τὸν
3465 2053 3627 2122 Κροτ-

363 2144 708 2215 σεμνύναντα
764 2139 1024 2209 πώγωνα.
1084 2139 1150 2191 Τί
1190 2140 1283 2193 ἐπὶ
1339 2138 1501 2192 τοῦτο
1570 2139 1889 2208 ὲκάγχασας
1922 2155 1937 2202 ς
2049 2136 2140 2189 σόν
2164 2152 2319 2205 φασι.
2343 2136 2445 2188 Τὸν
2466 2140 2575 2207 γὰρ
2602 2137 2734 2206 ἐμὸν
2759 2138 3073 2211 ἀφελομένη
3098 2141 3209 2210 (14)
3236 2159 3303 2210 με
3328 2142 3624 2215 θησαυρὸν,

360 2236 605 2305 ὲμφόρου
636 2233 894 2301 γέλωτος,
919 2232 994 2295 ὡς
1019 2232 1087 2285 ἂν
1111 2226 1237 2311 οἶός(
1254 2247 1314 2284 τε
1337 2225 1426 2304 ᾖς,
1455 2230 1551 2285 ἐπὶ
1582 2232 1680 2299 τῆς
1700 2231 1942 2301 γραφῆς.
2041 2232 2139 2301 τὴν
2166 2230 2337 2299 μόνην
2366 2230 2425 2281 ὲν
2448 2232 2568 2292 ταῖς
2593 2231 3040 2298 συμπιπτούσαις
3062 2234 3238 2295 ἀνίαις
3268 2234 3622 2306 θυμηρεστά-

361 2324 549 2379 Ταῦτα
586 2324 697 2394 γὰρ
727 2327 804 2393 (9)
831 2326 923 2376 κα)¹
954 2324 1120 2394 ἡμεῖς
1151 2323 1213 2376 οὐ
1244 2322 1438 2392 «sese.
1465 2320 1786 2391 φιλοσοφίας
1815 2321 1941 2389 διῳ-
2040 2340 2142 2388 τῃν
2187 2321 2542 2392 παραψυχὴν,
2598 2324 2689 2377 τὸν
2748 2325 2955 2391 γλυκὺν
2989 2327 3083 2377 καὶ
3138 2327 3268 2379 ἰδεῖν
3309 2329 3401 2380 καὶ
3450 2331 3625 2382 εἰπεῖν

359 2416 809 2488 κονομησάμεθα,
851 2415 940 2481 ἶν’,
992 2417 1086 2469 ἐπὶ
1118 2414 1227 2469 τῶν
1261 2413 1608 2483 γραμμάτων
1642 2413 1742 2483 τὴν
1786 2414 1941 2482 ἰσχὺν
2047 2412 2481 2482 Τραπεζοῦντος,
2504 2412 2679 2466 ἔπειθ’
2701 2409 2812 2466 οἷον
2833 2415 2898 2467 ἐκ
2932 2417 3246 2485 μεταμέλου
3282 2418 3507 2482 συκίνας
3534 2436 3625 2487 μοι

358 2509 454 2562 τοῦ
498 2507 863 2579 ωγχάσοντος
892 2507 1163 2570 κενώσας,
1219 2504 1337 2576 μεθ’
1362 2506 1586 2576 ἥττονος
1617 2507 1750 2577 ἡμῖν
1782 2507 1941 2559 αὐτο-

365 2599 703 2668 προσωπέῃς
733 2596 846 2667 (10)
875 2596 970 2649 τοῦ
1002 2597 1262 2665 γέλωτος.
1295 2597 1569 2667 Ἔρρωσθ.

396 2684 682 2752 εἷα-Τῷ
704 2687 1116 2755 μητροπολίτῃ
1158 2684 1267 2738 τοῦ
1302 2683 1739 2752 Τραπεζοῦντος
1762 2683 1897 2753 (H).

432 2776 525 2843 Τίς
550 2779 668 2848 ειμι
690 2779 783 2830 καὶ
810 2775 994 2840 τίνων,
1015 2776 1128 2847 ίερέ
1151 2794 1255 2846 μου
1284 2777 1380 2829 καὶ
1406 2774 1650 2829 θειότατε
1671 2775 1933 2842 δέσποτα,

359 2967 567 3040 quidem
602 2965 712 3019 dixi
751 2980 856 3017 non
913 2969 972 3017 ut
1011 2963 1195 3033 justus
1233 2965 1323 3031 qui
1354 2969 1431 3016 est
1480 2963 1630 3016 initio
1682 2965 1941 3017 sermonis

2044 2501 2248 2564 ταύτας
2298 2502 2658 2571 παραμυθίας
2719 2506 3072 2573 ἐπιτεχνᾶται
3131 2507 3229 2574 τῆς
3299 2508 3625 2575 συμφορᾶς;

2047 2594 2458 2665 παραπλήσιον,
2492 2594 2683 2665 ὥσπερ
2713 2595 2766 2648 εἴ
2784 2598 2867 2659 τίς
2920 2614 3020 2665 μου
3052 2597 3311 2668 ἐξορύξας
3335 2600 3502 2666 ἄμφω
3548 2596 3627 2649 τὼ

2047 2685 2335 2755 ὀφθαλμὼ,
2386 2687 2417 2756 ἢ
2476 2688 2919 2756 ὲκκρουδάμενος
2980 2689 3108 2752 τοὺς
3159 2688 3398 2751 ὀδόντας,
3437 2689 3627 2742 ἔπειτα

2052 2778 2384 2846 κοινωνῆσαί
2435 2780 2484 2833 oi
2541 2780 2692 2832 ἁλῶν
2720 2779 2876 2849 ἠξίου
2906 2781 3001 2836 καὶ
3035 2781 3248 2846 ὓδατος.
3301 2782 3366 2834 Τί
3400 2799 3493 2853 μοι
3519 2780 3627 2834 τῶν

2044 2972 2100 3016 ut
2134 2963 2326 3035 dignus
2356 2982 2386 3017 a
2424 2973 2473 3016 te
2499 2963 2701 3017 habear
2728 2964 2986 3018 memoria
3012 2972 3106 3016 tua
3136 2962 3437 3033 litterisque
3491 2966 3621 3027 tuis,
3708 2998 3729 3011 κ

362 3065 639 3109 accusator
664 3054 748 3107 sui
777 3054 820 3117 ⁸,
847 3053 937 3107 sed
956 3053 1117 3107 veluti
1148 3052 1342 3106 ducum
1374 3051 1740 3122 gloriosissimi
1774 3055 1863 3123 qui
1896 3053 1942 3106 si
1968 3063 2010 3120 ρ
2047 3055 2235 3110 litteris
2269 3056 2376 3110 illis
2408 3055 2757 3110 sanctioribus
2776 3073 2937 3126 quam
2970 3057 3196 3109 oracula
3232 3054 3551 3125 Delphorum
3576 3062 3624 3108 et

360 3147 461 3215 ipsi
490 3144 701 3215 quidem
732 3145 947 3198 vincant
973 3147 1144 3199 hostes
1186 3145 1468 3208 occidunt;
1504 3144 1623 3198 victi
1648 3159 1790 3209 vero,
1837 3160 1943 3198 non

362 3239 429 3293 ab
457 3237 565 3292 illis
591 3239 756 3291 occidi
780 3239 1063 3303 sustinent,
1100 3238 1212 3301 sed,
1241 3238 1477 3307 proprios
1499 3252 1644 3290 enses
1666 3236 1718 3289 in
1742 3238 1941 3291 viscera

362 3331 655 3401 adigentes,
702 3327 785 3382 vel
832 3327 1001 3381 aliam
1039 3330 1274 3397 corporis
1326 3336 1534 3395 partem
1563 3327 1829 3397 ferientes,
1886 3343 1942 3380 se

359 3424 500 3493 ipsos
529 3422 895 3490 interﬁciunt;
943 3437 1048 3476 non
1078 3423 1223 3492 passi
1247 3422 1521 3475 inimicam
1573 3438 1789 3475 manum
1832 3420 1945 3490 glo-

360 3516 499 3569 riari
552 3530 699 3585 posse
742 3514 1044 3585 prtecidisse
1102 3530 1285 3568 eorum
1365 3522 1547 3580 caput.
1594 3512 1745 3566 Tales
1794 3513 1942 3581 fuere

357 3606 516 3672 Cato,
549 3607 746 3659 Brutus
781 3613 830 3658 et
853 3606 1087 3659 Cassius.
1124 3605 1214 3660 Sic
1263 3614 1312 3659 et
1337 3606 1482 3675 ipse;
1536 3604 1699 3658 donec
1754 3620 1940 3674 corpus

358 3695 548 3763 valuit,
577 3693 830 3765 capillum
866 3695 1091 3749 delicate
1130 3696 1372 3761 discrevi,
1405 3705 1452 3749 et
1475 3712 1670 3748 ornare
1719 3695 1939 3750 barbam

360 3787 474 3843 alui
501 3799 697 3853 mento,
752 3804 857 3841 non
904 3786 1277 3858 philosophice,
1331 3803 1415 3841 eos
1465 3788 1797 3841 subsannans
1848 3787 1940 3856 qui

357 3882 417 3935 in
441 3883 535 3936 hoc
562 3897 804 3937 aversam
848 3880 1118 3949 fortunam
1181 3880 1386 3949 experti
1427 3887 1603 3932 erant.
1637 3879 1801 3933 Nemo
1831 3877 1941 3931 cal—

357 3989 454 4027 vus
483 3980 601 4027 erat
624 3974 715 4043 qui
744 3987 824 4025 me
854 3972 1032 4026 videns
1073 3988 1176 4025 non
1230 3973 1411 4025 statim
1456 3979 1728 4033 wstuaret,
1762 3970 1940 4023 nullus

362 4064 612 4117 inornata
673 4061 834 4115 barba
858 4062 946 4130 qui
973 4063 1027 4114 in
1064 4077 1147 4114 me
1171 4061 1405 4113 incidens
1448 4076 1552 4113 non
1598 4068 1939 4129 prteoptasset

360 4155 559 4207 hiscere
583 4160 804 4206 terram.
839 4148 889 4202 Ν
898 4166 1000 4203 unc
1034 4165 1154 4203 vero
1194 4152 1249 4202 in
1278 4165 1358 4202 me
1393 4151 1487 4203 hoc
1512 4148 1774 4203 irrisionis
1807 4165 1938 4217 pon-

359 4246 484 4296 dere
505 4242 761 4296 inclinato
779 4257 882 4295 non
911 4250 1152 4310 exspecto
1180 4258 1243 4294 ea:
1276 4240 1397 4293 aliis
1427 4240 1869 4293 subsannationes
1890 4248 1939 4291 et

357 4338 591 4403 probra;
621 4349 701 4385 me
723 4333 833 4402 ipse
855 4347 1040 4385 accuso
1072 4339 1120 4383 et
1144 4346 1316 4383 meam
1344 4330 1629 4398 producere
1651 4327 1938 4383 volentibus

2050 3146 2276 3218 Pythice,
2307 3148 2481 3200 aureis
2509 3149 2669 3201 etiam
2707 3149 2876 3217 magis
2906 3162 3067 3217 quam
3101 3147 3207 3199 sint
3241 3162 3407 3199 aurea
3438 3155 3624 3198 vocata

2052 3239 2379 3311 Pythagorea
2404 3238 2585 3305 verba,
2616 3240 2786 3308 magis
2810 3240 2969 3292 etiam
3005 3239 3236 3301 musicis,
3273 3253 3433 3299 quam
3472 3236 3616 3306 fabu-

2053 3331 2117 3384 lis
2177 3329 2552 3400 perhibeantur
2599 3327 2707 3381 illa:
2744 3325 3054 3381 Sirenarum
3106 3338 3283 3396 atque.
3318 3335 3374 3378 ut
3422 3324 3623 3378 Psalmi

2049 3420 2214 3476 verbis
2252 3421 2459 3490 loquar,
2496 3417 2814 3472 dulcioribus
2841 3433 2999 3488 super
3033 3417 3136 3471 mel
3159 3426 3208 3470 et
3237 3418 3415 3486 favum
3441 3418 3498 3483 ⁷;
3530 3418 3623 3470 sed

2051 3512 2156 3566 mel
2205 3511 2462 3581 Hymetti,
2520 3510 2696 3579 favum
2750 3526 2870 3563 vero
2930 3508 3298 3579 Trapezuntis.
3381 3507 3623 3577 Profecto

2051 3603 2401 3673 temperantia
2452 3610 2622 3654 tecum
2666 3600 2889 3655 educata
2927 3607 3006 3653 est
3051 3601 3334 3668 crevitque,
3376 3610 3424 3652 et
3452 3601 3623 3652 senuit

2051 3703 2220 3746 tecum
2254 3692 2554 3762 benignitas
2575 3732 2589 3755 ,
2625 3700 2773 3761 teque
2799 3692 2962 3760 coegit
2994 3691 3066 3743 ad
3097 3707 3187 3743 nos
3214 3706 3376 3759 usque
3413 3689 3622 3742 littera-

2050 3801 2167 3837 rum
2200 3791 2469 3851 aspectum
2521 3783 2818 3835 extendere.
2854 3779 2968 3835 Tibi
3004 3783 3168 3850 igitur
3211 3779 3436 3833 multam
3466 3780 3623 3832 debeo

2048 3874 2287 3943 gratiam
2323 3885 2369 3926 et
2411 3879 2776 3926 sexcentarum
2832 3869 3063 3923 aliorum
3111 3867 3500 3934 beneﬁciorum,
3534 3878 3620 3921 at.

2050 3979 2151 4031 que
2206 3963 2394 4015 horum
2457 3978 2561 4013 non
2626 3961 2903 4014 minorem.
2938 3958 3205 4027 Trapezus
3243 3975 3363 4012 vero
3386 3960 3620 4012 omnium

2049 4070 2144 4123 per
2197 4061 2247 4105 te
2301 4051 2605 4121 felicissima
2650 4052 2837 4104 civitas
2874 4066 2967 4103 cur
2992 4067 3113 4103 suos
3156 4066 3343 4103 aureos
3383 4067 3622 4105 nummos

2051 4146 2178 4198 mihi
2228 4161 2391 4197 manu
2449 4152 2541 4196 tua
2582 4145 2764 4199 misit?
2813 4143 3066 4198 Ftedusne
3124 4158 3323 4216 mecum
3377 4159 3470 4205 per
3511 4144 3622 4197 hac

2048 4233 2314 4289 molitur?
2349 4232 2467 4287 Non
2491 4237 2585 4287 hoc
2651 4237 2830 4304 patiar
2882 4236 2982 4288 etsi
3034 4251 3174 4287 mors
3204 4234 3472 4287 subeun’da
3524 4237 3612 4288 sit.

2045 4326 2239 4380 Noriut
2279 4325 2447 4379 stella:
2499 4341 2675 4380 omnes
2713 4334 2761 4379 et
2790 4326 3071 4380 stellarum
3109 4343 3202 4380 rex
3225 4327 3326 4380 sol.
3364 4327 3542 4395 Neque
3576 4330 3622 4381 si

361 4424 659 4477 irrisionem
686 4425 910 4492 prwbeo.
943 4420 1226 4492 Sgnesium
1253 4422 1461 4491 quidem
1509 4421 1628 4473 novi
1673 4420 1933 4474 calvitiem
1967 4414 2012 4468 ὀ
2040 4417 2166 4473 mihi
2205 4418 2395 4472 lateres
2432 4434 2611 4472 omnes
2643 4435 2831 4473 aureos
2870 4426 3040 4489 portet
3071 4428 3128 4472 ut
3178 4417 3366 4488 Pythio
3411 4420 3451 4471 Δ
3463 4419 3593 4488 ροιίὶ
3606 4448 3623 4461 ο

362 4513 605 4566 laudibus
661 4510 1351 4575 ornantem;et.lulianum
1398 4526 1501 4562 non
1554 4511 1737 4578 ignoro
1784 4524 1938 4561 suam

359 4619 455 4672 per
477 4603 829 4671 vituperantis
857 4603 1080 4671 speciem
1107 4602 1330 4655 barbam
1367 4600 1636 4653 laudasse.
1694 4599 1803 4654 Cur
1835 4600 1937 4651 ista

360 4696 537 4749 rides?
564 4693 754 4747 Ridens
787 4702 1043 4764 quantum
1092 4692 1213 4747 libet
1240 4690 1521 4760 epis:olam
1549 4693 1705 4745 istam
1749 4699 1801 4742 et
1850 4705 1942 4742 ca-

360 4786 641 4837 chmneris.
682 4782 808 4837 ch
835 4799 927 4835 nos
973 4798 1077 4834 non
1105 4780 1258 4851 longe
1292 4798 1324 4833 a
1363 4780 1692 4851 philosophia
1732 4778 1941 4848 excogi-

359 4876 607 4937 tavimus,
628 4883 683 4928 ut
710 4891 869 4942 super
892 4873 1080 4927 litteris
1114 4875 1345 4925 acriores
1371 4874 1686 4927 exhauriens
1718 4870 1936 4924 cachin-

358 4985 452 5022 nos
485 4969 656 5021 minus
680 4976 961 5036 prwsentes
984 4964 1179 5018 rideas.
1221 4962 1370 5018 Vale.

470 5057 560 5112 VI.
597 5087 667 5097 —
691 5057 972 5127 Ejusdem.
1021 5056 1385 5123 mctropolitse
1423 5054 1811 5125 Trapezuntis.

434 5148 561 5213 Quis
588 5165 681 5202 eaa
712 5148 988 5202 aualisaue
1028 5162 1171 5202 sum.
1212 5163 1365 5201 sacer
1397 5155 1447 5199 et
1492 5148 1668 5203 divine
1698 5151 1911 5204 domine

433 5309 455 5341 ‘
478 5308 638 5363 Prov.
674 5323 826 5371 mu,
855 5306 943 5359 17.
1028 5300 1049 5336 ⁷
1080 5306 1225 5361 Psal.
1258 5319 1412 5365 mu,
1444 5306 1559 5359 Η..

435 5459 510 5526 t9)
541 5455 895 5528 [κεκευθὼς
917 5455 982 5509 ἂν
1000 5455 1098 5525 οὐχ
1128 5452 1238 5517 οἷός
1261 5472 1319 5507 τε
1350 5450 1416 5527 ᾖς
1442 5453 1537 5507 ἐπὶ
1561 5454 1659 5526 τῆς
1678 5459 1927 5528 γραφῆς,

359 5525 538 5585 ταῦτα
571 5530 700 5596 γὰρ,
726 5543 781 5580 κ.
814 5525 934 5580 τ.λ.
959 5528 1104 5594 quod
1145 5541 1311 5596 sensti
1345 5525 1518 5579 caret.

436 5599 548 5663 (l0)
578 5594 833 5664 μέλεοι-ηε,
884 5594 1453 5664 αὑτοπροσωποίησιν.

438 5661 549 5739 (ιι)
577 5661 707 5723 Vide
739 5665 942 5720 Orient.
966 5661 1185 5731 Christ"
1229 5671 1271 5718 ι.
1309 5661 1349 5732 Ι,
1379 5664 1484 5719 col.
1509 5661 1602 5719 5H
1644 5672 1699 5720 et
1741 5663 1865 5720 512.

2050 4512 2104 4565 ni
2155 4511 2340 4564 dicunt
2395 4509 2576 4564 tulisse
2624 4510 2882 4564 Croesum.
2936 4510 3081 4563 Meus
3112 4512 3200 4578 qui
3230 4525 3310 4562 me
3330 4510 3483 4579 juvat
3509 4512 3623 4563 tlte-

2046 4616 2237 4654 saurus
2266 4600 2383 4653 sola
2424 4616 2505 4653 me
2547 4600 2847 4655 demulcens
2879 4603 2934 4655 in
2981 4602 3325 4671 pra'sentibus
3362 4602 3623 4670 angustiis

2045 4690 2337 4744 consolatio
2388 4701 2485 4755 est,
2530 4691 2737 4745 dulcem
2769 4692 2942 4746 videre
2994 4703 3043 4747 et
3079 4692 3283 4764 alloqui
3315 4691 3621 4761 Trapezun-

2047 4782 2201 4834 tium.
2236 4780 2439 4834 Deinde
2484 4779 2671 4850 quales
2712 4781 2876 4836 veluti
2922 4785 3227 4854 ptenitentia
3263 4787 3420 4837 ducta
3455 4799 3621 4836 vanas

2045 4873 2173 4926 mihi
2203 4875 2585 4927 consolationes
2624 4875 2782 4943 hujus
2814 4874 3140 4930 calamitatis
3179 4881 3428 4944 apparat.
3461 4872 3622 4927 Simi-

2046 4965 2171 5018 liter
2215 4965 2343 5033 facit
2391 4982 2455 5018 ac
2500 4966 2546 5019 si
2595 4968 2709 5035 quis
2742 4974 3021 5036 postquam
3066 4967 3245 5019 ambos
3282 4965 3409 5017 mihi
3441 4964 3620 5016 oculos

2042 5058 2178 5109 eruit
2213 5056 2495 5127 dentesque
2532 5060 2817 5128 perfregit,
2849 5058 3035 5113 deinde
3084 5059 3210 5111 mihi
3258 5072 3432 5110 secum
3483 5072 3619 5108 com-

2043 5164 2257 5204 munem
2305 5165 2415 5203 esse
2454 5152 2748 5205 convictum
2804 5150 2948 5206 velit.
2986 5148 3125 5213 Quid
3177 5148 3304 5202 mihi
3339 5162 3458 5201 cum
3513 5150 3617 5200 tuis

2110 5452 2224 5523 (1‘2)
2248 5451 2389 5523 μη.
2430 5450 2715 5520 πείσομαι.

2132 5524 2217 5591 15)
2247 5521 2441 5577 Lazet'.
2474 5523 2554 5585 εἰς
2590 5529 2657 5590 γ’.
2703 5520 2864 5577 Conf.
2909 5520 3154 5589 Romen,
3199 5520 3362 5577 Iliad.
3408 5522 3471 5586 Φ,
3522 5520 3618 5577 lib.

2030 5592 2174 5652 XXI.
2200 5609 2251 5646 ν.
2281 5592 2371 5646 48.

2119 5664 2234 5735 (14)
2256 5661 2447 5719 Lazer.
2485 5661 2587 5733 leg.
2623 5660 2968 5733 ὡφελομένη.
