4050 6422
388 313 527 378 1⁶ὶ55

1603 302 2000 368 THEODORI
2042 298 2445 363 PRODROMI

3530 290 3670 359 1256

382 429 491 481 σῶν
526 426 830 497 λαμπάδων
862 427 957 481 καὶ
985 425 1093 480 τῶν
1129 424 1341 495 κηρῶν,
1402 420 1715 491 ἀδικωτάτη
1750 418 1964 471 πόλεων
1994 417 2041 476 Α
2070 414 2166 468 καὶ
2197 412 2412 479 λέγειν;
2446 408 2760 480 ’τριήμερόν
2796 422 2862 476 με
2920 406 3042 459 ὅλαι
3090 404 3290 475 φλόγες
3342 401 3493 475 εἶχον
3520 405 3669 471 ἐξαί-
3710 424 3719 439 ι

380 518 741 589 ἰ’ραπεςοῦςς
803 519 907 571 Τὸν
941 518 1077 588 ὲμδν
1130 517 1280 588 ζητῶ
1336 513 1642 570 θεάσασθαι
1678 512 1851 583 ἥλιον.
1886 508 1969 562 Τἀ

384 616 487 684 μὲν
516 613 626 683 γὰρ
663 613 858 676 νυκτὸς
878 612 972 665 κα)⁵
1004 612 1231 671 σκότους
1255 610 1515 681 ἐξευρέθη
1543 606 1801 676 βοήθημα
1831 600 1968 673 (15),

2081 506 2341 575 σιοιμιαὶ
2369 503 2483 558 ὅ).οι
2507 499 2836 569 ἐξετέφρουν
2869 498 3206 567 πρηστήριοι
3241 499 3504 568 κεραυνοί
3526 515 3540 530 ⁶
3578 500 3671 568 ἐφ’

2079 594 2162 664 οἷς
2193 598 2491 671 χολεμεσία
2528 596 2640 667 (l7)
2674 594 2820 648 πάνυ
2856 593 3048 663 πολλὴ.
3082 596 3177 647 καὶ
3202 591 3378 656 οὕτως
3406 592 3670 665 ἄμετρος,

378 683 479 761 ύδ’
514 707 731 777 ἡμέρας
762 704 1042 776 ὅλης-ἐστὶ
1064 704 1126 773 δη
1139 701 1428 772 μιουργός.
1482 699 1548 751 Τί
1585 715 1675 768 μοι
1702 697 1812 750 τῶν
1861 695 1971 748 σῶν
2076 692 2222 747 ὥστε
2256 708 2324 760 με
2384 690 2482 743 καὶ
2540 688 2695 758 φόϐῳ
2740 684 3139 756 περισχεθῆναι
3190 685 3270 777 μή
3303 701 3425 777 που-ν
3440 684 3537 777 καὶ
3568 683 3671 777 τὴν

294 820 299 825 “
382 802 669 866 στατήρων
700 798 793 851 καὶ
820 797 928 851 τῶν
962 797 1236 866 χρυσίνων
1256 812 1278 860 ς⁶
1315 795 1357 846 Τ
1361 794 1421 846 δν
1458 793 1594 860 ὲμὸν
1619 788 1839 843 ἀπαιτῶ
1870 787 1970 856 θη-

383 891 609 959 σαυρόν.
651 890 722 940 ’Ἥ
747 887 920 940 ταῦτα
955 885 1055 957 μὲν
1082 884 1386 954 ἠνιαμένης
1419 882 1528 933 εἰσὶ
1557 879 1739 950 ψυχῆς
1774 874 1973 946 ὲρυγαὶ

382 984 482 1036 καὶ
532 982 633 1049 τῆς
687 979 984 1049 ὲγκαρδίου
1020 977 1218 1047 φλογὸς
1278 976 1663 1041 ἐξατμίσματα
1685 988 1698 1001 °
1733 971 1792 1023 σὲ
1822 970 1878 1023 δὲ
1911 970 1973 1022 τὸ

384 1072 542 1125 Θεῖον
571 1072 669 1139 τῆς
703 1070 1057 1140 πολυημέρου
1083 1068 1300 1130 ἐκείνης
1334 1063 1633 1126 κακώσεως
1657 1061 1976 1126 οίκτισάμε-

386 1179 499 1226 νον,
524 1160 617 1212 τὸν
657 1160 750 1212 σὸν
805 1159 1065 1227 πέπομφέ
1100 1174 1185 1211 σοι
1212 1157 1477 1225 ποιμένα,
1506 1154 1566 1217 ὃς
1598 1153 1857 1216 ποιμανεῖ
1883 1151 1974 1205 τὸν

387 1254 513 1307 λαόν
551 1270 645 1306 σου
681 1255 740 1306 ὲν
773 1253 1048 1323 πραότητι
1077 1252 1171 1304 καὶ
1204 1248 1548 1319 δικαιοσύνῃ.

472 1348 637 1401 nam
673 1347 741 1399 τὰ
778 1347 878 1417 μὲν
919 1347 1007 1406 ait,
1042 1346 1285 1399 θειότατε
1324 1344 1583 1407 δέσποτα,
1645 1340 1820 1407 οὕτως
1852 1343 1977 1413 ἐμοὶ

390 1442 487 1493 καὶ
501 1436 702 1509 ηὖκται
727 1441 821 1492 καὶ
848 1437 1213 1490 πεπίστευται
1240 1436 1408 1506 ἔχειν,
1433 1435 1510 1497 ὡς
1532 1432 1647 1502 ἂνῆ
1672 1433 1976 1502 εὐγνώμων

430 1532 467 1551 η
497 1550 505 1551 κ
542 1531 567 1551 33
635 1531 953 1551 _)_,!_-_____
1014 1528 1261 1551 --ηοω-5.-
1302 1529 1441 1551 ,(-ΧΑ
1473 1528 1679 1551 ..μ-,Ἄρ
1710 1529 1799 1551 --μὶ
1834 1527 1947 1551 ἓ-ἓ..

340 1527 347 1607 ξ
390 1532 506 1594 υἱὸς
539 1531 571 1601 ἢ
629 1531 953 1601 εύχάριστος
1012 1528 1261 1599 μαθητὴς
1301 1529 1444 1598 ὑπὲρ
1471 1528 1679 1596 πατρὸς
1710 1529 1805 1580 καὶ
1831 1527 1977 1580 διδαη-
2006 1582 2011 1587 ,

342 1612 346 1629 ’
394 1624 595 1677 σκὰλου
622 1639 687 1690 γε
717 1619 966 1687 εὔξαιντο
989 1639 1001 1650 ·
1030 1621 1098 1675 τὰ
1137 1619 1183 1674 δ’
1210 1619 1341 1689 ὲμὰ,
1365 1622 1416 1673 τί
1440 1619 1505 1673 ἀν
1535 1636 1616 1673 σοι
1641 1620 1849 1688 κινοῖμι
1877 1620 1977 1690 τὴν

400 1715 728 1783 Καμάριναν
751 1714 902 1785 (16);
941 1714 1007 1766 Τί
1026 1713 1082 1766 δὲ
1107 1715 1474 1785 ἀναμετροῖμι
1494 1713 1594 1786 τὴν
1639 1713 1853 1775 Ἰλιάδα,
1884 1716 1979 1766 καὶ

2081 782 2406 854 στοιχειώδη
2472 782 2780 849 συνεμέσας
2847 777 3036 848 χολὴν,
3086 776 3283 845 ἄχολος
3330 775 3428 828 τοῦ
3478 774 3671 827 λοιποῦ

2087 878 2231 930 κατά
2256 875 2354 939 τὰς
2389 873 2626 942 ἐλάφους
2651 872 2766 941 (18)
2789 870 3290 938 ἀπολειφθήσομαι.
3318 867 3671 937 Προσηύξανε

2080 970 2137 1023 δὲ
2164 968 2265 1035 τὴν
2289 967 2447 1019 νόσον
2487 967 2577 1017 καὶ
2635 964 2864 1033 ἄτεχνος
2897 960 3083 1027 ίατρδς
3105 1000 3122 1025 ,
3158 959 3254 1031 τὴν
3311 960 3408 1029 μὲν
3446 958 3669 1029 ἡλικίαν

2083 1058 2259 1131 βραχύ
2281 1075 2335 1111 τι
2357 1058 2466 1109 τῶν
2492 1054 2911 1125 Δημοκριτείων
2956 1052 3197 1121 ἀτόμων,
3245 1051 3277 1121 ἥ
3309 1051 3401 1103 τοῦ
3440 1051 3670 1121 σημείου

2080 1152 2179 1205 τοῦ
2203 1148 2587 1221 γεωμετρικοῦ
2625 1143 2973 1217 διενηνοχὼς,
3008 1141 3369 1214 ψυχρολογῶν
3410 1141 3467 1193 δὲ
3501 1141 3675 1193 πολλά

2082 1244 2178 1296 καὶ
2201 1240 2643 1311 σφυγμομαχών,
2666 1238 2764 1292 καὶ
2792 1238 2860 1307 τῇ
2890 1236 3224 1307 ταλαιπώρῳ
3253 1234 3397 1304 χειρὶ
3422 1234 3489 1286 δι’
3513 1234 3674 1304 ὄχλου

2084 1338 2395 1406 γινόμενος,
2448 1336 2505 1397 ἐς
2534 1332 2793 1388 τοσοῦτον
2830 1332 2888 1386 δὲ
2929 1330 3082 1402 παρὰ
3111 1329 3285 1401 θύρας
3316 1329 3577 1384 ἀπαντῶν
3606 1331 3674 1401 τῇ

2084 1431 2379 1498 διαγνώσει
2410 1428 2524 1499 (19)
2582 1428 2683 1496 τῆς
2714 1425 3031 1488 διαθέσεως,
3068 1424 3145 1489 ὡς
3177 1423 3402 1477 διπλοῦν
3426 1425 3675 1492 τριταῖον

2083 1521 2354 1592 ὀνομάσαι
2391 1526 2489 1589 την
2515 1518 2800 1587 λοὶμωξιν.
2829 1518 3075 1571 Τοιοῦτοι
3100 1519 3212 1579 τοῖς
3241 1517 3426 1579 καλοῖς
3458 1517 3670 1580 Βυζανο

2085 1616 2223 1678 τίοις
2270 1616 2555 1686 πρόσεισιν
2609 1615 2817 1683 ίατροίυ
2870 1613 2969 1664 καὶ
3015 1610 3273 1681 προσεῖὲν
3315 1627 3402 1678 γε,
3462 1603 3506 1663 ὧ
3536 1606 3674 1662 Θεοῦ

2090 1708 2420 1778 πανδερκείς
2440 1706 2552 1774 (20)
2576 1705 2870 1775 ὀφθαλμοὶ,
2886 1704 2979 1757 καὶ
3001 1702 3166 1773 ἑφορε
3190 1702 3446 1771 Πρόνοια.
3468 1701 3679 1770 Τέταρ-

396 1807 602 1874 πολλῆς
648 1805 844 1874 ἀηδίας
897 1804 995 1874 τὴν
1026 1805 1263 1874 φαιδρὰν
1292 1796 1413 1857 ’σου
1449 1805 1544 1857 καὶ
1581 1805 1983 1875 γεγανωμένην
2019 1795 2059 1852 Β
2088 1816 2181 1861 τος
2218 1800 2311 1853 ἐπὶ
2343 1798 2560 1860 τούτοις
2609 1797 2897 1851 ἀνέτελλεν
2931 1796 3107 1866 ἥλιος,
3158 1796 3255 1848 καὶ
3286 1793 3678 1847 συνανέτειλάν

397 1900 660 1968 πληροίμι
706 1899 924 1968 ψυχήν;
983 1898 1063 1951 Τά
1100 1898 1200 1966 μὲν
1238 1899 1347 1968 γάρ
1377 1917 1470 1969 μοι
1523 1898 1654 1969 περὶ
1679 1900 1781 1969 τὴν
1814 1899 1984 1968 τύχην

395 1993 570 2055 οὕτως
601 1992 715 2062 ἔχει
742 1994 837 2047 καὶ
867 1991 984 2055 νῦν,
1018 1992 1093 2055 ὡς
1119 1993 1229 2061 ἄρα
1255 1992 1352 2045 καὶ
1383 1992 1651 2062 πρότερον
1671 2008 1684 2024 ·
1747 1992 1895 2056 ὅπως
1925 1992 1985 2044 δὲ

398 2083 691 2153 πρότερον,
715 2082 806 2135 τδν
844 2081 935 2134 σὺν
968 2082 1071 2135 οὐκ
1095 2080 1256 2135 ἔλαθε
1281 2082 1553 2152 μνήμονα.
1592 2080 1727 2133 (λύδὲ
1756 2098 1846 2134 πω
1875 2083 1985 2150 γὰρ

398 2175 533 2243 ἡμῖν
566 2175 599 2242 ὴ
635 2173 771 2242 τύχη
827 2174 1308 2243 προσεμειδίασεν,
1345 2173 1466 2226 οὐδὲ
1500 2173 1560 2225 τὸ
1590 2172 1988 2242 κατεσπασμέ-

401 2281 491 2317 νον
520 2263 677 2318 ἔλυσε
707 2265 808 2332 τῆς
840 2263 1069 2333 ὀφρύος.
1110 2264 1403 2318 Ἐπέκεινα
1431 2265 1488 2318 δὲ
1505 2265 1714 2318 τούτων
1744 2265 1894 2318 ἕλκει
1920 2282 1989 2335 με

400 2357 625 2426 πονηρῷ
679 2355 749 2409 δι’
780 2356 902 2409 ὅλου
958 2358 1055 2411 τοῦ
1097 2357 1375 2427 σώματος,
1435 2358 1576 2412 κατὰ
1608 2358 1699 2411 τὸν
1729 2358 1990 2426 Αύσίτην,

402 2449 626 2501 ἔπαισεν
660 2450 689 2501 ὁ
717 2448 872 2513 Θεός.
906 2449 985 2520 Τῇ
1014 2450 1124 2519 γὰρ
1147 2450 1407 2521 αἰσχίστῃ
1442 2450 1542 2520 μὲν
1570 2450 1724 2513 ίδεῖν,
1750 2452 1993 2522 κακίστῃ

400 2539 461 2592 δὲ
494 2537 693 2593 παθεῖν
723 2536 1007 2608 λοιμώξει,
1049 2541 1125 2600 ὡς
1177 2539 1254 2609 μὴ
1282 2538 1517 2607 ὤφελον,
1560 2541 1987 2612 περιπέπτωκα,

406 2630 466 2695 ἐξ
521 2622 590 2700 ἦς
629 2630 732 2683 ὅσα
781 2629 869 2693 ἂν,
908 2630 1007 2683 καὶ
1044 2625 1133 2685 οἷα
1163 2632 1430 2684 συνέπεσε
1479 2632 1549 2684 τὰ
1584 2632 1753 2699 δεινὰ,
1788 2632 1837 2684 τί
1882 2634 1988 2703 χρὴ

406 2826 744 2896 lampadibus
764 2829 972 2897 tuisque
1004 2829 1137 2882 ceris
1167 2831 1440 2884 civitatum
1479 2831 1827 2900 iujustissinta
1862 2831 1997 2887 Tra-

411 2922 744 2994 pezuntina?
780 2939 950 2976 meum
978 2923 1151 2977 videre
1173 2924 1338 2977 solem
1367 2942 1546 2994 qua'ro
1563 2942 1580 2991 ;
1608 2927 1844 2981 subsidia
1871 2936 1995 2981 sunt

406 3015 506 3069 illa
537 3016 677 3069 nocti
702 3023 750 3068 et
793 3014 1015 3069 tenebris
1044 3017 1295 3080 inventa;
1326 3019 1408 3070 hic
1435 3033 1553 3071 vero
1591 3032 1667 3072 est
1697 3019 1799 3073 diei
1822 3020 1994 3073 omnis

2098 1912 2188 1965 μοι
2218 1896 2343 1964 περὶ
2373 1892 2472 1965 τὴν
2502 1895 2600 1963 τῆς
2652 1893 2857 1962 σαρκὸς
2910 1891 3240 1958 ἐπιφάνειαν
3291 1884 3680 1957 ἀναστημὰτια

2097 1986 2274 2057 μικρά
2306 1988 2400 2041 καὶ
2432 1985 2741 2056 ὑπέρυθρα,
2767 1983 2824 2047 ἃ,
2854 1986 2950 2037 καὶ
2986 1982 3141 2051 παρά
3169 1982 3368 2050 μικρὸν
3400 1978 3476 2048 τῷ
3498 1976 3678 2047 χρόνῳ

2096 2078 2567 2149 συναυξανόμενα,
2623 2077 2958 2145 ἑϐδοματαῐα
3006 2074 3353 2141 παλαμναῑαι
3393 2070 3684 2138 φλυκτίδες

2093 2172 2368 2239 ἐγένοντο.
2408 2170 2715 2240 Ἑώρακας,
2769 2171 2861 2220 ἐπί
2883 2184 3028 2229 τινος
3074 2167 3275 2236 λίμνης
3295 2165 3508 2234 ὄμϐρου
3543 2166 3685 2232 ραγ-

2089 2264 2242 2317 δαίου
2271 2262 2644 2332 καθυομόνου,
2675 2262 2822 2324 ὅπως
2848 2263 2882 2332 η
2912 2260 3176 2331 σύμπασα
3214 2261 3510 2328 ἐπιφάνεια
3548 2257 3684 2311 ταύ-

2090 2374 2191 2426 της
2220 2359 2338 2420 ταῖς
2363 2357 2599 2418 πυκναῖς
2625 2351 2966 2424 πομφόλυξιν
2994 2352 3353 2418 ὲξοιδαξνεται
3376 2349 3682 2417 ;Τοιαιὶτην

2090 2449 2312 2519 οἱήθητί
2345 2466 2449 2519 μου
2485 2449 2578 2501 καὶ
2607 2447 2707 2517 τὴν
2742 2445 2989 2499 δειλαίαν
3028 2445 3211 2515 σάρκα
3248 2442 3556 2513 τηνικαῦτα
3589 2456 3686 2508 γε·

2093 2540 2301 2594 νέσθαι.
2332 2542 2443 2603 Τὰς
2473 2541 2582 2611 γὰρ
2606 2540 2698 2593 ἐπὶ
2726 2539 2949 2597 τούτοις
2965 2538 3188 2600 ἀσιτίας
3216 2537 3312 2589 καὶ
3346 2532 3684 2603 ἀγρυπνίας,

2101 2634 2195 2686 καὶ
2228 2634 2291 2687 τὸ
2317 2637 2384 2703 τῇ
2420 2634 2512 2687 καὶ⁵
2539 2636 2606 2704 τῇ
2637 2632 3104 2703 δυσμετάπτωτον
3145 2629 3284 2700 (21),
3316 2630 3411 2681 καὶ
3440 2627 3509 2680 τὰ
3551 2624 3684 2694 βέλη

2103 2838 2277 2891 dicere
2305 2838 2331 2891 ?
2371 2836 2626 2891 Triduum
2673 2851 2755 2889 me
2793 2839 3030 2907 ﬂammte
3073 2852 3251 2889 omnes
3285 2828 3562 2888 horrenda
3592 2832 3692 2886 lia-

2103 2928 2351 2993 buerunt,
2404 2938 2564 2998 atque
2590 2929 2758 2997 ignita
2790 2926 3019 2996 fulmina
3042 2932 3517 2996 consumpserunt;
3567 2940 3687 2993 quat

2099 3032 2308 3075 secutus
2357 3028 2434 3074 est
2486 3022 2712 3077 vomitus
2754 3030 2939 3074 tantus
2973 3028 3031 3073 ut
3063 3021 3304 3072 timerem
3350 3035 3413 3071 ne
3443 3016 3512 3087 {ei
3535 3032 3690 3070 omne

410 3108 633 3177 e/fector.
688 3106 827 3171 Quid
858 3107 983 3159 mihi
1013 3123 1131 3161 cum
1166 3108 1450 3162 stateribus
1477 3117 1528 3162 et
1548 3111 1726 3164 aureis
1759 3112 1993 3164 nummis
2034 3175 2064 3184 __
2098 3114 2284 3167 statim
2341 3114 2661 3184 effunderem
2696 3121 2746 3165 et
2805 3129 3081 3166 cervorum
3115 3128 3261 3166 more
3294 3112 3539 3180 deinceps
3570 3109 3695 3163 abs—

410 3198 561 3250 tuis?
594 3197 765 3251 Meum
788 3214 968 3266 quaero
1007 3199 1338 3253 thesaurum.
1371 3202 1512 3255 Sunt
1544 3203 1597 3255 hi
1626 3202 1801 3273 amicti
1830 3204 1997 3258 animi
2025 3175 2068 3230 ο
2103 3220 2203 3275 que
2251 3175 2394 3273 felle"
2423 3222 2610 3259 essem.
2643 3205 2804 3259 Auxit
2856 3205 3100 3258 morbum
3125 3206 3404 3275 imperitus
3458 3175 3688 3256 medicus

362 3306 374 3322 υ
421 3299 604 3342 ructus
658 3290 875 3359 quidam
907 3293 1243 3361 ﬂammceque
1286 3294 1456 3346 cordis
1483 3296 1903 3363 evaporationes.
1935 3294 2002 3349 Te

409 3399 531 3436 vero
566 3383 800 3437 divinum
839 3399 1051 3445 numen,
1077 3389 1137 3437 ob
1169 3384 1482 3439 diuturnam
1510 3384 1665 3440 illam
1719 3385 2004 3441 calamita-

413 3485 518 3527 tem
554 3476 883 3532 miseratam.
923 3491 1076 3527 suum
1136 3478 1276 3528 misit
1311 3486 1575 3545 pastorem
1624 3477 1715 3547 qui
1768 3485 2007 3546 pasceret

413 3565 669 3638 populum
695 3583 850 3619 suum
875 3566 931 3619 in
950 3567 1355 3620 mansuetudine
1381 3574 1432 3620 et
1452 3569 1671 3638 justitia
1700 3569 1743 3623 ⁸.

491 3657 594 3711 Sed
628 3659 737 3711 hwc
781 3659 1015 3727 quidem,
1060 3659 1273 3711 domine
1311 3658 1505 3723 divine,
1530 3661 1603 3713 sic
1650 3661 1800 3714 oravi
1827 3677 1883 3715 se
1910 3663 2008 3716 ha-

416 3754 597 3812 beant,
623 3751 802 3821 itaque
834 3766 1051 3820 prorsus
1081 3766 1136 3804 se
1171 3751 1365 3804 habere
1402 3753 1625 3814 credidi,
1659 3755 2008 3823 quemadmo-

420 3841 550 3894 dum
575 3845 767 3910 probus
807 3839 1278 3911 ﬁlitts‘gratusque
1313 3838 1606 3911 discipulus
1641 3846 1785 3910 patri
1813 3853 1863 3896 et
1894 3858 2010 3896 ma-

417 3936 582 4006 gistro
605 3949 713 3987 esse
732 3942 1060 4003 precaretur.
1081 3931 1233 3997 Quod
1256 3949 1371 3986 mea
1399 3935 1646 4002 pertinet,
1672 3933 1800 4003 quid
1812 3933 2010 3988 Cama-

420 4028 600 4081 rinam
625 4043 716 4097 ego
744 4024 976 4080 moveam
999 4026 1023 4078 ?
1046 4024 1185 4089 Quid
1212 4027 1280 4079 ad
1307 4025 1532 4081 Iliadem
1561 4035 1851 4092 recantem,
1892 4028 2010 4080 ani-

421 4136 673 4190 mumque
698 4133 847 4173 tuum
882 4118 1063 4173 [cetum
1091 4118 1514 4189 gaudentemque
1543 4120 1765 4173 tristitia
1789 4118 2012 4189 perfun-

423 4216 587 4268 dam?
646 4211 771 4266 Mea
828 4228 945 4266 sors
1001 4228 1063 4265 ea
1123 4229 1262 4266 nunc
1304 4222 1383 4268 est
1410 4228 1530 4283 qua
1556 4214 1702 4281 prius
1729 4212 2010 4283 fuit:quce

422 4315 602 4361 autem
654 4308 799 4377 prius
852 4306 1036 4376 fuerit,
1090 4305 1304 4375 opinor,
1368 4306 1673 4359 meministi.
1718 4304 2011 4373 Nunquam

424 4398 691 4452 nobiscum
730 4398 948 4467 fortuna
994 4397 1330 4450 mediocriter
1375 4398 1500 4466 egit,
1532 4411 1627 4449 nec
1667 4394 2011 4465 supercilium

2104 3299 2193 3367 qui
2217 3314 2280 3351 ea
2321 3310 2437 3351 erat
2469 3307 2706 3365 statura,
2734 3315 2853 3368 qua:
2880 3316 3074 3369 parum
3108 3300 3335 3352 distaret
3359 3316 3390 3351 a
3418 3297 3693 3350 Democri-

2105 3387 2221 3440 ticis
2273 3389 2489 3452 atomis,
2537 3386 2622 3441 vel
2659 3389 2972 3458 geometrico
3008 3397 3232 3458 puncto;
3280 3387 3472 3457 frigide
3511 3394 3690 3438 autem

2105 3477 2278 3532 multa
2312 3478 2529 3549 loquens
2546 3489 2598 3532 et
2623 3480 2687 3532 de
2721 3480 2880 3549 pulsu
2911 3480 3253 3544 contendens,
3278 3477 3480 3547 infelici
3510 3485 3691 3530 autem

2107 3588 2272 3624 manu
2300 3581 2470 3626 totum
2495 3589 2682 3641 corpus
2704 3581 3014 3644 pertentans
3047 3574 3180 3627 adeo
3206 3574 3369 3627 levem
3396 3572 3561 3625 morbi
3590 3571 3695 3623 mei

2106 3666 2462 3732 cognitionem
2503 3667 2754 3734 suscepit,
2792 3674 2850 3717 ut
2905 3666 3194 3719 tertianam
3239 3665 3422 3726 febrim
3453 3678 3564 3716 esse
3606 3662 3694 3715 di-

2106 3766 2243 3810 ceret
2276 3773 2396 3825 qute
2435 3767 2553 3810 erat
2587 3758 2785 3811 canina
2828 3758 3015 3825 fames.
3048 3757 3200 3811 Tales
3239 3757 3444 3825 magnis
3485 3753 3701 3824 Byzan-

2110 3847 2234 3901 tinis
2257 3848 2445 3901 medici
2467 3858 2625 3911 sunt;
2660 3851 2766 3901 sint
2796 3864 2917 3902 vero
2948 3865 3042 3917 per
3067 3847 3163 3901 Dei
3192 3846 3368 3900 oculos
3396 3846 3487 3914 qui
3510 3845 3696 3898 omnia

2108 3941 2286 3994 vident
2314 3950 2361 3993 et
2393 3942 2779 4011 providentiam
2807 3956 2926 4007 qua:
2957 3940 3197 3993 omnibus
3232 3938 3494 4008 pra’sidet.
3520 3934 3700 4001 Quar-

2111 4039 2195 4085 tus
2236 4033 2452 4101 postlsac
2494 4032 2635 4083 venit
2677 4030 2786 4085 dies
2849 4046 3043 4100 perque
3077 4041 3242 4082 totum
3283 4044 3470 4096 corpus
3504 4028 3692 4079 oborta

2110 4131 2235 4178 sunt
2277 4124 2406 4177 mihi
2438 4139 2606 4192 parva
2645 4123 2757 4175 visu
2805 4121 3078 4175 tubercula
3122 4128 3171 4173 et
3205 4120 3388 4182 rubra,
3424 4133 3544 4184 qute
3573 4133 3696 4170 cum

2112 4215 2379 4290 paulatim
2409 4212 2642 4286 tempore
2675 4216 2992 4279 crevissent,
3031 4216 3162 4267 dira:
3197 4217 3420 4283 septimo
3457 4213 3539 4264 die
3594 4226 3698 4278 pu-

2110 4311 2267 4366 stula:
2305 4311 2459 4379 factte
2491 4319 2636 4362 sunt.
2667 4306 2923 4362 Vidistine
2947 4322 3183 4376 unquam
3218 4322 3338 4359 cum
3358 4306 3415 4357 in
3446 4301 3698 4374 paludem

2113 4401 2374 4454 decideret
2410 4398 2669 4452 violentus
2711 4398 2877 4451 imber
2916 4407 2972 4450 ut
3003 4396 3308 4466 superﬁcies
3340 4396 3495 4464 hujus
3526 4393 3699 4445 omnis

425 4492 682 4560 deposuit.
708 4489 981 4545 Prceterea
1020 4490 1161 4544 male
1191 4500 1345 4544 vexat
1375 4478 1565 4561 corpus
1593 4505 1747 4542 omne
1766 4505 1785 4554 ;
1817 4496 1875 4543 ut
1899 4486 2009 4539 Au-
2042 4526 2085 4579 Β
2114 4494 2309 4547 crebris
2343 4493 2590 4560 turgescit
2637 4488 2837 4543 bullis?
2875 4486 2963 4542 Sic
3008 4498 3139 4557 puta
3184 4496 3234 4539 et
3275 4486 3465 4555 infelix
3499 4498 3690 4550 corpus

425 4586 577 4638 sitem
626 4583 776 4637 illum
823 4582 1019 4637 Jobum
1068 4584 1321 4653 percussit
1363 4583 1498 4634 Deus
1535 4583 1577 4635 °.
1619 4581 1685 4634 In
1722 4597 1842 4634 eam
1889 4597 2008 4650 qua:

428 4675 540 4728 visu
579 4673 893 4727 miserabilis
927 4682 1025 4737 est,
1073 4674 1388 4746 experiendo
1424 4689 1544 4728 vero
1573 4673 1825 4743 pessima,
1862 4672 2011 4725 cani-

431 4780 555 4818 nam
604 4764 799 4833 famem
826 4765 1021 4831 incidi;
1074 4768 1283 4819 utinam
1311 4767 1415 4818 non
1441 4765 1744 4818 incidissem
1783 4778 1848 4818 ea:
1877 4778 2007 4833 qua,

427 4862 633 4927 quanta
678 4863 728 4909 et
784 4858 968 4927 qualia
1007 4860 1242 4913 venerint
1296 4859 1425 4912 mihi
1478 4856 1625 4911 mala
1657 4856 1785 4927 quid
1821 4856 2010 4909 attinet

501 5037 526 5070 ⁸
554 5038 700 5095 Psal.
735 5036 957 5103 xuv,6.
1031 5037 1054 5069 ’
1077 5035 1203 5091 Job.
1226 5034 1363 5101 ",7.

508 5213 622 5286 (15)
652 5214 847 5269 Lazer.
866 5216 983 5286 leg.
1019 5213 1365 5286 βοηθήματα.

509 5280 620 5354 (17(3)
652 5286 813 5340 Conf.
864 5280 1078 5341 Erasini.
1108 5280 1288 5354 Adag.
1342 5281 1474 5335 chil.
1508 5296 1546 5348 ι,
1578 5289 1725 5336 cent.
1754 5297 1793 5346 ι,
1853 5280 2012 5351 adag.

434 5353 622 5418 LXIV,
652 5357 757 5414 col.
786 5356 877 5409 Η.

651 5424 840 5506 Lszer.
882 5425 1205 5506 χολιίξμεςξίαἶ

509 5498 619 5564 (18)
654 5513 672 5545 ‹
703 5493 776 5547 La
800 5493 1047 5566 iveSicul’e
1085 5496 1158 5549 du
1192 5497 1299 5555 foie
1332 5515 1401 5554 ne
1442 5514 1500 5552 se
1537 5504 1729 5566 trouve
1754 5512 1851 5566 pas
1875 5498 2013 5566 dans

439 5565 490 5618 le
523 5568 760 5639 «uri...._
796 5565 871 5639 in:
907 5565 1014 5619 loie
1038 5571 1116 5639 du
1171 5571 1289 5624 ceri
1313 5582 1397 5625 cst
1447 5565 1599 5639 placé
1646 5575 1701 5639 et
1727 5564 2011 5639 cbnt‘ortué

438 5650 653 5688 COHIIIle
683 5635 824 5687 οι·ὶυὶ
856 5638 926 5687 «lu
966 5635 1133 5699 bwuf,
1174 5640 1245 5694 du
1275 5635 1522 5695 belicr'ul
1556 5639 1625 5689 (lu
1664 5638 1838 5700 bouc;
1870 5635 2008 5690 tuuis

441 5704 478 5756 il
513 5704 597 5773 u'y
631 5721 661 5756 ιι
697 5706 852 5773 point
878 5705 945 5758 de
973 5707 1214 5764 vesicule
1264 5712 1335 5765 du
1370 5713 1455 5767 lic!
1490 5711 1581 5779 :jc
1622 5707 1707 5761 I'ai
1752 5709 2004 5778 lc-Ujom's

2119 4586 2344 4640 evasisse
2375 4600 2569 4640 meum.
2598 4580 2873 4637 Prteterea
2900 4582 3128 4643 inedias,
3151 4578 3378 4649 vigilias,
3410 4573 3704 4645 difﬁculta—

2117 4688 2222 4731 tem
2245 4679 2301 4731 in
2332 4692 2550 4746 corpore
2576 4674 2833 4729 versando
2867 4675 2924 4727 in
2945 4672 3109 4726 aliam
3138 4680 3345 4741 partem
3371 4680 3419 4721 et
3453 4666 3700 4719 dolorum

2121 4761 2371 4827 aculeos;
2403 4771 2453 4814 et
2481 4762 2623 4833 quod
2664 4762 2863 4814 doloris
2890 4759 3144 4829 colophon
3174 4766 3290 4811 erat
3323 4756 3534 4826 apinari
3565 4755 3704 4807 ami-

2118 4854 2193 4908 cis
2227 4853 2355 4924 ipsis
2387 4853 2691 4907 miserabile
2716 4853 3078 4922 spectaculum
3111 4853 3361 4905 evasisse.
3402 4864 3467 4901 ex
3496 4863 3703 4901 sermo-

2116 5226 2186 5262 vu
2224 5209 2294 5264 de
2323 5211 2555 5264 couleur
2613 5212 2782 5265 livide
2817 5211 3123 5266 au-dedans
3186 5222 3239 5265 et
3278 5209 3602 5277 au—dehors;
3661 5213 3703 5268 il

2115 5281 2295 5350 pesait
2325 5283 2467 5334 deux
2504 5282 2667 5335 livres
2698 5289 2821 5348 sapt
2867 5296 3033 5337 onces
3072 5283 3210 5334 deus
3263 5297 3391 5350 gros
3454 5282 3594 5334 dans
3649 5283 3705 5338 lc

2117 5351 2236 5420 cori
2261 5350 2356 5419 qui
2385 5367 2413 5404 a
2447 5351 2591 5404 servi
2620 5356 2683 5405 de
2713 5351 2857 5415 sujet.
2880 5366 3019 5420 pour
3068 5361 3209 5407 cette
3259 5350 3623 5420 description.
3675 5372 3695 5405 ι

2115 5418 2721 5493 Αυιι-εατοκὶρεεενξρετ
2740 5424 2812 5493 du
2852 5418 2985 5489 cer],
3016 5422 3304 5492 llistanat.
3335 5418 3462 5493 gen;
3484 5431 3531 5475 et
3554 5433 3699 5489 part.

2119 5497 2162 5543 ι.
2201 5489 2309 5544 νιιι
2342 5491 2550 5557 (1756),
2587 5489 2645 5557 p.
2669 5491 2772 5544 102
2804 5501 2858 5546 et
2886 5493 3023 5546 Hae.

2194 5562 2306 5628 (19)
2337 5561 2528 5614 Later.
2555 5561 2868 5614 ὃιαννώσει.

2193 5631 2306 5695 (20)
2341 5632 2533 5684 Lazar.
2568 5632 2800 5684 παντοδε
2812 5633 2985 5699 ρκεῖς.

2191 5704 2302 5775 (21)
2335 5701 2525 5757 Ιλλιῑριο,
2558 5703 3064 5769 δυσμωτὰπτωτον.
