4050 6396
331 353 470 420 125⁸7

1535 349 1860 412 SCRIPTA
1923 346 2481 410 MISCELLANEA.

3476 348 3614 415 1258

317 462 432 520 τῶν
464 460 667 527 πίνων,
692 463 891 518 καὶτὸν
915 462 1200 534 κολοφῶνα
1219 464 1318 529 τῆς
1354 462 1531 534 λύπης
1565 463 1703 535 (22),
1731 462 1794 518 τὸ
1825 462 1923 517 καὶ
1954 469 1996 528 Α
2031 464 2109 536 μὴ
2138 463 2264 534 οὐχὶ
2287 461 2387 532 τῆς
2419 460 2516 515 τοῦ
2544 460 2874 532 πράγματος
2894 460 3051 527 ἀξίας
3084 460 3409 530 ἐλαττωθῶς
3442 462 3611 519 Kal-Ti

324 558 439 618 τοῖς
479 554 655 624 φίλοις
709 555 896 620 αὐτοῖς
934 557 1193 611 ἀπαίσιον
1247 555 1574 625 νομίζεσθαι
1603 556 1806 628 θέαμα,
1841 555 1920 609 δί-

322 648 458 701 δωσί
489 665 571 702 σοι
603 650 631 702 ὁ
662 647 824 718 λόγος
857 653 1188 707 συνεννοεῖν.
1244 652 1428 705 Ἔστω
1449 667 1466 684 ο
1520 651 1714 720 γέγονε
1745 650 1921 704 ταῦτα

323 743 425 796 καὶ
459 741 794 810 ἀπογέγονε,
826 745 922 797 καὶ
951 744 1126 808 οὐδεὶς
1158 746 1295 815 ἡμῖν
1325 743 1434 798 τῶν
1478 743 1864 814 παρελθόντων
1893 745 1922 798 6

318 835 499 904 λόγος,
523 836 646 889 ἐπεὶ
673 837 1053 908 παρήλθοσαν.
1078 836 1161 891 Τὰ
1189 837 1245 891 δὲ
1267 836 1494 908 λείψανα
1516 838 1633 910 (25)
1646 837 1745 909 τῆς
1762 838 1917 892 νόσου

322 927 420 980 καὶ
439 928 842 999 ἀποϐἀμματα,
876 925 989 996 οἷα,
1026 925 1071 983 ὦ
1106 929 1243 1001 πρὸς
1264 929 1473 999 φιλίας,
1510 925 1654 986 εἶναι
1683 928 1788 984 οίει
1819 930 1918 984 καὶ

320 1020 445 1074 τίνα
463 1035 480 1087 ;
497 1015 575 1073 Ἦ
602 1021 728 1090 μὴν,
749 1020 902 1088 λόγοι
923 1021 980 1076 δὲ
1003 1021 1415 1092 μαρτυροῦνται
1443 1022 1521 1090 τῷ
1550 1024 1714 1093 λόγῳ.
1737 1021 1920 1092 πολλῷ

321 1114 422 1183 τῆς
454 1114 613 1166 νόσου
641 1113 951 1186 δεινότερα.
994 1112 1159 1178 mea;
1199 1131 1304 1185 μου
1335 1115 1434 1187 τὴν
1459 1115 1640 1185 κόμην
1675 1114 1917 1183 έκείνηψ

321 1207 418 1261 καὶ
444 1206 506 1259 οὐ
539 1209 819 1277 συγχωρεῖ
837 1224 905 1278 με
921 1208 984 1261 τὸ
1007 1209 1244 1278 δάκρυον
1275 1209 1544 1280 προχεθὲν
1573 1208 1688 1281 (24)
1723 1225 1922 1280 περαι-

320 1300 466 1370 τέρω
495 1298 767 1368 προϐῆναι
791 1299 887 1354 τοῦ
919 1301 1254 1371 γράμματος
1281 1315 1298 1333 ⁶
1322 1299 1626 1372 έξερῤύηκε
1651 1299 1918 1372 σύμπασα

323 1394 432 1464 πρὸ
470 1391 573 1463 τῆς
610 1391 785 1462 ὥρας,
817 1393 930 1457 καὶ,
955 1393 1056 1465 τὴν
1078 1392 1324 1463 κεφαλὴν
1360 1393 1733 1464 προλιποῦσα,
1755 1393 1920 1447 ἐλεει-

323 1484 431 1548 νῶς
456 1483 536 1554 τῷ
565 1483 753 1552 ἐδάφει
785 1485 1218 1556 προσέρῤιπται.
1253 1485 1385 1547 Καὶ,
1417 1484 1506 1538 ἵνα
1531 1483 1609 1558 μή
1637 1485 1752 1548 τοῖς
1781 1485 1918 1539 καθ-

325 1577 562 1632 έκαστον
606 1576 832 1643 ἐπεξίω,
883 1577 979 1631 κα)⁸
1041 1577 1142 1646 τὴν
1199 1575 1497 1648 ἐπιστολὴν
1541 1576 1786 1648 αίσχύνω
1841 1577 1920 1648 τῷ

324 1672 506 1742 αἴσχει
541 1671 639 1741 τῆς
669 1670 1000 1741 διηγήσεως,
1033 1669 1325 1724 ἀλλόκοτόν
1362 1686 1416 1723 τι
1447 1669 1642 1739 τέρας,
1675 1669 1822 1724 κατά
1851 1669 1920 1723 τὰ

327 1764 420 1817 τοῦ
457 1761 856 1834 Ἐμπεδοκλέος
903 1759 1266 1831 ἀνδρόπρωρα
1295 1759 1434 1831 (25).
1466 1760 1567 1829 τὴν
1615 1759 1921 1824 Βυξαντίδα

2030 559 2138 630 γὰρ
2175 556 2310 610 αὐτὸ
2342 555 2539 628 δρόσον
2601 555 2853 626 ’Δερμὼν
2887 556 2990 626 τὴν
3037 556 3483 611 καταϐαίνουσαν
3522 561 3617 612 ἐπὶ

2027 648 2097 702 τὰ
2127 647 2227 718 ὅρη
2259 645 2422 711 Σιὼν,
2450 647 2544 700 καὶ
2572 647 2868 718 λαθικηδὲς
2902 649 3195 719 φάρμακον
3223 651 3362 723 (28),
3383 654 3478 706 καὶ
3506 654 3618 723 ἀμ-

2031 740 2280 810 ϐροσίαν,
2317 741 2412 794 καὶ
2430 741 2651 811 νέκταρ,
2681 741 2772 795 καὶ
2809 742 3029 812 μέλιτος
3057 744 3385 815 ἀπορρῶγα,
3423 745 3456 814 ἢ
3513 747 3616 816 τὴν

2031 831 2127 885 τοῦ
2160 832 2362 887 Πυλίου
2395 831 2615 901 λέγουσι
2646 832 2922 902 γλῶσσαν,
2947 837 3044 888 καὶ
3109 834 3390 890 Ἀλκινόου
3417 836 3615 905 κῆπον,

2032 924 2128 978 καὶ
2163 922 2348 978 πεδίον
2386 920 2660 979 Ἠλύσιον.
2695 924 2794 978 Ἔν
2831 941 2924 992 μοι
2958 927 3120 978 τοῦτο
3171 927 3353 996 μόνον,
3385 927 3446 982 τδ
3477 928 3615 983 πολὺ

2029 1011 2133 1082 τῆς
2160 1012 2356 1084 ἡδονῆς
2410 1013 2743 1085 ὑπετέμετο,
2777 1016 2869 1069 καὶ
2907 1016 3050 1086 μέγα
3100 1019 3266 1088 μέρος
3291 1021 3384 1073 τοῦ
3413 1021 3617 1092 γήθους

2029 1105 2508 1177 προσεξημίωσεν,
2539 1109 2622 1162 ὅτι
2657 1109 2732 1178 μὴ
2761 1109 2856 1162 καὶ
2882 1110 2940 1163 αἱ
2994 1111 3138 1180 ίεραί
3189 1130 3284 1167 σου
3316 1117 3497 1185 χεῖρες
3547 1119 3612 1186 τῇ

2031 1200 2216 1270 γραφῇ
2276 1199 2632 1270 διηκόνησαν,
2696 1201 2785 1267 ἵν’,
2842 1203 2918 1267 ὡς
2969 1205 3027 1258 έν
3081 1209 3451 1277 κατόπτροις,
3504 1213 3618 1271 τοῖς

2029 1290 2327 1362 γράμμασι
2356 1291 2456 1364 τὴν
2513 1295 2614 1365 σὴν
2647 1295 3008 1367 καταθεῶμαι
3045 1297 3246 1369 ψυχήν.
3279 1301 3391 1355 Νῦν
3418 1303 3463 1355 δ’
3498 1305 3617 1356 ἀλλ’

2029 1385 2062 1451 ἡ
2095 1382 2197 1453 μὲν
2223 1383 2455 1438 ἔκδοῦσα
2487 1387 2644 1457 φωνὴ
2668 1386 2784 1458 (29)
2834 1387 3054 1454 Ἰακὼϐ,
3082 1390 3178 1444 τοῦ
3208 1392 3352 1448 λείου
3388 1395 3482 1449 σοῦ
3522 1397 3620 1451 καὶ

2029 1476 2334 1544 ἀπλάστους
2364 1479 2459 1532 καὶ
2492 1479 2641 1551 ίεροῦ
2667 1497 2680 1510 ·
2719 1484 2776 1535 ai
2810 1482 2869 1535 δὲ
2901 1483 3190 1554 γράψασαι
3221 1489 3403 1558 χεῖρες
3435 1493 3621 1562 χεῖρες

2044 1567 2220 1622 Ἦσαῦ
2246 1587 2260 1600 ·
2315 1569 2419 1624 οὐκ
2443 1567 2564 1624 οἶδα
2613 1571 2714 1642 μὲν
2755 1567 2989 1642 οὗτινος,
3022 1577 3161 1641 τέως
3193 1595 3259 1648 γε
3289 1580 3396 1651 μὴν
3424 1583 3621 1654 ἀνδρὸς

2029 1660 2166 1714 πολὺ
2200 1661 2367 1718 πλέον
2394 1663 2706 1736 θηρεύεινῆ
2729 1669 2965 1737 γράφειν
2990 1669 3214 1734 εἰδότος.
3241 1673 3316 1726 Τὸ
3339 1673 3435 1728 νῦν
3458 1675 3622 1730 τοῦτο

2029 1751 2095 1822 δὴ
2125 1752 2186 1806 τὺ
2227 1753 2580 1823 Ἀποστόλου,
2635 1755 2878 1829 Ἔχομεν
2909 1759 3006 1814 τὸν
3055 1762 3337 1836 θησαυρὸν
3365 1767 3526 1838 ἡμῶν
3561 1771 3622 1823 έν

327 1856 596 1927 περίειμι,
657 1855 817 1918 δίκας
865 1853 1002 1915 ῐσως
1050 1854 1234 1918 τιννὺς
1275 1848 1351 1909 ὧν
1388 1854 1468 1917 είς
1496 1854 1626 1917 τοὺς
1669 1853 1921 1923 γελοίους
1952 1847 1996 1904 Β
2024 1841 2373 1914 ὀστρακίνοις
2412 1844 2534 1916 οὐχὶ
2559 1845 2843 1913 σκεύεσιν,
2884 1849 3021 1905 ἀλλὰ
3052 1854 3398 1924 γράμμασιν.
3453 1859 3620 1913 Ἀλλὰ

329 1948 598 2019 πολλαχοῦ
631 1945 1034 2020 πεπαρῴνηκα.
1101 1946 1247 2000 Ἀλλ’
1307 1946 1580 2002 ἀντιϐολῶ
1626 1964 1708 2012 σε,
1741 1949 1917 2018 χρυσῆ

330 2041 571 2114 κεφαλὴ,
628 2036 780 2107 εὖξαι
804 2042 872 2112 τῇ
917 2037 1195 2110 ἐπωνύμῳ
1230 2039 1328 2109 τῆς
1371 2041 1474 2111 σῆς
1529 2039 1920 2111 μητροπόλεως

329 2134 730 2204 χρυσοκεφάλῳ
769 2135 834 2204 τῇ
887 2132 1218 2202 Θεομήτορι,
1271 2131 1628 2202 χρυσωθῆναί
1673 2149 1765 2202 μοι
1825 2131 1923 2184 καὶ

329 2227 489 2290 αὖθις
528 2228 628 2298 τὴν
651 2225 898 2296 κεφαλὴν
934 2227 1056 2290 ταῖς
1089 2224 1251 2295 θριξί.
1285 2225 1395 2278 Καὶ
1424 2225 1499 2296 μή
1531 2241 1621 2294 μοι
1653 2222 1923 2294 χαλεπαί-

330 2337 423 2390 vn;
463 2319 577 2389 (26)
608 2301 778 2372 πολὺν
804 2318 944 2390 ὑπὲρ
978 2317 1088 2372 τῶν
1142 2317 1349 2389 τριχῶν
1389 2315 1502 2384 (27)
1529 2315 1802 2386 τιθεμένῳ
1832 2315 1924 2369 τὸν

329 2412 514 2480 λόγον,
543 2410 701 2474 εἰδὼς
733 2413 815 2464 ὅτι
845 2409 941 2463 καὶ
973 2409 1138 2473 αὐτὸς
1171 2411 1199 2462 δ
1230 2407 1423 2480 Σωτὴρ
1455 2406 1610 2461 οὐδὲν
1643 2406 1773 2462 ἄλλο
1806 2407 1921 2470 τοῖς

329 2505 413 2567 είς
442 2504 504 2558 τδ
561 2502 874 2574 μαρτύριον
936 2501 1170 2556 εἰσιοῦσι
1221 2501 1357 2570 πρὸς
1423 2499 1662 2571 θάρσους
1719 2497 1924 2568 ἔφησεν

330 2597 612 2667 ἀφορμὴν,
643 2594 761 2650 ἀλλ’
799 2597 906 2650 ὅτι.
943 2595 1053 2648 Καὶ
1085 2592 1209 2664 θρὶξ
1247 2595 1311 2646 ὲκ
1341 2592 1442 2662 τῆς
1488 2589 1733 2660 κεφαλῆς
1767 2589 1925 2658 ὑμῶν

327 2689 391 2743 οὐ
431 2689 506 2760 μὴ
542 2688 832 2760 ἀπόληται.
873 2689 980 2742 Καὶ
1033 2687 1162 2757 περὶ
1195 2686 1295 2757 μὲν
1334 2683 1543 2739 τούτοιν
1575 2684 1705 2755 ἄχρι
1738 2681 1919 2735 τοσού-

328 2799 450 2838 του.
476 2783 549 2835 Τὸ
578 2781 636 2836 δέ
665 2798 746 2835 σοι
777 2781 1017 2853 γράμμα
1061 2781 1115 2834 τί
1143 2781 1262 2833 ποτ’
1292 2777 1402 2851 ἄρα
1452 2777 1548 2832 καὶ
1579 2773 1924 2849 προσειπὼν,

331 2937 397 2977 ιιι
429 2922 524 2976 hoc
557 2935 670 2975 meo
693 2917 925 2991 cogitare
950 2925 1116 2988 potes.
1150 2915 1277 2970 Esto
1297 2956 1313 2981 ,
1337 2915 1448 2968 hac
1469 2913 1591 2985 jam
1619 2911 1924 2983 prazteriere

331 3019 384 3064 et
427 3009 606 3064 nullus
647 3010 791 3064 nobis
829 3023 1010 3062 eorum
1040 3015 1158 3078 qua?
1193 3005 1566 3074 prieterierunt
1609 3017 1783 3057 sermo
1821 3002 1925 3055 ha-

2028 1938 2118 2008 τίη
2148 1954 2243 2004 μοι
2271 1938 2445 1992 ταῦτα
2466 1937 2618 2008 φίλος
2635 1939 2911 2007 διελέξατο
2930 1943 3103 2014 θυμὸς
3135 1947 3271 2018 (50),
3304 1952 3400 2004 καὶ
3426 1950 3620 2006 ἔλαθεν

2029 2032 2227 2084 ἑαυτὸν
2262 2031 2408 2103 ὑπὲρ
2457 2033 2754 2104 ἐπιστολὴν
2793 2036 3229 2108 ἀποτεινάμενος
3269 2041 3368 2113 τὴν
3398 2045 3622 2098 ἐπιστο-

2028 2121 2166 2193 λην;
2197 2123 2371 2194 Χαῐρέ
2405 2140 2518 2194 μοι,
2555 2125 2788 2194 πανάγιε
2827 2126 3082 2194 δέσποτα,
3110 2131 3208 2184 καὶ
3240 2135 3359 2202 μεθ’
3390 2134 3621 2208 ὁλοκλή-

2034 2233 2130 2286 ρου
2163 2215 2278 2286 (Si)
2307 2218 2407 2288 τῆς
2437 2217 2791 2290 εὐδαιμονίας
2825 2221 2964 2292 πρὸς
2987 2225 3138 2294 ἡμᾶς
3186 2227 3617 2299 ἑπαναζευγνύς.

2035 2312 2311 2384 Ἐρῤωσο.

2033 2421 2105 2476 Z'.
2144 2424 2256 2504 Τοῦ
2287 2419 2501 2504 avrai").
2572 2424 2894 2504 'Taéptﬁc
2927 2430 3188 2504 γλώττης
3232 2433 3339 2488 τοῦ
3371 2435 3623 2504 ὀρφανο-

2102 2495 2330 2570 ςρόςοου
2356 2494 2454 2570 καί
2499 2494 2948 2566 νομοφύλαιὶος,
2985 2494 3183 2570 κυροῧ
3213 2494 3490 2570 Ἀλεξῖοῶ
3513 2508 3623 2561 τοῦ

2103 2563 2479 2633 Ἀριστηνοῦ.
2571 2563 2580 2564 ί
2619 2595 2622 2598 ~

2118 2678 2299 2751 ’Υπὲρ
2340 2681 2443 2750 τῆς
2489 2681 2584 2736 τοῦ
2630 2683 3015 2754 νομοφύλακος
3060 2687 3318 2762 γλώσσης
3367 2694 3395 2746 ὁ
3440 2692 3623 2760 λόγοςε

2049 2773 2236 2838 ’Λλλὰ,
2275 2772 2378 2840 φεῦ
2412 2774 2513 2845 τῆς
2542 2776 2786 2848 τόλμηςί
2827 2777 2888 2831 '0
2935 2779 3080 2834 οὕτω
3114 2787 3352 2855 παχεῖαν
3385 2787 3483 2839 καὶ
3520 2788 3630 2842 ὑπὸ

2031 2925 2155 2964 mon
2185 2910 2584 2966 descendentem
2609 2930 2768 2984 super
2792 2926 2990 2972 montes
3020 2918 3150 2975 Sion
3176 2921 3218 2952 "
3247 2937 3262 2985 ;
3290 2931 3338 2976 et
3368 2925 3624 2994 pharma-

2033 3019 2152 3056 cum
2209 3012 2348 3072 quod
2409 3021 2568 3058 curas
2622 3006 2762 3060 delet
2811 3016 2860 3061 et
2923 3012 3249 3067 ambrosiam
3283 3023 3334 3067 et
3365 3027 3552 3071 nectar
3574 3027 3628 3072 et

331 3103 530 3157 bendus
572 3109 650 3157 est
688 3100 827 3172 quod
861 3099 982 3170 jam
1030 3099 1321 3154 evaserint.
1368 3095 1542 3150 Morbi
1586 3094 1840 3166 reliquias
1871 3099 1924 3146 et
1965 3179 1991 3182 Ἀ
2033 3096 2205 3149 rivum
2234 3094 2405 3150 mellis
2431 3097 2512 3151 vel
2549 3115 2711 3168 quam
2736 3098 2879 3172 Pylii
2911 3100 3154 3174 linguam
3178 3106 3362 3160 dicunt
3389 3117 3439 3162 et
3468 3109 3628 3182 Alcy-

329 3197 549 3265 vestigia
577 3210 694 3265 qua:
729 3203 779 3249 et
827 3191 1015 3263 qualia
1045 3207 1140 3263 per
1181 3190 1473 3244 amicitiam
1520 3197 1762 3242 nostram
1813 3200 1923 3239 esse
1951 3179 1994 3236 C
2029 3187 2120 3241 noi
2167 3189 2368 3253 hortos,
2408 3199 2456 3243 et
2495 3207 2745 3262 campum
2802 3193 3070 3267 Elysium.
3133 3197 3407 3264 Quantum
3442 3203 3498 3256 in
3529 3179 3626 3258 hoc

332 3289 532 3358 putas?
558 3286 712 3341 (.‘erte
760 3286 807 3340 si
858 3286 967 3341 hac
995 3281 1177 3339 sedulo
1208 3283 1547 3346 aestimemus,
1586 3279 1756 3334 multo
1798 3287 1922 3332 sunt

336 3377 519 3432 morbo
577 3379 691 3447 ipso
741 3377 1032 3431 deteriora.
1093 3374 1249 3430 Nosti
1277 3372 1434 3427 illam
1472 3389 1679 3426 comam
1717 3372 1789 3441 (et
1818 3386 1925 3425 non

331 3470 513 3522 sinunt
550 3484 630 3522 me
661 3466 916 3538 lacrymie
950 3464 1232 3537 epistolam
1269 3463 1559 3535 persequi),
1593 3462 1778 3516 cecidit
1813 3469 1924 3516 tota

332 3574 460 3620 ante
494 3572 698 3634 tempus
737 3572 786 3616 et
821 3571 982 3634 caput
1014 3562 1258 3616 deserens
1287 3562 1478 3615 misere
1517 3560 1677 3613 humo
1707 3558 1924 3610 condita

332 3665 430 3712 est.
459 3657 629 3727 Atque
659 3665 718 3709 ut
749 3671 813 3708 ne
844 3654 1070 3724 singulis
1111 3652 1464 3707 describendis
1496 3648 1774 3721 epistolam
1805 3665 1927 3720 pro-

334 3754 528 3807 ducam
583 3757 633 3802 et
677 3747 928 3816 pudenda
968 3749 1285 3801 narratione
1332 3744 1701 3817 pudefaciam,
1736 3759 1800 3796 en
1834 3759 1927 3814 ego

339 3854 640 3900 monstrum
672 3841 836 3897 veluti
867 3840 1137 3911 quoddam
1179 3838 1517 3909 Empedoclis
1553 3836 1724 3891 vultui
1755 3835 1929 3889 simile

333 3935 657 4007 Byzantium
714 3947 930 4004 pererro
952 3971 968 3996 ,
1025 3946 1208 4002 poenas
1243 3929 1380 4000 forte
1415 3927 1562 3982 luens
1602 3943 1780 3982 eorum
1809 3941 1929 3998 qua:

334 4029 530 4098 sapius
561 4025 730 4081 irrisi.
776 4023 908 4078 Vero
937 4039 1062 4094 rogo
1088 4030 1159 4088 te,
1189 4036 1414 4076 aureum
1450 4027 1632 4090 caput,
1658 4027 1714 4071 ut
1749 4033 1926 4088 preces

338 4118 533 4190 fundas
571 4115 809 4187 ejusdem
855 4115 1084 4169 nominis
1118 4110 1422 4183 metrOpolis
1458 4126 1620 4165 aureo
1647 4109 1810 4178 capiti
1835 4108 1930 4162 Dei

341 4207 543 4276 Hatri;
589 4207 779 4262 reddat
840 4223 956 4262 meo
1004 4207 1199 4260 iterum
1234 4205 1396 4276 capiti
1446 4219 1638 4258 aureos
1685 4200 1927 4272 capillos.

322 4298 448 4355 Nec
477 4299 606 4354 mihi
639 4313 950 4353 succenseas
982 4306 1095 4352 tam
1138 4296 1308 4352 multa
1340 4297 1405 4349 de
1428 4293 1636 4366 capillis
1671 4291 1930 4363 loquenti;

337 4394 478 4446 nosti
520 4394 662 4446 enim
717 4394 894 4463 ipsum
940 4391 1212 4446 hominum
1246 4388 1587 4444 Servatorem
1619 4385 1751 4440 nihil
1778 4383 1929 4439 aliud

332 4484 434 4540 sibi
490 4487 858 4541 testimonium
907 4485 1040 4538 dare
1093 4481 1548 4556 aggredientibus,
1585 4489 1644 4534 ut
1673 4479 1929 4549 fiduciam

335 4577 593 4631 excitaret
650 4577 870 4642 dixisse,
923 4576 1048 4639 nisi,
1087 4575 1214 4644 quia
1261 4571 1325 4626 Et
1368 4571 1597 4644 capillus
1644 4571 1710 4624 de
1759 4570 1931 4640 capite

334 4679 510 4726 vestro
567 4687 672 4725 non
735 4671 924 4741 peribit
955 4669 1024 4722 ¹⁰.
1056 4667 1128 4722 Et
1164 4669 1228 4721 de
1257 4668 1350 4737 .his
1384 4666 1597 4738 quidem
1652 4665 1926 4719 hactenus.

337 4759 639 4832 Epistolam
674 4776 797 4815 vero
848 4769 997 4813 tuam
1037 4752 1347 4830 quocunque
1388 4756 1602 4810 nomine
1641 4753 1926 4826 appellem,

335 4856 437 4908 erit
469 4853 606 4909 illud
648 4857 724 4910 rei
758 4857 946 4910 merito
974 4855 1222 4925 inferius.
1259 4852 1398 4908 Vaco
1427 4870 1549 4909 eam
1581 4869 1756 4908 rorem
1787 4851 1926 4907 Her-

2027 3295 2131 3334 uno
2188 3281 2318 3335 mihi
2375 3280 2658 3352 voluptatis
2698 3284 3035 3342 abstuferunt
3090 3297 3140 3343 et
3199 3301 3406 3362 quanta
3440 3295 3626 3365 gaudii

2028 3385 2181 3444 parte
2239 3372 2596 3440 mulctarunt,
2637 3378 2779 3448 quod
2846 3389 3025 3450 postea
3077 3399 3247 3438 sacrm
3279 3401 3472 3440 manus
3517 3397 3626 3442 tua:

2026 3465 2236 3532 scriptis
2295 3462 2617 3529 attulerunt,
2677 3475 2737 3521 ut
2797 3485 3000 3538 possem
3048 3470 3209 3526 veluti
3242 3474 3470 3543 speculis
3503 3493 3628 3530 con-

2031 3549 2282 3619 templari
2335 3551 2578 3605 animum
2629 3563 2800 3609 tuum.
2852 3556 3006 3612 Nunc
3057 3567 3236 3614 autem
3285 3563 3463 3617 exiens
3523 3582 3626 3620 vox

2027 3643 2190 3700 Iacob
2227 3646 2434 3709 est,~tui
2469 3646 2726 3703 nimirum
2754 3649 2908 3720 politi
2939 3661 2987 3706 et
3015 3655 3230 3721 sinceri,
3263 3664 3314 3710 et
3362 3660 3504 3712 sacri
3534 3659 3629 3712 ho-

2030 3735 2226 3799 minis;
2251 3733 2529 3790 scribentis
2556 3747 2734 3793 autem
2751 3757 2945 3796 manus
2971 3758 3164 3799 manus
3185 3755 3306 3801 sunt
3329 3746 3514 3814 Esau;
3535 3765 3628 3803 nec

2031 3825 2153 3880 novi
2193 3841 2266 3879 an
2295 3824 2439 3880 illius
2470 3829 2561 3898 qui
2598 3839 2762 3885 antea
2795 3841 2888 3886 aut
2914 3837 3100 3889 venari
3127 3835 3336 3904 melius,
3373 3851 3467 3893 aut
3496 3843 3628 3895 scri-

2031 3919 2154 3975 bere
2194 3925 2387 3991 potuit.
2433 3923 2721 3994 Proferam
2770 3943 2911 3982 nunc
2957 3929 3197 4000 Apostoli
3238 3932 3419 3988 illud:
3452 3933 3630 3989 Habe-

2033 4030 2150 4067 mus
2197 4013 2513 4069 thesaurum
2571 4027 2814 4072 nostrum
2853 4022 3042 4075 nonin
3091 4023 3232 4078 vasis
3256 4023 3505 4093 fictilibus
3533 4029 3628 4082 sed

2031 4105 2087 4159 in
2113 4103 2302 4159 litteris
2337 4105 2401 4160 ".
2444 4105 2548 4160 Sed
2572 4107 2701 4178 quid
2725 4109 2870 4179 ago?
2900 4113 3011 4166 haec
3040 4115 3239 4170 amicus
3263 4117 3474 4186 quidem
3508 4119 3630 4173 ani-

2034 4212 2147 4250 mus
2181 4197 2349 4262 dixit;
2384 4213 2478 4251 nec
2505 4187 2671 4252 sensit
2702 4203 2950 4257 excedere
2989 4206 3228 4275 epistolae
3268 4207 3425 4276 fines.
3462 4207 3622 4280 Vale,

2031 4288 2370 4342 sanctissime
2407 4287 2640 4356 domine,
2672 4299 2722 4344 et
2747 4307 2866 4346 cum
2897 4293 3156 4365 felicitate
3185 4299 3356 4355 animi
3381 4303 3526 4355 omni
3557 4303 3628 4356 ad

2033 4400 2128 4440 nos
2155 4384 2290 4439 redi.
2320 4383 2466 4439 Vale.

1964 4535 2006 4590 ο
2035 4498 2148 4556 VII.
2169 4528 2241 4539 —
2258 4498 2542 4590 Ejusdem.
2566 4502 2645 4590 Ile
2667 4503 3324 4590 linguaorphanotrophi
3353 4527 3419 4571 ac
3440 4514 3626 4587 legum

2395 4575 2668 4640 custodis,
2707 4575 2774 4633 Ι).
2804 4575 2983 4633 Alexii
3013 4575 3277 4639 Aristeni.

2112 4661 2191 4716 De
2226 4663 2411 4734 lingua
2457 4665 2630 4736 legum
2671 4671 2906 4725 custodis
2941 4686 3119 4729 sermo
3163 4683 3263 4732 est.
3301 4674 3348 4732 0
3391 4694 3501 4733 rem
3532 4695 3629 4733 ar-

2044 4757 2250 4812 duam!
2286 4757 2396 4829 Ego
2427 4761 2520 4828 qui
2549 4758 2793 4831 linguam
2823 4765 2958 4818 adeo
2981 4765 3228 4840 pinguem
3259 4779 3308 4826 et
3330 4773 3625 4827 coriaceum

2040 4863 2186 4918 gero,
2217 4849 2282 4903 de
2314 4848 2412 4904 tali
2443 4850 2626 4922 lingua
2659 4851 2806 4922 loqui
2836 4856 3041 4924 audeo;
3068 4875 3163 4931 ego
3197 4877 3419 4916 auream
3444 4864 3626 4933 plum-

411 4991 458 5024 ³⁸
487 4989 624 5048 Luc.
653 5006 770 5058 xxi,
794 4989 882 5046 18.
963 4991 1006 5024 ⁸⁸
1039 4987 1190 5046 Psal.
1224 5005 1436 5055 cxnu,
1468 4990 1526 5044 5.
1605 4987 1650 5020 "
1682 4987 1727 5042 ll
1750 4986 1881 5042 Cor.
1916 5001 1991 5052 iv,
2021 4959 2107 5042 ’7.⁸

410 5128 524 5198 (22)
549 5127 741 5200 ιέαῑθτ.
782 5127 1072 5200 πολοφῶνα
1107 5128 1206 5200 τῆς
1230 5127 1414 5192 λύπις.

413 5197 524 5266 (ἓξ)
560 5197 752 5253 aner.
784 5197 1028 5264 λείξανα.

415 5206 504 5266 (25
560 5206 752 5253 aner.
784 5206 1028 5264 λείξανα.

415 5206 647 5341 (24)-δὶο
678 5280 728 5323 et
769 5269 826 5324 in
861 5270 982 5341 cod.
1021 5268 1270 5324 Vatican.
1307 5268 1608 5341 Legendum
1645 5283 1759 5323 esse
1791 5265 1924 5337 fort.

342 5350 488 5389 mon.
512 5333 713 5404 (Lgazer.
739 5340 1032 5404 jnpoxueév.

417 5359 488 5388 ιιι.
523 5359 713 5388 μετιεῖ.
741 5359 862 5404 προ·
885 5359 1032 5394 υσεν.

417 5402 530 5473 (~25)
563 5400 691 5474 μη.
729 5402 831 5474 leg.
854 5359 990 5474 fon.
1023 5408 1328 5464 ἀνδώποδα.

417 5476 532 5546 (26)
564 5473 694 5546 Laz.
730 5473 1105 5546 χαλείπαινείς.

418 5544 531 5616 (27)
569 5544 697 5599 Laz.
720 5545 962 5616 τρύχων.

419 5614 538 5692 (ἓξ)
559 5616 736 5692 _Conr.
759 5614 766 5615 ί
788 5614 1141 5692 nominati,
1170 5618 1246 5686 X,
1276 5622 1373 5676 lib.
1408 5638 1610 5692 xxn,v.
1639 5621 1729 5677 82.

417 5685 530 5758 (29)
559 5685 1069 5762 Lazarusulegebqt,
1114 5691 1197 5743 ὅτι
1223 5692 1364 5761 μετὰ
1421 5685 1540 5750 καί
1563 5693 1620 5749 αἱ
1655 5693 1796 5762 ἱεραί
1840 5708 1933 5746 σου

336 5756 520 5832 χεῖρες
553 5760 620 5828 τῇ
646 5759 833 5829 γραφῇ
867 5756 1198 5829 διηκόνησεν
1223 5756 1332 5833 ’ἧνζ
1367 5763 1444 5828 ὼς
1500 5766 1558 5819 ὲν
1603 5756 1934 5840 κατῦπτροις

627 5853 906 5919 Parnm.
938 5859 1425 5924 Ga.CXXXlll.

2031 5131 2475 5212 foli-{paupaat
2516 5134 2626 5212 την
2679 5135 2777 5207 σὴν
2843 5137 3197 5212 καταθεῶμαι
3273 5138 3473 5212 ψυχὴν,
3526 5140 3625 5212 νῦν

2035 5201 2081 5255 δ’
2116 5201 2422 5285 ἀλολδήμέν
2443 5201 2682 5261 έκδοῦσα
2725 5201 2902 5279 φωνή,
2937 5218 3044 5264 etc.
3099 5201 3158 5264 in
3185 5201 3298 5265 hoc
3315 5201 3624 5267 lo'c'o'nihil

2040 5279 2273 5329 omnino
2296 5279 2454 5334 vidit.

2115 5345 2234 5416 (30)
2268 5345 2429 5403 Conl’.
2480 5347 2643 5406 Hom.
2676 5347 2847 5406 Iliad.
2899 5352 2972 5416 Λ,
3029 5348 3066 5404 l.
3115 5347 3164 5403 Χ
3171 5348 3230 5416 1,
3261 5366 3308 5405 v.
3340 5350 3466 5406 407.
3489 5349 3620 5408 Laz.

2050 5416 2217 5491 Ἀλζλςξ
2241 5418 2322 5491 Ὲίς
2352 5419 2386 5491 η
2411 5437 2524 5490 μοι·

2109 5486 2222 5565 (5))
2250 5488 2350 5553 Ita,
2372 5486 2431 5565 iii
2455 5501 2611 5558 puto,
2630 5506 2736 5565 ηις.
2763 5489 3235 5565 Valic.;_Lazerns
3259 5491 3313 5544 in
3347 5507 3448 5565 suo
3471 5493 3620 5565 lege-

2034 5560 2131 5631 bat
2167 5557 2512 5631 ὁλοκαρδίου,
2544 5557 2688 5631 quod
2721 5577 2790 5616 ex
2818 5563 2996 5618 nostri
3048 5562 3325 5631 scriptura
3362 5564 3485 5618 elici
3519 5557 3620 5620 ne»

2033 5629 2177 5709 quit.
2216 5626 2489 5688 Caeterum
2516 5626 2653 5687 mihi
2674 5647 2784 5689 non
2815 5633 3045 5689 omnino
3083 5626 3288 5703 liquida
3358 5643 3445 5690 est
3497 5635 3618 5694 haec
3707 5669 3710 5672 ~

2033 5713 2318 5773 pericope.

3132 5868 3209 5931 40
