4050 6394
484 351 529 415 ’1
541 348 651 413 ‘259

1723 353 2130 416 THEODORI
2173 355 2588 417 PRODROMI

3653 355 3795 418 1260

502 461 808 535 τηλικαύτῃ
859 461 1037 534 βύρσῃ
1083 461 1356 516 λαλοῦσαν
1413 462 1672 532 γλῶσσαν
1725 466 1911 536 φορῶν
1957 468 2103 539 υπέρ
2135 473 2180 530 Α
2210 470 2276 524 ἂν
2309 469 2449 543 ἄλλῃ
2479 469 2635 540 παρά
2671 468 2882 541 ταύτην
2911 469 2940 523 ὁ
2977 469 3170 541 παρὼν
3202 469 3504 544 ἀρμόσειεν
3543 468 3792 535 ἔπαινος.

503 556 768 626 τοιαύτης
791 555 975 625 λέγειν
1002 556 1306 627 ἐπιχειρῶ⁸
1349 557 1444 611 καὶ
1489 556 1589 629 τὴν
1637 558 1905 630 χρυσίνην
1954 562 2096 630 μετά

503 651 604 721 τῆς
670 647 982 719 μολιὸδίνης
1029 649 1223 719 ὑμνεῖν
1273 649 1602 720 ἐπείγομαι,
1671 651 1812 720 μετὰ
1850 652 1954 724 τῆς
1998 671 2100 708 τα-

506 738 700 808 πεινῆς
773 738 872 792 καὶ
926 739 1036 792 ἀπὸ
1104 738 1209 808 γῆς
1266 739 1656 811 φθεγγομένης
1722 743 1824 814 τὴν
1886 742 2100 814 ὑψηλὴν

507 833 602 885 καὶ
644 831 933 901 αίθερίην·
972 833 1067 884 καὶ
1108 831 1177 903 ἢν
1219 833 1380 904 μόγις
1428 834 1498 888 ἂν
1552 833 1651 889 καὶ
1693 834 1939 906 Ὄμηροι
1983 835 2099 889 ὅλοι

509 924 652 993 μετὰ
685 923 796 977 τῶν
823 923 979 990 δέκα,
1009 924 1222 995 ταύτην
1265 925 1434 990 αὐτὸς
1479 926 1619 996 μετά
1665 928 1818 997 μιᾶς,
1847 926 1946 981 καὶ
1975 926 2100 982 οὐδὲ

506 1016 714 1086 ταύτης
744 1015 1020 1086 ἀκεραίας
1045 1056 1061 1081 ,
1095 1016 1209 1070 οὐδ’
1232 1017 1444 1086 ὑγιοῦς,
1471 1019 1818 1090 εύφημήσων
1840 1019 2100 1092 ἔρχομαι.

495 1108 928 1180 ςΠαραπλὴσιον,
958 1108 1148 1181 ὥσπερ
1177 1110 1228 1164 ει
1259 1109 1534 1182 Θερσίτης
1561 1111 1798 1184 Νιρέως,
1837 1112 1871 1183 ἢ
1919 1112 2101 1184 ’Δχιλ-

507 1203 650 1267 λέως
692 1203 978 1272 ἐγκώμιον
1010 1203 1279 1273 ἔγραφεν,
1308 1203 1342 1272 ἢ
1377 1204 1629 1273 Σερίφιος
1653 1203 1940 1269 ἄνθρωπος
1974 1205 2103 1268 τοὺς

521 1294 818 1366 Ἀθήνῃσιν
847 1294 1106 1367 ἀρίστους
1134 1294 1380 1366 ἐξύμνει,
1413 1295 1446 1364 ἢ
1491 1293 1734 1366 Φάλαρις
1780 1294 1922 1363 ὺπέρ
1955 1295 2104 1364 ’Δρι-

502 1380 724 1434 στεὶδου
757 1382 939 1452 ψῆφον
992 1383 1238 1452 εἰσῆγεν,
1271 1383 1303 1454 ἦ
1334 1383 1645 1454 Δημόφιλος
1691 1383 1899 1455 Ὀρφέα
1946 1386 2020 1438 τά
2045 1385 2104 1448 ἐς

497 1473 741 1528 Μοῦσαν
787 1475 1110 1546 ἐσέμνυνεν,
1140 1469 1184 1545 ᾧ
1215 1475 1475 1529 τοσοῦτον
1520 1476 1796 1546 ἀμουσίας
1826 1477 2103 1546 περιεῖναι

492 1565 760 1633 ιλέγεται,
775 1568 850 1631 ὡς
868 1569 962 1623 καὶ
985 1569 1228 1640 ἐπάύτῷ
1251 1567 1426 1622 ταῦτα
1443 1567 1742 1640 ποιηθῆναι
1767 1568 1838 1623 τά
1862 1569 2100 1639 ἐλεγεῖαο

491 1679 888 1746 ,Νυκτικόραε
922 1679 1523 1750 ᾆδειλθανατηςρόρον.
1549 1682 1619 1735 Et
1644 1679 1713 1734 δέ
1739 1681 1872 1736 ποτ’
1893 1681 2032 1750 ᾷσει

579 1750 940 1821 Δημόφιλος,
958 1748 1216 1820 θνήσκει
1243 1748 1468 1818 καύτὸς
1503 1752 1537 1806 ὁ
1570 1748 1938 1821 νυκτικόραξ
1963 1753 2100 1825 (52).

2199 563 2310 616 Καὶ
2366 562 2544 626 ἄλλως
2577 563 2635 618 δὲ
2685 563 2845 630 φοϐεῖ
2888 579 2955 633 με
2989 565 3050 617 τὸ
3083 562 3179 617 τοῦ
3211 564 3394 635 τ’Δχαρ
3444 561 3786 632 ὑπόδειγμα,

2197 658 2259 712 ὃν
2288 659 2440 730 παρά
2464 659 2564 730 τῆς
2593 659 2752 730 ίερᾶς
2793 657 3041 728 ἱστορίας
3080 658 3288 725 ἀκούω,
3325 658 3414 712 διὰ
3447 659 3508 712 es
3544 658 3791 729 χρυσέαν

2199 752 2455 820 γλῶσσαν
2489 752 2772 823 κλέψαντα
2811 751 3192 824 κατακρύψαι,
3232 752 3541 824 λσκησταῐς
3584 753 3644 805 ἐν
3687 751 3794 805 πέ-

2197 860 2397 916 τρῃσιν
2427 845 2688 916 εὑρέσθαι
2725 846 2890 917 μόθον
2911 844 3051 918 (35).
3069 845 3181 900 Καὶ
3209 845 3330 909 δέος
3363 845 3431 916 μέ
3455 863 3508 899 τι
3535 843 3796 898 ἐντεῦθεν

2199 938 2306 992 οὐκ
2345 938 2573 1007 ἀγεννὲς
2595 937 2916 1011 ὑποτρέχει,
2959 939 3034 1010 μή
3061 956 3138 1010 πη
3174 937 3272 993 καὶ
3292 939 3478 1003 αὐτὸς,
3508 936 3584 1011 ώς
3606 939 3701 1010 γῇ,
3724 938 3793 1008 τῇ

2203 1033 2333 1104 σιγῇ
2365 1031 2465 1103 τὴν
2496 1032 2710 1104 χρυσῆν
2750 1010 2846 1086 σου
2889 1030 3260 1102 κατακρύψας
3305 1010 3585 1100 γλῶσσαν,
3615 1030 3795 1102 ὀρφα-

2203 1123 2436 1194 νοτρόφε
2469 1122 2719 1187 δικαίως,
2773 1125 2890 1187 τοῖς
2945 1123 3178 1176 ὀνείδεσι
3234 1119 3796 1192 κατακαταπετρωθῶ

2204 1210 2347 1280 (sic).
2381 1212 2540 1266 Πᾶσα
2573 1211 2675 1282 μὲν
2700 1211 2796 1265 οὖν
2824 1211 3117 1283 ἀθρωπίνη
3149 1212 3398 1281 γλῶσσα,
3430 1213 3540 1266 τῶν
3585 1211 3796 1265 λοιπῶν

2203 1301 2502 1374 ἀνθρώπου
2539 1302 2748 1374 μορίων
2785 1302 2846 1356 τὸ
2886 1302 3183 1371 κράτιστόν
3214 1304 3332 1355 ἐστι
3368 1303 3462 1356 καὶ
3495 1301 3797 1371 κορυφαιό-

2201 1408 2406 1446 τατον·
2453 1393 2519 1447 οὒ
2578 1393 2743 1464 μόνον
2789 1393 2875 1448 ὅτι
2922 1397 2989 1464 τῇ
3026 1393 3352 1466 δημιουργῷ
3381 1393 3568 1457 καλῶς
3594 1395 3695 1447 καὶ
3721 1393 3795 1456 ὡς

2205 1487 2407 1558 ἄριστα
2436 1487 2822 1559 διωργάνωται
2851 1486 3038 1558 φύσεν
3071 1486 3183 1540 οὐδ’
3213 1487 3298 1542 ὅτι
3321 1487 3661 1559 συμμέτρως
3682 1488 3796 1551 τοῖς

2206 1581 2341 1635 εῐσω
2391 1579 2489 1634 καὶ
2547 1578 2915 1651 στοιχειώδεσι
2967 1581 3166 1650 χυμοῖς
3222 1579 3521 1652 κέκραται,
3566 1581 3664 1635 ἆτε
3701 1581 3797 1633 καὶ

2205 1675 2316 1728 τῶν
2345 1673 2504 1737 ἐκτὸς
2537 1675 2635 1728 καὶ
2684 1672 2972 1746 τροφίμων
3011 1672 3148 1727 ούσα
3185 1673 3506 1744 κριτήριονο
3545 1672 3664 1727 ἀλλ’
3712 1673 3797 1726 ὅτι

2205 1782 2291 1820 τοι
2313 1766 2409 1821 καὶ
2442 1763 2538 1819 τοῦ
2563 1766 2620 1820 ἐν
2652 1766 2787 1836 ἡμῖν
2813 1764 3100 1836 ὑπηρέτης
3131 1764 3296 1833 λόγου
3334 1763 3674 1836 καθέστηκε,
3701 1765 3798 1818 καὶ

508 1865 662 1918 Ἔδει.
688 1881 756 1935 με
790 1859 886 1919 οὗν
913 1864 1001 1920 διὰ
1051 1864 1248 1931 ταῦτα,
1299 1863 1431 1937 βοῦν
1472 1865 1568 1920 ἐπὶ
1614 1866 1717 1937 τῆς
1763 1865 2098 1938 βουγλωττε-
2133 1839 2174 1896 Β
2203 1859 2314 1914 τῶν
2346 1858 2442 1915 τοῦ
2487 1859 2609 1923 νοδς
2650 1859 2976 1930 κινημάτων
3010 1859 3164 1912 ἐστὶν
3204 1855 3539 1927 ἐξάγγελος·
3574 1857 3673 1911 καὶ
3705 1855 3797 1911 διά

489 1955 598 2020 ·δος
648 1958 761 2029 (55)
795 1956 1109 2028 ἐνθέμενον,
1164 1959 1288 2022 ταῖς
1345 1959 1512 2030 μένος
1567 1960 1742 2032 πυρὸς
1803 1960 2098 2026 πνεούσαις

506 2045 792 2117 γλώσσαις
833 2049 957 2111 ταῖς
1001 2048 1143 2119 ύπὶρ
1173 2048 1272 2119 τῆς
1294 2049 1392 2103 τοῦ
1431 2051 1811 2121 νομοφύλακος
1841 2050 2099 2123 γλώσσης

506 2137 672 2207 λόγον
701 2139 1062 2211 παραλιπεῖν.
1103 2140 1248 2194 Ἀλλ’
1269 2141 1464 2213 ἐπειδὴ
1485 2144 1584 2206 τὰς
1616 2145 1680 2196 ἐκ
1697 2144 1810 2198 τῶν
1834 2143 2099 2198 ἐναντίων

436 2257 450 2270 ·
498 2233 825 2303 μαρτυρίας
856 2233 1314 2305 ἀξιοπιστοτέρας
1355 2229 1498 2288 εἷναι
1525 2235 1606 2307 τῷ
1651 2234 1799 2306 λόγῳ
1831 2236 1927 2289 καὶ
1957 2237 2094 2306 ἡμῖν

497 2325 788 2392 συνδοκεῖ,
821 2327 916 2381 ἅτε
955 2327 1082 2398 μηδ’
1113 2327 1206 2381 ὑπ’
1235 2327 1456 2392 εὐνοίας
1484 2327 1718 2399 ἐχούσας
1745 2328 2007 2382 κλέπτειν
2037 2327 2100 2380 τὸ

497 2416 745 2487 ἀληθέςο
784 2417 1005 2474 ἐναντία
1051 2418 1111 2474 δὲ
1152 2420 1222 2472 τα
1263 2419 1409 2474 πολὺ
1455 2419 1707 2491 ἀλλήλων
1744 2421 2098 2491 ἀφεστηκότα

493 2511 794 2582 ςέμάθομεν
813 2528 829 2544 ο
857 2513 994 2566 πολὺ
1027 2512 1084 2567 δέ
1111 2513 1382 2581 ἀλλήλων,
1404 2513 1522 2579 καὶ,
1548 2514 1575 2566 ὃ
1599 2530 1751 2584 φασι,
1773 2515 1899 2577 τοὺς
1931 2513 2093 2585 ὄρους

503 2604 750 2675 Φρυγῶν
773 2605 891 2676 (54)
927 2607 1020 2660 καὶ
1053 2606 1282 2672 Μυσῶν,
1303 2607 1337 2677 ἡ
1369 2607 1617 2678 ἡμετέρα
1641 2607 1740 2678 τῆς
1769 2607 1848 2666 είς
1876 2607 2100 2660 ἔπαινον

492 2700 888 2770 ’προκειμένης
914 2699 993 2772 τῷ
1019 2700 1162 2770 λόγῳ
1194 2698 1453 2772 γλώσσης
1478 2701 1796 2772 ἀφέστηκεν
1817 2719 1831 2733 ·
1855 2701 1977 2755 οὐδὲ
2001 2702 2102 2772 μιᾷ

501 2876 624 2932 ύρῐς
667 2878 834 2932 verbis
883 2875 1112 2933 laudare
1142 2885 1324 2945 tento;
1360 2893 1454 2948 ego
1512 2878 1606 2947 qui
1655 2878 1894 2950 linguam
1933 2877 2101 2932 habeo

504 2969 766 3024 .humilem
812 2985 875 3023 ac
912 2971 1058 3023 humi
1100 2977 1370 3039 repentem
1415 2970 1480 3024 de
1525 2969 1721 3025 caelesti
1771 2987 1835 3025 ac
1886 2970 2102 3025 sublimi

502 3062 668 3116 verba
696 3060 870 3132 facere
897 3076 1196 3130 prazsumo;
1221 3076 1383 3132 quam
1407 3059 1668 3114 llomerus
1688 3062 1800 3133 ipse
1821 3061 1907 3116 vix
1926 3061 2100 3115 decem

509 3154 733 3221 linguis,
785 3153 922 3206 hanc
974 3168 1068 3221 ego
1117 3159 1327 3222 meapte
1367 3167 1536 3222 eaque
1581 3153 1916 3224 imperfecta,
1965 3153 2104 3208 male

509 3264 648 3300 sana
698 3243 966 3298 celebrare
1012 3244 1202 3299 audeo.
1245 3242 1358 3296 Hoc
1397 3243 1534 3297 idem
1573 3252 1649 3298 est
1678 3261 1741 3298 ac
1762 3246 1808 3300 si
1843 3244 2106 3300 Thersites

511 3335 679 3390 Nerei
697 3341 790 3387 aut
820 3333 1040 3386 Achillis
1071 3333 1366 3402 panegyrin
1395 3349 1730 3404 componere,
1755 3345 1851 3388 aut
1883 3337 1929 3389 si
1960 3333 2108 3390 Seri-

506 3429 664 3496 phius
699 3426 890 3498 aliquis
906 3426 1231 3480 Athenarum
1250 3441 1487 3494 proceres
1512 3436 1671 3482 cantu
1692 3426 1980 3492 celebrare,
2012 3434 2108 3481 aut

513 3524 561 3574 si
589 3519 837 3574 Phalaris
871 3518 1092 3572 Aristidi
1123 3527 1375 3571 tesseram
1397 3519 1614 3587 offerre,
1638 3527 1734 3573 aut
1763 3519 2106 3590 Demophilus

515 3611 789 3681 Orpheum
842 3620 890 3664 et
938 3609 1122 3664 Musas
1164 3610 1429 3664 honorare
1467 3610 1743 3677 voluisset,
1771 3613 1863 3682 qui
1896 3614 2106 3684 quidem

507 3705 650 3758 adeo
687 3721 717 3756 a
754 3701 923 3756 Musis
963 3701 1170 3756 alienus
1203 3710 1342 3764 erat,
1370 3709 1427 3754 ut
1459 3704 1614 3756 hocce
1640 3700 1866 3771 elegium
1890 3705 1944 3757 in
1981 3720 2106 3759 eum

505 3797 582 3850 sit
616 3795 1021 3864 pervulgatum:
1052 3793 1372 3863 Nycticorax
1407 3802 1627 3848 cantum
1654 3795 1759 3848 edit
1793 3795 2105 3865 funebrem;

494 3888 729 3956 ,quando
778 3902 899 3941 vero
957 3883 1303 3950 Demophilus
1357 3884 1620 3950 cantabit,
1671 3886 1784 3939 avis
1840 3884 1939 3940 illa
1989 3887 2106 3957 ipsa

501 3979 791 4032 morietur.

589 4071 883 4142 Propterea
951 4069 1076 4125 bove
1131 4085 1294 4142 super
1340 4067 1630 4140 buglottide
1679 4068 1853 4140 posito
1911 4067 2107 4141 linguis

493 4169 692 4240 «ignem
719 4167 1008 4222 violentum
1039 4166 1363 4238 spirantibus
1385 4166 1427 4197 ¹³
1448 4165 1513 4219 de
1542 4164 1890 4234 nycticoracis
1923 4164 2106 4236 lingua

517 4265 819 4319 disserendi
845 4265 1069 4334 ofﬁcium
1094 4264 1438 4318 mandamus.
1462 4260 1597 4316 Cum
1614 4271 1792 4316 autem
1804 4258 2106 4314 testimonia

494 4356 954 4410 «adversariorum
980 4355 1086 4423 ﬁde
1112 4355 1359 4426 digniora
1387 4355 1734 4418 arbitremur,
1767 4353 1958 4423 quippe
1987 4366 2106 4422 qua:

2205 1953 2415 2025 ταύτης
2439 1951 2502 2006 τδ
2531 1951 2785 2025 ἐνεργείᾳ
2818 1949 2960 2006 εἶναι
2995 1951 3218 2020 λογικὸν
3266 1950 3662 2020 ἀπειλήφαμεν
3699 1949 3798 2004 ἀν-

2207 2047 2423 2119 θρωποι
2455 2044 2597 2116 (56),
2635 2045 2732 2099 καὶ
2763 2043 2880 2116 βίον
2921 2044 3260 2114 τεταγμένον
3287 2044 3384 2099 καὶ
3417 2040 3800 2116 κατεῤῥυθμι·

2205 2141 2412 2210 σμένον
2442 2141 2767 2212 ἐλαύνομεν.
2791 2140 2872 2195 Δι’
2896 2139 3112 2205 οὐδενὸς
3151 2140 3260 2211 γὰρ
3290 2139 3453 2196 ἀλλου
3483 2139 3516 2211 ἢ
3543 2139 3636 2194 διὰ
3669 2138 3800 2193 ταύ-

2204 2253 2328 2306 της,
2358 2236 2455 2290 καλ⁵
2477 2234 2867 2308 βουλευτήριον
2895 2234 3141 2300 ἵσταται,
3171 2235 3269 2289 καὶ
3293 2233 3620 2289 καθίσταται
3643 2232 3796 2303 δίκη,

2205 2331 2298 2384 καὶ
2329 2328 2398 2382 δι’
2430 2329 2636 2400 ἀμφοῖν
2664 2327 2912 2380 πολιτεία
2947 2327 3289 2393 συνίσταται,
3334 2326 3416 2380 ἐτι
3455 2326 3512 2381 δέ
3549 2324 3797 2396 μάθησις

2203 2420 2481 2485 ἀσκεῖται,
2521 2417 2616 2471 καὶ
2646 2416 3000 2488 μεθοδεύεται
3051 2419 3357 2488 ἐπιστήμη,
3385 2417 3483 2472 καὶ
3537 2417 3600 2470 τὸ
3657 2433 3800 2488 πρα-

2203 2513 2364 2567 κτέον
2397 2511 2712 2596 ἀνθρώπρις
2745 2511 2845 2565 καὶ
2880 2511 2958 2582 μὴ
2995 2509 3356 2580 γινώσκεται.
3391 2508 3578 2582 Ταύτῃ
3612 2508 3798 2564 διαλε-

2208 2605 2394 2660 κτικοὶ
2419 2606 2518 2676 μὲν
2558 2604 2688 2675 περὶ
2713 2603 2919 2668 παντὸς
2947 2603 3044 2657 τοῦ
3077 2603 3444 2673 προτεθέντος
3478 2602 3536 2669 ἐξ
3568 2602 3798 2668 ἐνδόξων

2210 2698 2560 2770 περαίνουσι,
2594 2699 2824 2768 ῥήτορες
2849 2695 2910 2750 δέ
2952 2694 3354 2768 δημηγοροῦσι,
3403 2697 3497 2750 καὶ
3529 2693 3799 2766 πρέσϐεις

2214 2883 2378 2930 terret
2409 2876 2521 2947 qui,
2563 2885 2620 2930 ut
2653 2891 2812 2929 sacra
2846 2873 3013 2943 refert
3038 2871 3319 2943 Scriptura
3343 2871 3410 2940 “,
3440 2872 3683 2945 linguam
3703 2890 3799 2927 auo

2211 2985 2358 3022 reum
2391 2985 2551 3040 quam
2582 2968 2796 3036 furatus
2850 2975 2967 3021 erat
3018 2966 3292 3020 abscondit
3317 2967 3457 3020 inter
3478 2982 3636 3021 saxa.
3665 2967 3800 3022 Hinc

2129 3095 2174 3154 ϐ
2212 3069 2381 3115 metus
2403 3077 2486 3114 me
2501 3059 2635 3116 subit
2661 3059 2827 3114 tristis
2844 3074 2910 3113 ne
2929 3058 3039 3129 ipse
3063 3059 3326 3130 linguam,
3349 3060 3797 3130 orphanotrophe,

2209 3162 2359 3209 tuam
2387 3168 2609 3208 auream
2635 3166 2694 3207 ut
2721 3161 2887 3218 terra,
2918 3153 2994 3206 sic
3016 3151 3229 3206 silentio
3257 3153 3563 3216 inhumans,
3589 3169 3799 3206 summa

2199 3245 2330 3316 jure
2359 3246 2743 3315 reprehendar.
2780 3242 2966 3299 Omnis
2995 3245 3158 3316 igitur
3188 3244 3369 3315 lingua
3397 3247 3637 3302 humana
3663 3249 3801 3301 inter

2209 3351 2298 3390 eas
2334 3345 2514 3408 partes
2539 3352 2658 3408 qute
2688 3335 2955 3390 hominem
2989 3338 3319 3392 constituunt
3343 3339 3546 3408 optima
3568 3356 3635 3394 ac
3656 3356 3799 3411 pra:-

2207 3429 2542 3484 stantissima
2584 3436 2683 3493 est,
2730 3445 2835 3484 non
2882 3428 3040 3482 modo
3081 3429 3211 3498 quia
3245 3447 3278 3484 a
3319 3437 3516 3484 natura
3543 3433 3798 3487 creatrice

2208 3519 2484 3590 aptissime
2513 3519 2749 3588 formata
2778 3526 2877 3582 est,
2912 3534 3006 3572 nec
3031 3519 3161 3589 quia
3187 3517 3355 3572 succis
3389 3517 3799 3576 elementaribus

2207 3609 2584 3666 convenienter
2639 3611 2800 3666 mista
2839 3618 2936 3672 est,
2971 3612 3230 3682 siquidem
3263 3626 3324 3665 ea
3347 3627 3554 3682 quoque
3586 3628 3707 3683 qua:
3732 3612 3795 3667 ab

2209 3706 2536 3759 extrinsecus
2563 3720 2620 3759 os
2645 3705 2877 3770 intrant,
2900 3704 3136 3776 judicat,
3161 3705 3254 3760 sed
3277 3705 3405 3776 quia
3431 3705 3660 3762 rationis
3683 3719 3797 3776 qua:

2207 3798 2264 3851 in
2297 3798 2445 3852 nobis
2471 3797 2700 3863 habitat,
2731 3812 2885 3852 serva
2911 3805 2989 3851 est
3029 3805 3079 3850 et
3112 3797 3301 3850 mentis
3337 3805 3576 3850 motuum
3608 3797 3794 3850 nuntia

2207 3887 2432 3956 exsistit,
2469 3895 2518 3942 et
2547 3889 2688 3960 quod
2721 3889 2784 3943 ob
2815 3887 2970 3944 illam
3010 3889 3214 3942 homini
3253 3888 3517 3942 rationem
3550 3886 3793 3940 attribui-

2209 3997 2326 4035 mus
2360 3996 2480 4052 qua:
2512 3981 2640 4051 facit
2678 3987 2738 4035 ut
2782 3982 2947 4037 vitam
3002 3979 3201 4052 regulis
3248 3980 3704 4050 circumscriptam
3742 3983 3791 4028 et

2208 4073 2337 4128 bene
2348 4075 2657 4130 ordinatam
2671 4090 2913 4146 agamus.
2932 4071 3040 4128 Per
3053 4089 3169 4128 eam
3185 4076 3324 4128 enim
3333 4072 3503 4128 solam
3517 4069 3790 4126 consilium

2209 4168 2402 4229 ini:ur,
2423 4168 2521 4239 jus
2555 4168 2836 4234 statuitur,
2876 4183 2957 4220 res
2983 4167 3192 4236 publica
3216 4174 3454 4231 creatur,
3490 4164 3790 4219 litterarum

2207 4259 2446 4314 studium
2479 4260 2807 4325 instituitur,
2837 4260 3061 4314 scientia
3090 4259 3320 4326 colitur;
3342 4274 3436 4327 per
3458 4273 3578 4311 eam
3599 4257 3790 4310 scimus

2209 4352 2338 4423 quid
2380 4352 2584 4406 homini
2633 4352 2940 4422 faciendum
2994 4350 3365 4406 evitandumve
3399 4351 3489 4404 sit.
3528 4348 3665 4419 Ejus
3698 4361 3789 4417 ope

504 4449 794 4501 veritatem
834 4464 940 4500 non
973 4463 999 4500 e
1039 4447 1219 4516 favore
1245 4446 1437 4500 elicere
1465 4462 1596 4517 opus
1627 4445 1854 4511 habent;
1890 4453 1940 4498 et
1984 4460 2104 4498 cum
2136 4435 2180 4491 Ι)
2209 4445 2471 4500 dialectici
2501 4446 2566 4500 de
2595 4447 2830 4518 qualibet
2858 4447 2989 4502 thesi
3019 4449 3292 4517 proposita
3324 4453 3788 4516 argumentantur;

493 4538 752 4592 midemus
810 4540 1001 4609 ubique
1041 4556 1296 4609 magnam
1336 4539 1687 4602 discordiam,
1737 4547 1787 4592 et
1833 4538 1995 4608 quod,
2047 4545 2110 4591 ut

517 4632 722 4693 dicunt,
758 4628 1027 4702 Phrygum
1059 4640 1108 4684 et
1152 4630 1425 4700 Mysorum
1460 4631 1693 4701 conﬁnia
1743 4628 1897 4700 longe
1933 4630 2111 4684 utrin-

488 4736 620 4786 ..que
665 4721 864 4774 distant
915 4730 963 4775 et
1011 4730 1194 4775 nostra
1237 4737 1447 4793 quoque
1481 4721 1664 4791 lingua
1716 4735 1749 4774 a
1797 4718 2108 4772 laudatione

492 4814 714 4882 linguae
753 4813 816 4866 de
861 4831 968 4886 qua
1011 4821 1088 4868 est
1128 4815 1370 4884 qua'stio,
1413 4813 1682 4878 abhorret,
1713 4811 2001 4866 verendum
2032 4819 2108 4865 est

495 4921 584 4958 .ne
630 4904 784 4960 nulla
830 4905 943 4960 alia
989 4905 1175 4975 lingua
1209 4903 1278 4958 ad
1321 4910 1515 4959 hancce
1542 4905 1902 4959 laudationem
1927 4920 1981 4958 se
2005 4919 2100 4958 ac-

492 5002 832 5052 ..comntcdet.
885 4998 1138 5070 Alioquin
1187 5014 1271 5051 me
1315 4999 1492 5052 Achar
1551 5013 1759 5068 quoque
1800 4996 2102 5067 exemplum

589 5152 632 5184 "
657 5154 778 5211 Act.
811 5171 872 5223 ιι,
895 5155 948 5210 5.
1016 5152 1252 5210 “insue
1278 5169 1374 5223 vn,
1403 5153 1671 5218 1.19-21.

2207 4547 2448 4594 oratores
2484 4541 2893 4602 concionantur.
2924 4556 3072 4593 senes
3108 4540 3344 4609 patriam
3369 4537 3576 4593 salvam
3601 4535 3789 4591 consti-

2205 4636 2383 4686 tuunt.
2412 4629 2634 4702 Lingua:
2671 4633 2873 4686 auxilio
2901 4630 3061 4687 Solon
3098 4633 3353 4692 Athenas,
3389 4629 3652 4684 Zaleucus
3688 4626 3791 4680 Lo-

2207 4722 2423 4786 cridem,
2477 4720 2787 4776 Charondas
2832 4722 3054 4778 Italiam
3103 4728 3152 4776 et
3196 4720 3459 4786 Siciliam,
3512 4721 3610 4775 alii
3651 4718 3791 4773 alias

2208 4816 2448 4886 regiones
2489 4831 2552 4868 ac
2599 4815 2836 4869 civitates
2887 4814 3087 4887 legibus
3127 4811 3632 4876 circumvallarunt;
3681 4809 3793 4881 ejus

2208 4907 2362 4960 venia
2378 4904 2614 4975 Ai'gyptii
2637 4907 2976 4975 geometriam
3003 4908 3345 4969 edocuerunt,
3365 4903 3532 4960 Cares
3554 4918 3616 4956 ex
3636 4901 3793 4954 astris

2208 4995 2394 5064 futura
2439 4996 2823 5065 praedixerunt,
2871 4997 3104 5067 Phryges
3151 5010 3217 5049 ea:
3263 4997 3444 5050 auium
3501 4992 3684 5048 uolatu
3745 4996 3794 5042 et

585 5315 698 5385 (32)
742 5313 1086 5385 Epigramma
1134 5315 1245 5370 ‘hoc
1271 5315 1334 5368 in
1383 5313 1712 5385 Anthologia
1739 5309 2087 5385 Francolurli
2189 5325 2347 5378 xvm,
2374 5311 2479 5385 col.
2519 5310 2619 5366 251
2646 5329 2661 5376 ;
2701 5311 2776 5366 id.
2808 5313 2941 5368 ibid.
2968 5314 3101 5370 clnil.
3129 5312 3196 5377 11.
3228 5323 3376 5370 cent.
3409 5305 3673 5376 nuadag.
3700 5304 3788 5367 10.

515 5383 660 5442 edita
681 5383 826 5441 αιιηο
853 5386 984 5457 ιιιοο
1008 5387 1208 5457 legitur
1225 5402 1274 5454 p.
1295 5384 1425 5457 219',
1451 5384 1539 5438 ubi
1560 5383 1772 5457 [Argilio
1790 5384 2085 5457 tljlnnitur;

515 5457 708 5512 Exstat
737 5456 882 5524 apud
919 5452 1250 5512 Brutti-Itium
1280 5453 1525 5508 Analect.
1556 5461 1595 5506 t.
1627 5452 1690 5514 ll,
1725 5469 1780 5522 p.
1824 5454 1952 5515 556.
1989 5453 2092 5508 sub

517 5527 777 5582 Νίσαῐοὶιί
807 5526 1051 5594 nomine.
1078 5526 1136 5580 In
1169 5541 1274 5580 ms.
1308 5523 1431 5580 Vat.
1462 5541 1514 5590 p.
1559 5524 1667 5578 525
1707 5525 1789 5579 sic
1836 5525 2038 5594 legitur
2075 5540 2089 5578 :

588 5596 967 5664 Νυκτικόραξ
990 5593 1118 5664 ᾄδει
1147 5596 1590 5664 θανατηφόρον
1613 5595 1753 5648 ἀλλ’
1772 5593 1919 5649 ὅτιτί·
1933 5596 2061 5665 ἄσῃ

588 5668 948 5734 Δημόφιλος,
982 5667 1231 5731 θνήσκει
1266 5665 1490 5729 καύτὸς
1513 5667 1545 5717 ὁ
1569 5665 1956 5733 νυκτικόραξ.

592 5722 704 5807 (35)
740 5722 1170 5793 ἀοηίίἘι-οέηι.
1214 5735 1387 5806 Adag.
1435 5722 1568 5791 cliil.
1601 5749 1639 5801 ι,
1671 5722 1828 5792 cent:
1851 5722 2100 5805 7,'adag.

2195 5385 2306 5439 col.
2330 5383 2458 5439 419.

2266 5453 2579 5540 (δωρεῇ-ς.
2609 5453 2822 5508 Erasm.
2866 5456 3038 5523 Adag.
3066 5450 3200 5507 chil.
3233 5449 3302 5517 II,
3337 5461 3486 5509 cent.
3508 5444 3597 5514 IV,
3625 5459 3788 5516 εσσε.

2202 5524 2292 5588 50,
2324 5526 2428 5578 col.
2454 5524 2582 5579 467.

2273 5592 2866 5674 (ἓὲὶῖἰίέθβυβτεηθολ
2899 5593 3130 5674 '0?”-
3170 5662 3220 5674 ..
3263 5662 3275 5673 .
3356 5660 3406 5674 ..
3487 5661 3502 5674 .
3748 5659 3762 5672 .

2205 5739 2238 5793 ὁ
2277 5661 2390 5791 £36)
2427 5664 2518 5718 Sic
2544 5665 2595 5719 in
2627 5661 2818 5722 codice
2846 5683 2860 5733 ;
2893 5667 2986 5721 sed
3017 5662 3222 5734 aliquid
3262 5662 3318 5716 in
3355 5661 3440 5718 his
3471 5661 3664 5716 deesse
3713 5661 3792 5714 vi-

2245 5754 2274 5792 e
2307 5753 2392 5790 ur.
