4050 6440
414 356 546 425 i261

1578 357 1906 421 SCRIPTA
1965 348 2527 421 MISCELLANEA.

3555 338 3694 403 1262

411 478 791 544 ἀνασώζονται
814 475 913 540 τάς
939 476 1230 549 πατρίδας.
1287 476 1388 531 Διά
1432 478 1639 548 ταύτης
1686 476 1866 531 Σόλων
1898 475 2073 560 μὲν-Α
2103 472 2243 527 ἀλλά
2274 472 2370 527 καὶ
2403 464 2706 539 emam;
2759 463 3036 560 είσάγοντι
3079 458 3370 560 γλώσσας,
3409 460 3688 560 σεραφικη

413 572 515 634 τάς
560 571 818 640 Ἀθήνας,
861 569 1135 633 Ζάλευκος
1166 568 1225 622 δὲ
1266 567 1367 640 τὴν
1396 568 1661 635 Λοκρίδα,
1702 565 2002 640 Χαρώνδας

412 667 475 720 δὲ
503 664 606 738 τὴν
651 664 885 719 Ἰταλίαν
908 665 1005 717 καὶ
1032 662 1315 726 Σικελίαν,
1364 662 1464 716 καὶ
1507 661 1662 717 ἄλλοι
1688 660 1857 724 ἄλλας
1891 658 2004 714 τῶν

415 758 630 813 πόλεων
662 759 776 821 τοῖς
814 754 1007 828 νόμοις
1035 754 1481 828 περιετείχισανα
1524 756 1619 809 καὶ
1649 751 2006 823 γεωμετρίαν

420 849 521 920 μὲν
551 848 853 917 Αἰγύπτιοι
899 846 1220 918 ἐξευρόντες
1264 845 1519 911 ἐδίδαξαν
1540 863 1553 877 ο
1587 846 1774 916 Κᾶρες
1806 844 1865 898 δὲ
1905 843 2005 915 τὴν

414 941 508 997 διὰ
525 940 636 996 τῶν
667 941 886 1012 ἄστρων
911 939 1250 1012 πρόγνωσιν,
1279 940 1375 994 καὶ
1409 938 1625 1010 Φρύγες
1653 937 1757 1010 τὴν
1781 938 2003 1010 ὀρνιθο-

421 1035 804 1100 Marsi
838 1034 943 1103 τὴν
976 1018 1426 1105 ὀνειροκριτικὴν
1447 1033 1764 1104 Τελμισεῖς,
1798 1031 2008 1102 πρῶτοι

402 1114 535 1184 ’τῶν
579 1128 763 1183 ἄλλων
805 1128 1059 1197 γνόντες,
1092 1128 1223 1190 ait;
1267 1124 1473 1197 ἑφεξῆς
1523 1125 1878 1196 ὲμυήσαντοο
1913 1123 2010 1176 καὶ

425 1222 595 1283 Ἀπις
625 1220 728 1288 μὲν
754 1222 784 1274 ό
809 1219 1117 1288 Αἰγύπτιος
1143 1217 1403 1290 ἰατρικὴν
1429 1215 1751 1289 Manis
1772 1234 1787 1246 ·
1820 1231 2013 1285 φυσιο-

421 1314 611 1384 λογίαν
638 1314 697 1368 δὲ
737 1312 1006 1367 Ἀλκαίων
1034 1314 1064 1367 6
1097 1312 1336 1384 Περίθου
1361 1309 1893 1381 συμπαρεστήαατο,
1915 1311 2010 1367 καὶ

423 1403 826 1478 γραμματικὴν
850 1405 885 1457 6
911 1403 1180 1474 Μύκηθεν
1226 1402 1633 1474 Ἀπολλόδωρος
1652 1416 1669 1433 ·
1704 1400 1801 1455 καὶ
1826 1399 2016 1455 Πυθα-

423 1501 597 1570 γόρας
643 1500 745 1569 μὲν
786 1499 815 1552 6
846 1497 1185 1568 Μνησάρχου
1221 1496 1323 1567 τῆς
1367 1495 1642 1564 Ἰταλικῆς
1684 1493 2015 1565 ἀφηγήσατο

426 1590 774 1661 καλουμένης
822 1589 1184 1660 φιλοσοφίας·
1233 1588 1421 1659 Θαλῆς
1469 1588 1552 1653 δὲ,
1585 1586 1615 1640 ό
1660 1585 1775 1640 site
1810 1580 2014 1651 Φοῖνιξ,

427 1687 541 1740 εῐτε
567 1683 854 1754 Μιλήσιος,
878 1682 1317 1755 ἀμφισϐητεῖται
1350 1681 1459 1752 γάρ
1480 1681 1609 1735 οῐτδ
1640 1679 1818 1749 γένος,
1854 1678 2017 1732 Ἀναο

429 1778 642 1849 ξιμὲνει
694 1778 778 1848 τῷ
829 1776 1145 1846 Εύστράτου
1201 1775 1302 1845 τῆς
1361 1773 1607 1845 Ἰωνικῆς
1639 1769 2015 1841 καθηγήσατο,

2114 568 2182 623 ἀν
2212 567 2298 637 εἴη
2329 565 2364 632 ἡ
2405 564 2630 634 γλῶσσα
2662 562 2696 630 ἡ
2736 559 2826 633 σὴ,
2875 558 3003 613 ὅσον
3036 554 3134 611 καὶ
3170 554 3312 609 αύτά
3344 552 3598 626 δηλονότι
3627 553 3698 608 τά

2115 659 2370 729 Σεραφὶμ
2406 656 2506 727 τῆς
2534 654 2733 724 λοιπῆς
2763 651 2957 722 νοερᾶς
2993 648 3379 720 ύπερκάθηται
3420 644 3698 714 ὀγδοάδος.

2115 747 2400 820 Τολμηρδς
2446 748 2476 800 6
2525 745 2718 815 λόγος’
2760 743 2811 797 εί
2853 741 3081 810 γλῶσσα
3112 735 3183 812 ἦν
3228 739 3324 794 καὶ
3359 737 3512 807 παρὰ
3555 735 3698 808 Θεῷ.

2116 843 2212 897 καὶ
2247 842 2310 896 ού
2357 842 2483 903 ταῖς
2533 837 2880 908 σωματικαῖς
2927 834 3201 898 ἐπινοίαις
3251 833 3280 887 6
3328 831 3491 886 τοῦτο
3524 830 3702 900 λέγων

2119 931 2476 1003 συμπεριῆγε
2504 930 2567 984 τὸ
2613 929 2794 992 Θετον,
2832 925 2970 982 Θεοῦ
3012 926 3081 981 ἂν
3112 923 3368 995 γλῶσσαν
3410 925 3504 979 καὶ
3548 922 3704 978 θείαν

2117 1027 2343 1097 ἐφάμην
2371 1026 2473 1095 τὴν
2503 1023 2628 1091 σήν.
2662 1021 2780 1076 Νῦν
2807 1020 2866 1075 δὲ
2896 1019 3057 1075 τοῦτο
3092 1019 3196 1091 μὲν
3241 1019 3371 1089 περὶ
3400 1016 3576 1089 αὐτῆς
3611 1017 3704 1071 λέ-

2117 1133 2241 1186 γειν
2270 1112 2372 1171 ούκ
2405 1116 2549 1187 εχωσ
2589 1114 2840 1185 κάλαμον
2872 1112 2930 1167 δὲ
2972 1112 3122 1182 ὅμως
3155 1109 3533 1182 γραμματέως
3570 1108 3702 1176 ὀξυ-

2121 1206 2343 1278 γράφου
2396 1205 2606 1277 ταύτην
2656 1204 2832 1270 καλῶ,
2869 1203 3021 1274 παρά
3053 1202 3150 1257 τοῦ
3197 1200 3367 1255 Δαδὶδ
3420 1200 3484 1254 τὸ
3531 1200 3707 1271 ὄνομα
3750 1238 3751 1241 η

2121 1300 2548 1371 δανεισάμενοςο
2583 1300 2676 1353 καὶ
2715 1298 2909 1371 δρόσον
2950 1295 3205 1369 Ἀερμὼν
3235 1295 3336 1366 τὴν
3373 1295 3469 1348 ἐπὶ
3499 1296 3568 1348 τά
3605 1293 3709 1365 όρη

2124 1392 2269 1448 Σιὼν
2316 1392 2790 1459 καταϐαίνουσαν,
2838 1391 2996 1462 παρά
3056 1389 3155 1443 τοῦ
3190 1386 3357 1443 αὑτοῦ
3410 1387 3506 1442 καὶ
3549 1386 3712 1441 τοῦτο

2123 1488 2422 1558 Πρσφὴτου
2456 1487 2674 1542 λαϐὼν·
2724 1484 2823 1541 καὶ
2860 1485 2969 1556 γῆν
3012 1484 3137 1556 μέλι
3181 1484 3275 1537 καὶ
3306 1480 3447 1553 γάλα
3479 1479 3713 1552 ῥέουσαν

2128 1579 2266 1634 πολὺ
2299 1578 2466 1633 πλέον
2490 1579 2523 1651 ἢ
2549 1579 2651 1650 τὴν
2679 1575 3056 1649 Παλαιστίνην
3090 1577 3124 1647 ἡ
3153 1575 3297 1630 κατά
3329 1570 3539 1645 Μωσῆν
3569 1574 3717 1627 ἱστο-

2128 1673 2223 1743 ρία
2277 1672 2537 1740 διέξεισι·
2587 1675 2685 1728 καὶ
2738 1673 2988 1744 ποταμὸν
3021 1672 3169 1744 ἱερὸν
3216 1670 3354 1725 πολὺ
3402 1669 3465 1724 τὸ
3497 1667 3716 1741 ῥεῖθρον

2126 1766 2360 1822 ἕλκοντα
2397 1771 2493 1822 καὶ
2537 1766 2798 1839 χρυσοῦν,
2849 1767 2929 1832 ὡς
2960 1767 3001 1836 Ιό
3046 1763 3345 1838 Σαρδιηνὸς
3395 1762 3715 1826 Πακτωλὸς.

430 1871 529 1926 καὶ
589 1871 693 1941 τῆς
749 1868 1077 1939 Ἐλεατικῆς
1136 1866 1217 1939 τῷ
1266 1865 1584 1939 Παρμενίδῃ
1638 1862 1955 1935 Ξενοφάνης
1995 1866 2024 1918 ό
2058 1879 2100 1934 Β
2130 1858 2226 1913 καὶ
2254 1859 2352 1914 τοῦ
2381 1859 2518 1914 Θεοῦ
2546 1859 2646 1932 τὴν
2680 1860 2836 1916 πόλιν
2856 1859 3224 1931 εὐφραίνοντα
3247 1859 3361 1922 τοϊς
3385 1856 3679 1928 όρμήμασι
3700 1870 3715 1884 ·

432 1960 802 2032 Κολοφώνιος.
837 1962 968 2027 Καὶ,
1001 1960 1091 2016 ἵνα
1131 1956 1212 2032 μὴ
1259 1958 1545 2031 πόρρωθεν
1576 1958 1674 2011 καὶ
1697 1957 1764 2011 ἐκ
1788 1954 1901 2009 τῶν
1927 1953 2030 2027 οὐχ

433 2054 725 2126 ἡμετέρων
751 2055 974 2123 συνάγω
994 2056 1064 2124 τῇ
1095 2047 1316 2125 γλώττῃ
1343 2051 1444 2124 τὴν
1472 2048 1779 2123 εὐφημίαν,
1808 2048 1895 2104 διὰ
1924 2047 2027 2117 τῆς

434 2148 688 2221 γλώττης
720 2146 1009 2219 ύμνοῦμεν
1034 2146 1095 2202 τὸ
1124 2145 1303 2211 Θετον,
1345 2145 1442 2200 καὶ
1480 2145 1597 2207 τοῖς
1631 2140 1913 2212 ἀγγέλοις,
1946 2139 2024 2206 ὡς

433 2240 687 2308 ἀφικτὸν,
732 2236 1109 2309 όμοιούμεθα,
1161 2231 1244 2300 οἷς
1297 2238 1331 2309 ἡ
1383 2236 1506 2292 θεία
1569 2234 1811 2307 ῦμνησις
1862 2233 2027 2306 ἔργον

436 2330 769 2403 ἀπλήρωτον
800 2330 940 2399 ὁμοῦ
984 2331 1082 2386 καὶ
1110 2330 1434 2401 ἀκόρεστον.
1469 2329 1630 2383 Πᾶσα
1667 2327 1769 2399 μὲν
1799 2321 1916 2392 οὖν,
1951 2327 2030 2390 ὡς

436 2428 598 2499 ιφην,
629 2424 822 2489 ἁπλῶς
867 2420 1162 2494 ἀνθρώπου
1196 2422 1424 2491 γλῶσσα
1467 2420 1580 2476 τῶν
1626 2420 1833 2475 λοιπῶν
1862 2419 2031 2474 αὐτοῦ

441 2517 654 2590 μορίων
679 2515 985 2588 βασιλικῶς
1013 2514 1425 2586 ύπερκάθηται,
1460 2515 1558 2569 ἆτε
1593 2513 1691 2568 καὶ
1719 2511 2034 2586 ὀργανικῶς

436 2609 518 2682 τῷ
548 2607 827 2679 καλλίστῳ
845 2608 957 2662 τῶν
982 2606 1129 2678 ἀμφὶ
1152 2607 1252 2680 τὴν
1287 2606 1469 2679 ψυχὴν
1489 2602 1920 2678 ύπηρετουμένη
1950 2603 2031 2675 τῷ

438 2700 610 2771 λόγῳ.
651 2700 720 2754 Ἠ
757 2698 818 2753 δὲ
859 2698 928 2770 σὴ
976 2697 1245 2753 θεσπεσία
1289 2698 1515 2765 γλῶσσα
1563 2699 1658 2752 καὶ
1692 2696 1840 2769 ἶερά,
1898 2698 2033 2766 σοφὲ

441 2791 787 2864 νομοφύλαξ,
810 2791 1025 2847 τοιοῦτο
1041 2792 1143 2862 τῆς
1166 2791 1278 2845 τῶν
1300 2790 1510 2846 λοιπῶν
1531 2788 1842 2863 ἀνθρώπων
1872 2791 2036 2845 πάλιν

444 2887 797 2959 ὑπέρκειται,
844 2886 972 2943 ὅσον
1027 2886 1212 2959 εκείνη
1268 2886 1372 2957 τῆς
1430 2885 1543 2940 τῶν
1602 2884 1818 2954 ἀλόγων
1881 2883 2039 2950 ζώων

447 2980 923 3056 ύπερανέστηκεν.
947 2983 1006 3035 Ei
1027 2982 1136 3054 γάρ
1154 2999 1206 3035 τι
1240 2979 1733 3057 πειστέονληαύλῳ,
1783 2981 2040 3035 πειστέον

445 3072 525 3135 δὲ,
557 3071 612 3125 εί
652 3090 706 3126 τι
737 3073 835 3127 καὶ
868 3070 989 3143 Θεῷ
1026 3071 1308 3139 πειστέον,
1359 3066 1421 3124 οῦ
1469 3070 1648 3140 στόμα
1695 3071 1905 3134 ἐκεῖνος
1947 3071 2046 3124 καὶ

445 3161 668 3229 λέγεται
721 3161 818 3215 καὶ
878 3161 1242 3229 πιστεύεται,
1291 3161 1393 3214 οὐκ
1441 3157 1796 3230 ἀνθρωπίνας
1849 3159 2037 3230 μόνον,

2131 1953 2227 2007 καὶ
2254 1954 2382 2008 είτι
2407 1953 2539 2008 ἀλλο
2570 1954 2682 2009 τῶν
2725 1954 2912 2010 καλῶν
2960 1953 3059 2009 καὶ
3107 1952 3307 2025 τιμίων
3352 1951 3718 2021 ίστορήκεσαν

2130 2043 2229 2099 ἀνθ
2239 2062 2434 2116 ρωποι.

2214 2138 2560 2212 Ἐθαύμασεν
2591 2142 2619 2195 6
2653 2140 2859 2213 Ἕλλην
2908 2140 3012 2213 τὴν
3059 2140 3264 2206 Δίωνος
3309 2139 3588 2210 γλῶσσαν,
3620 2139 3719 2194 καὶ

2128 2231 2346 2304 χρυσῆν
2370 2232 2547 2305 αὐτὴν
2586 2232 2697 2287 ἀπὸ
2737 2232 2834 2288 τοῦ
2879 2231 3211 2304 πράγματος
3242 2231 3717 2302 προσηγόρευσεν.

2144 2324 2444 2396 Ἐσέμνυνε
2484 2326 2582 2378 καὶ
2605 2325 2709 2395 τὴν
2737 2323 2835 2379 τοῦ
2869 2324 3181 2390 Παιανιέως
3211 2322 3276 2378 τὸ
3309 2322 3720 2394 βουλευτήριον,

2133 2420 2230 2474 καὶ
2256 2422 2284 2474 6
2318 2417 2628 2490 περίπατος
2658 2420 2762 2489 τὴν
2802 2417 3238 2490 Ἀριστοτέλους,
3260 2417 3358 2471 καὶ
3383 2415 3557 2470 ταῦτα
3581 2416 3727 2485 μετὰ

2131 2512 2528 2586 τραυλότητος.
2561 2513 2674 2566 Καὶ
2695 2512 2783 2566 ἵνα
2804 2511 3109 2581 παραλίπω
3135 2510 3204 2568 τά
3234 2510 3469 2575 παλαιὰ,
3500 2510 3595 2565 καὶ
3616 2508 3727 2563 τῶν

2136 2603 2474 2676 προσφάτων
2505 2597 2860 2676 ἐπιμνησθῶ,
2894 2604 3312 2677 ύπερετίμησαν
3355 2604 3454 2658 καὶ
3501 2603 3553 2658 oi
3599 2600 3726 2657 καθ’

2136 2697 2288 2767 ἡμᾶς
2314 2695 2567 2767 βασιλέες
2601 2698 2699 2769 τὴν
2728 2696 2824 2751 τοῦ
2859 2697 3165 2765 Βυζαντίου
3197 2697 3423 2763 Λίζικος
3451 2696 3730 2766 γλῶσσαν,

2143 2791 2283 2861 μετά
2312 2789 2409 2846 τοῦ
2452 2791 2784 2856 Ἀττικίςειν
2811 2790 3200 2863 ψελλίζουσαν.
3231 2790 3344 2865 Τὴν
3373 2790 3418 2846 δ’
3452 2791 3608 2864 ίεράν
3634 2808 3733 2846 σου

2143 2883 2426 2951 γλῶσσαν,
2478 2883 2843 2955 ίερομνῆμον,
2902 2881 3272 2949 Διωνίζουσαν
3324 2882 3428 2955 μὲν
3473 2884 3600 2955 δίχα
3637 2883 3734 2939 τοῦ

2143 2973 2381 3043 ἀφελοῦς
2419 2974 2516 3030 καὶ
2569 2974 2960 3045 χρυσίζουσαν,
2981 2975 3498 3048 Δημοσθενίξουσαν
3527 2977 3641 3051 (57)
3678 2978 3739 3032 δὲ

2144 3065 2437 3136 ἀτραύλως
2464 3067 2560 3120 καὶ
2598 3067 3287 3139 Ἀριστοτελίζουσαν,-καὶ
3301 3068 3739 3142 Λιξικευομένην

2143 3158 2271 3230 δίχα
2298 3158 2656 3232 ψελλότητος,
2689 3161 2778 3223 τίς
2821 3160 2926 3216 οὐκ
2953 3159 3022 3215 ἀν
3064 3159 3358 3234 θειοτέρως
3386 3162 3422 3234 ἢ
3462 3164 3609 3218 κατά
3639 3165 3739 3219 ἀν-

340 3436 353 3447 _
449 3366 715 3423 Telmessii
758 3369 919 3439 primi
967 3367 1206 3423 omnium
1251 3366 1464 3435 somnia
1509 3365 1847 3436 interpretati
1888 3375 2036 3420 sunt.
2067 3376 2114 3435 ο
2146 3377 2373 3424 troaucit
2394 3369 2608 3442 linguas
2637 3371 2819 3436 “,tua
2850 3371 3063 3443 quidem
3086 3388 3184 3444 pro
3201 3374 3479 3445 seraphica
3496 3372 3743 3429 habenda

445 3462 670 3535 Lingua?
697 3464 854 3518 venia
879 3462 1008 3533 Apis
1032 3460 1175 3533 apud
1195 3459 1473 3533 AEggptios
1496 3459 1811 3514 medicinam
1835 3459 2031 3527 docuit,

446 3554 664 3611 Alcwon
693 3563 876 3610 autem
910 3552 1142 3609 Pirithoi
1178 3550 1326 3621 ﬁlius
1370 3550 1782 3624 physiologiam,
1812 3551 2036 3624 Apollo-

448 3646 612 3701 dorus
647 3647 911 3717 Mycensis
944 3643 1385 3716 grammaticam,
1415 3651 1465 3697 et
1492 3641 1855 3714 Pythagoras,
1890 3642 2037 3698 llae-

442 3737 625 3794 sarehi
648 3734 817 3804 ﬁlius,
841 3734 1230 3808 philosophiam
1264 3750 1429 3805 quam
1455 3733 1709 3790 Italicam
1736 3734 2039 3807 appellant,

449 3830 771 3885 introduxit.
802 3826 994 3884 Thales
1024 3844 1211 3900 porro,
1232 3829 1340 3884 sive
1365 3822 1612 3894 Phania,
1636 3829 1748 3885 sive
1798 3827 2041 3884 Milesius

450 3925 641 3995 (genus
665 3926 806 3981 enim
828 3925 945 3995 ejus
969 3924 1026 3979 in
1053 3922 1301 3994 ambiguo
1327 3926 1426 3992 est)
1446 3923 1773 3979 Ananimeni
1796 3922 2042 3978 Eustrati

450 4017 567 4088 ﬁlio
619 4015 889 4083 Ionicam,
935 4016 1287 4080 Xenophanes
1322 4016 1678 4088 Colophonius
1729 4016 2043 4073 Parmenidi

458 4107 754 4163 Eleaticam
787 4110 1100 4165 monstravit
1126 4107 1539 4180 philosophiam.
1576 4106 1684 4164 Sed
1717 4110 1855 4163 absit
1891 4117 1951 4162 ut
1980 4108 2045 4162 de

456 4200 614 4272 longe
644 4208 694 4255 et
730 4218 765 4255 a
805 4201 959 4256 rebus
998 4216 1117 4273 qua:
1154 4201 1225 4257 ad
1271 4216 1368 4256 nos
1414 4217 1521 4256 non
1567 4208 1809 4272 spectant
1844 4200 2045 4272 lingua:

455 4292 690 4364 gloriam
729 4293 1020 4366 colligam;
1067 4296 1164 4351 hoc
1207 4294 1407 4363 dicam,
1448 4296 1591 4366 quod
1640 4293 1827 4366 lingua
1875 4293 2046 4349 Deum

456 4385 670 4456 hymnis
697 4384 1050 4452 celebramus,
1076 4385 1408 4457 angelisque,
1448 4386 1625 4458 quoad
1665 4386 1789 4456 ﬁeri
1848 4394 2044 4458 potest,

458 4478 657 4533 similes
704 4477 886 4546 ﬁmus,
916 4478 1109 4550 quibus
1136 4480 1407 4549 negotium
1449 4488 1551 4546 est,
1592 4476 1779 4534 laudes
1807 4481 2046 4535 numinis

462 4567 627 4622 divini
668 4568 997 4624 incessanter
1045 4570 1384 4641 pervulgare.
1437 4570 1649 4642 Lingua
1696 4572 1945 4636 hominis,
1989 4582 2048 4626 ut

449 4658 574 4731 jam
605 4660 849 4723 dicimus,
875 4662 1061 4731 regina
1090 4668 1167 4716 est
1184 4672 1498 4719 cceterorum
1525 4666 1760 4735 corporis
1788 4666 2050 4720 membro-

461 4723 605 4817 rum,
650 4751 915 4825 simulque
932 4723 1183 4818 'rationi,
1217 4770 1328 4825 qua
1364 4755 1548 4810 anima
1599 4723 1734 4810 nihil
1774 4758 2055 4827 pretiosius
2088 4723 2133 4780 θ

461 4843 638 4909 habet,
659 4845 844 4899 servit.
871 4844 985 4900 Tua
1004 4862 1151 4914 vero,
1173 4847 1479 4902 doctissime
1497 4849 1880 4920 nomophylaa,
1901 4867 2060 4906 sacra

461 4943 512 4987 et
544 4938 853 4992 veneranda
893 4935 1080 5007 lingua
1113 4945 1327 4993 tantum
1376 4948 1692 4994 cieterorum
1741 4942 2055 4996 mortalium

462 5027 673 5099 linguas
699 5041 1009 5103 exsuperat,
1036 5044 1303 5101 quantum
1325 5034 1515 5087 horum
1534 5032 1722 5104 lingua
1742 5034 2063 5090 animalium

463 5120 692 5173 rationis
740 5121 1046 5192 expertiam
1088 5120 1305 5194 linguas
1348 5123 1533 5179 vincit.
1584 5123 1650 5179 Si
1697 5125 1838 5179 enim
1894 5124 2065 5180 Paulo

463 5205 595 5273 ﬁdes
636 5218 713 5264 est
741 5210 1007 5277 habenda,
1039 5211 1104 5266 de
1129 5228 1235 5283 quo
1268 5228 1423 5267 nemo
1466 5213 1708 5279 dubitat;
1742 5215 1791 5270 si
1823 5214 1933 5270 Deo
1959 5216 2061 5285 ipsi

465 5293 599 5363 ﬁdes
640 5301 821 5357 danda
855 5311 956 5369 est,
988 5303 1144 5373 cujus
1175 5303 1381 5359 Paulus
1408 5320 1464 5359 os
1492 5306 1685 5360 dicitur
1715 5316 1766 5360 et
1804 5307 2059 5374 sreditur,

468 5388 560 5458 qui
600 5404 708 5442 non
756 5401 968 5450 tantum
1015 5397 1308 5464 humanas,
1344 5398 1436 5452 sed
1474 5398 1745 5468 angelicas
1779 5401 1943 5454 etiam
1980 5400 2063 5453 in-

2141 3462 2243 3516 erit
2294 3470 2527 3530 tentum,
2571 3474 2834 3537 quantum
2874 3464 3159 3538 Seraphim
3203 3466 3308 3539 ipsi
3354 3465 3571 3538 reliquis
3626 3478 3744 3523 octo

2141 3555 2332 3611 mentis
2361 3559 2710 3627 potestatibus
2741 3565 3164 3627 anteponuntur.
3200 3559 3398 3615 Audax
3419 3559 3503 3614 hic
3523 3576 3696 3615 sermo
3719 3575 3739 3616 :

2141 3648 2189 3701 si
2211 3646 2349 3703 Deus
2372 3646 2617 3721 linguam
2635 3649 2873 3717 haberet,
2892 3668 3011 3722 qua:
3051 3660 3195 3707 certe
3214 3652 3468 3708 humano:
3487 3653 3746 3718 anteiret,

2145 3751 2196 3795 te
2254 3743 2501 3815 linguam
2561 3744 2800 3800 divinam
2844 3745 3040 3800 habere
3096 3747 3351 3802 dicerem.
3409 3743 3565 3811 Quod
3619 3763 3742 3802 cum

2145 3835 2346 3888 rationi
2378 3843 2430 3889 et
2450 3836 2793 3908 experientia:
2827 3835 2973 3890 haud
2998 3843 3413 3891 consentaneum
3441 3836 3533 3902 sit,
3559 3835 3747 3893 scribta

2147 3931 2331 3980 tamen
2362 3926 2609 3981 celeriter
2646 3927 2923 3982 scribentis
2959 3926 3239 3982 calamum
3273 3927 3509 3998 appello,
3551 3943 3746 3983 nomen

2149 4037 2183 4075 a
2209 4020 2415 4075 Davide
2434 4032 2687 4076 mutuans
2713 4021 2780 4087 “,
2809 4030 2860 4076 et
2883 4037 3059 4076 rorem
3083 4022 3312 4077 Aermon
3337 4038 3455 4092 qua:
3478 4022 3534 4077 in
3573 4034 3752 4077 monte

2148 4107 2276 4166 Sion
2313 4110 2543 4165 distillat
2567 4111 2633 4178 ",
2665 4120 2725 4167 ut
2753 4110 2891 4166 idem
2935 4111 3206 4181 Propheta
3249 4112 3399 4175 dicit,
3445 4121 3496 4166 et
3547 4120 3751 4167 terram

2150 4203 2207 4256 in
2250 4216 2356 4272 qua
2406 4201 2513 4257 mel
2549 4210 2599 4256 et
2638 4200 2725 4257 lac
2756 4204 2934 4273 ﬂuunt
2968 4203 3232 4275 majorem
3255 4204 3311 4257 in
3339 4202 3554 4256 modum
3581 4219 3749 4273 quam

2150 4292 2472 4361 Palwstina,
2492 4304 2708 4350 auctore
2722 4292 2902 4367 Moyse
2924 4294 2970 4328 “
2995 4312 3012 4360 ;
3035 4304 3084 4349 et
3110 4295 3313 4365 [lumen
3340 4303 3588 4350 sanctum
3619 4312 3754 4350 auro

2153 4387 2433 4461 refertum,
2471 4397 2529 4442 ut
2553 4386 2804 4443 Pactolus
2834 4403 2996 4460 prape
3029 4384 3251 4452 Sardes,
3285 4395 3335 4441 et
3365 4387 3457 4458 qui
3494 4384 3597 4441 Dei
3624 4388 3753 4441 civi-

2155 4488 2319 4536 tatem
2343 4479 2581 4550 laetiﬁcat
2605 4481 2684 4545 ";
2709 4490 2765 4535 et
2793 4482 2838 4535 si
2867 4481 2995 4550 quid
3021 4480 3171 4535 aliud
3194 4478 3409 4550 pulchri
3440 4495 3502 4535 ac
3527 4480 3751 4552 pretiosi

2156 4574 2391 4628 homines
2416 4573 2473 4627 in
2499 4573 2732 4628 historiis
2757 4571 3078 4627 retulerunt.

2231 4646 2513 4721 Admirati:
2538 4674 2615 4720 est
2634 4665 2842 4722 Graecia
2879 4663 3059 4720 Dionis
3085 4664 3330 4736 linguam
3346 4681 3508 4737 quam
3533 4681 3754 4721 auream
3832 4668 3845 4679 ’

2163 4759 2353 4813 merito
2387 4760 2610 4813 vocabat
2629 4774 2647 4823 ;
2666 4757 2760 4812 s'ed
2782 4757 3146 4813 Demosthenis
3165 4773 3373 4829 quoque
3396 4757 3753 4829 eloquentiam

2165 4859 2215 4904 et
2268 4848 2566 4903 Aristotelis
2610 4846 2880 4919 loquelam
2928 4847 3354 4919 peripateticam,
3402 4848 3521 4902 licet
3569 4846 3756 4902 balbu-

2164 4942 2364 4996 tiendo.
2419 4941 2486 4996 Ut
2529 4950 2711 4996 autem
2753 4942 2978 5012 antiqua
3031 4941 3277 4995 omittam
3317 4947 3366 4993 et
3400 4939 3472 4994 ad
3508 4954 3643 4993 nova
3671 4954 3755 4992 me

2163 5046 2392 5101 vertam,
2427 5050 2575 5106 reges
2613 5035 2772 5107 hujus
2803 5035 2981 5090 wtatis
3017 5048 3225 5106 quoque
3270 5030 3473 5103 Lysicis
3507 5029 3754 5103 Byzantii

2165 5125 2429 5199 linguam,
2458 5142 2577 5198 quis
2601 5127 2771 5182 Attice
2802 5125 3023 5197 loquens
3049 5123 3395 5191 balbutiebat,
3422 5124 3644 5179 maximi
3672 5122 3753 5193 fec

2165 5226 2372 5271 cerunt.
2402 5214 2570 5271 Tuam
2598 5223 2798 5280 autem,
2817 5215 3243 5279 hieromnemon,
3270 5228 3484 5268 sacram
3509 5211 3753 5282 linguam

2170 5322 2518 5378 aureamque,
2570 5322 2691 5376 quia
2736 5304 2944 5369 Dionis,
3007 5304 3391 5372 Demosthenis,
3443 5302 3756 5365 Aristotelis.

2170 5397 2372 5469 Lysicis
2403 5396 2616 5469 linguas
2648 5398 2854 5468 integre
2884 5395 3070 5466 refert,
3102 5395 3222 5466 quis
3259 5409 3362 5448 non
3393 5393 3627 5450 divinam
3665 5408 3761 5465 pov

536 5620 581 5652 “
606 5618 627 5674 ι
652 5620 783 5676 Cor.
818 5636 944 5689 xm,
967 5622 1021 5679 ί.
1101 5625 1147 5657 ¹⁶
1183 5623 1337 5682 Psal.
1371 5640 1522 5697 xm,
1551 5626 1610 5684 2.
1701 5627 1748 5661 "
1790 5625 1939 5686 Psal.
1973 5622 2261 5693 cum,3.
2344 5624 2390 5655 “
2421 5621 2600 5678 Exod.
2636 5636 2720 5694 ιιι,
2754 5621 2808 5676 8.
2890 5619 2934 5653 “
2956 5614 3106 5677 Psal.
3134 5634 3261 5685 ειν,
3294 5619 3348 5673 5.

545 5806 659 5872 ('57)
694 5805 819 5866 νῆά.
850 5821 1042 5874 supra.
1068 5808 1177 5867 col.
1215 5808 1378 5868 1256.
