4050 6404
371 327 513 392 i263

1559 329 1958 394 I'IIEODORI
1987 329 2416 400 IPRODROMI

3494 334 3636 400 1264

369 445 652 519 θρωπίνην
690 446 943 514 γλῶσσαν
991 448 1294 518 ἀγάσαιτο;
1333 447 1565 504 Γλυκεία
1601 452 1704 522 μὲν
1756 451 1854 506 καὶ
1905 453 1939 524 ή
1973 459 2014 515 Α
2044 450 2270 524 γλώσσῃ
2302 451 2359 505 ai
2389 449 2498 504 τῶν
2527 446 2724 522 ήρώων
2765 447 2940 523 ψυχαὶ
2989 449 3382 524 ώμοιώθησαν,
3420 454 3455 527 ή
3511 455 3635 528 ’ορ-

371 541 672 614 Τυρῤηνών
701 540 944 609 γλῶσσα,
980 544 1081 614 τὴν
1135 544 1418 614 σάλπιγγα
1456 544 1691 616 πρώτως
1723 546 1948 616 ἐπινοή-

373 650 551 686 σασα·
583 633 725 704 καλὴ
771 632 828 688 δὲ
868 637 965 689 καὶ
1001 637 1035 706 ή
1072 636 1304 707 Φρυγῶν
1352 637 1787 709 προαυλήσασα’
1824 639 1860 709 ἥ
1887 655 1948 692 τε

378 725 684 796 ’Λσσιιρίων
706 726 1045 798 ὲξευραμένη
1077 728 1138 782 τὸ
1160 729 1406 801 δίχορδον
1419 729 1530 801 (38)
1560 732 1656 786 καὶ
1683 733 1714 803 ή
1745 731 1952 786 Μυσῶν

357 818 472 888 -τὴν
506 819 698 872 Λύδιον
727 821 1022 890 ἁρμονίαν,
1047 823 1142 874 καὶ
1167 821 1266 891 τὴν
1293 821 1580 893 φόρμιγγα
1607 825 1639 894 ή
1670 822 1949 892 Σικελικὴ,

351 911 469 964 -καὶ
491 911 591 982 τὴν
619 911 850 983 κιθάραν
883 914 916 984 ή
945 914 1191 984 Μιλησία
1215 931 1230 946 ο
1264 915 1354 967 ἵνα
1390 915 1466 985 μή
1496 915 1588 968 τὸν
1617 915 1950 985 Στησιχόρου

373 1003 560 1075 ὓμνον,
607 1006 698 1058 καὶ
725 1006 828 1076 τὴν
864 1006 1146 1077 Ἱμεραίου
1174 1007 1418 1077 χορείαν,
1461 1008 1556 1061 καὶ
1586 1008 1685 1079 τήν
1711 1008 1953 1078 ὑπόρχη-

360 1117 462 1152 ·σιν
500 1097 886 1169 ’Δνακρέοντος
917 1100 997 1170 τῷ
1039 1100 1186 1170 λόγῳ
1218 1101 1630 1169 παρεισκυκλῶ.
1684 1102 1825 1156 Ἀλλ’
1859 1102 1952 1155 ού-

359 1192 464 1245 .δὲν
495 1191 772 1245 τὰιπάντα
804 1193 943 1260 πρὸς
983 1193 1083 1262 τὴν
1117 1192 1381 1260 ,γλῶσσαν
1423 1193 1518 1247 τοῦ
1549 1193 1951 1264 νομοφύλακος.

361 1282 601 1354 name
623 1300 716 1352 μοι
743 1283 836 1336 τὸν
867 1283 1142 1353 ’.Υμηττόν
1165 1300 1180 1314 ·
1214 1287 1308 1338 καὶ
1334 1285 1689 1356 ἁντιπαράξω
1717 1303 1799 1341 σοι
1823 1285 1957 1340 ταύ-

371 1391 475 1443 την
511 1375 652 1444 ὑπὲρ
693 1373 815 1444 μέλι
852 1375 1310 1447 προϐεϐλημένην
1353 1376 1448 1430 καὶ
1493 1378 1686 1448 κηρίον
1738 1377 1805 1431 τὰ
1853 1379 1956 1449 ῥή-

378 1483 546 1535 ματα.
574 1465 709 1519 Φάθι
735 1483 836 1536 μοι
863 1467 958 1530 τὰς
985 1468 1250 1538 Σειρῆνας
1271 1484 1286 1498 ο
1305 1469 1412 1521 ,καὶ
1440 1469 1724 1540 ἀντιφήσω
1752 1486 1831 1522 σοι
1859 1469 1959 1541 τὴν

376 1557 570 1626 αὐτὴν,
612 1557 714 1610 οὐκ
778 1556 1043 1610 Ὀδυσσέα
1087 1559 1267 1626 μόνον,
1306 1558 1444 1612 ἀλλὰ
1498 1562 1594 1612 καὶ
1629 1559 1958 1631 σύμπαντας

382 1651 641 1712 συνετοὺς
676 1649 1240 1719 ὲξανδραποδίζουσαν
1271 1654 1336 1722 τῇ
1371 1651 1503 1722 ᾠδῇ.
1542 1652 1681 1722 Λέγε
1733 1672 1823 1725 μοι
1859 1655 1959 1727 τὴν

2051 543 2217 612 φέως,
2245 544 2276 612 ή
2311 542 2574 614 Ὀμήρου,
2608 543 2643 613 ή
2689 541 3011 607 Πλάτωνος,
3046 541 3633 614 αὑτοπτηθησόμεναι,

2049 636 2084 706 ἢ
2112 635 2333 698 πάντως
2363 637 2432 706 τῇ
2481 635 2858 706 προκειμένης
2910 634 2978 687 Τί
3024 634 3244 704 λέγειςς
3297 635 3488 692 Ἐννέα
3541 654 3636 709 μοι

2049 729 2150 791 τὰς
2181 726 2404 790 Μούσας
2431 726 2711 798 ἀριθμεῖς,
2755 727 3013 798 ἄνθρωπε
3036 743 3050 758 ⁶
3085 728 3184 781 καὶ
3213 730 3367 800 τρεῖς
3411 733 3636 803 μετρετς

2055 835 2146 888 μοι
2177 817 2277 881 τὰς
2328 818 2604 889 Χάριταςο
2642 815 2742 870 εἶτ’
2786 818 2884 887 οὐχ
2929 819 3065 888 ὁρᾷς
3117 819 3320 890 μυρίας
3355 819 3488 882 δσας
3538 822 3638 875 καὶ

2050 911 2255 975 ταύτας
2287 911 2546 975 κάκείνας
2573 911 2702 981 περὶ
2726 910 2826 981 τήν
2850 908 2942 964 τού
2967 910 3348 981 νομοφύλακος
3369 911 3633 982 γλῶσσαν

2052 1002 2360 1068 παιζούσας
2391 1002 2507 1073 ἅμα
2535 1002 2631 1056 καὶ
2669 1002 3036 1073 χορευούσας;
3075 1003 3138 1058 El
3183 1003 3241 1058 δὲ
3284 1005 3380 1060 καὶ
3426 1005 3636 1077 Κύριος

2052 1093 2238 1147 δίδωσι
2260 1093 2515 1162 γλῶσσαν
2538 1093 2808 1160 παιδείας,
2837 1095 2962 1149 καθ’
2995 1095 3251 1160 Ἡσαΐαν,
3278 1097 3385 1150 τίνι
3401 1099 3468 1152 ἂν
3489 1099 3638 1170 ἄλλῳ

2053 1185 2261 1257 ταύτην
2315 1186 2349 1258 ἢ
2399 1187 2480 1259 τῷ
2530 1186 2682 1258 σοφῷ
2741 1189 3100 1259 ίερομνήμονι
3157 1190 3382 1258 δίδωσι;
3416 1193 3546 1260 Καὶ,
3588 1196 3637 1246 εί

2055 1279 2280 1348 γλῶσσα
2307 1279 2519 1333 δικαίου
2559 1281 2856 1352 μελετήσει
2892 1281 3100 1352 κρίσιν,
3133 1282 3279 1336 κατὰ
3317 1286 3411 1338 τὸν
3443 1302 3639 1353 μουσι-

2057 1373 2152 1427 κὸν
2182 1373 2479 1444 Προφήτην
2505 1374 2602 1428 καὶ
2644 1373 2894 1444 βασιλέα,
2940 1374 3071 1428 ποία
3107 1376 3400 1448 μελετήσει
3431 1377 3639 1449 ταύτην

2058 1462 2196 1534 ἄλλη
2223 1465 2319 1516 καὶ
2365 1463 2774 1535 μεμελέτηκεν;
2807 1468 2964 1520 Ἐστι
2987 1467 3045 1521 δὲ
3075 1469 3146 1534 εί,
3181 1467 3328 1524 κατὰ
3368 1467 3465 1540 τὴν
3500 1487 3644 1540 παρ-

2057 1557 2282 1624 οιμίαν,
2331 1555 2572 1626 ἄργυρος
2612 1561 3015 1631 πεπυρωμένος
3051 1562 3280 1632 γλῶσσα
3320 1564 3512 1632 σοφοῦ,
3553 1564 3640 1627 τίς

2059 1647 2588 1721 ἀργυροειδεστέραν
2639 1652 2742 1720 τῆς
2762 1651 2856 1706 τοῦ
2912 1655 3330 1726 ὀρφανοτρόφου
3383 1656 3641 1725 γλῶσσαν

381 1743 633 1814 Θήϐηθεν
659 1742 852 1814 λύραν,
880 1743 946 1796 δι’
975 1737 1040 1814 ἦς
1071 1745 1171 1807 τὰς
1186 1743 1564 1809 Ἐπταπύλους
1593 1747 1840 1815 οἰκίζεις,
1864 1751 1960 1803 καὶ
1991 1809 2031 1821 _
2062 1740 2315 1806 πλουτεῖς
2347 1743 2408 1795 Εἰ
2436 1743 2492 1796 δὲ
2519 1745 2616 1798 καὶ
2637 1746 2894 1812 γλῶσσαν
2930 1749 2962 1818 ή
2987 1749 3234 1820 ῥαψῳδία
3265 1751 3423 1821 τιμᾷ,
3451 1749 3641 1820 παῦρα

380 1835 646 1900 ἀντιλέξω
674 1853 756 1889 σοι
779 1836 878 1906 τὴν
917 1836 1112 1906 αὐτὴν,
1147 1837 1210 1889 ού
1249 1838 1346 1901 τὰς
1385 1837 1787 1906 Ἐπταπύλους,
1823 1841 1961 1895 ἀλλὰ
1994 1832 2033 1862 ⁰
2065 1833 2166 1902 μὲν
2217 1832 2354 1886 ἀλλά
2385 1834 2533 1904 μάλα
2579 1837 2966 1909 φθεγγομένην
3014 1840 3171 1910 λιγέα
3203 1841 3344 1913 (40),
3379 1842 3498 1906 πῶς
3543 1844 3644 1913 οὐχ

378 1926 480 1990 τὰς
521 1927 1030 1992 Ἐκατονταπύλους
1079 1929 1432 1995 οἱκίζουσαν,
1504 1931 1567 1984 τὸ
1643 1931 1961 2005 Βυζάντιον.

377 2018 644 2090 ’Δρίομει
683 2021 812 2082 τοὺς
841 2019 1043 2084 αὐλοὺς
1083 2020 1392 2090 Ὀλύμπου,
1435 2024 1530 2075 καὶ
1562 2024 1832 2094 Τιμοθέου
1859 2025 1954 2078 καὶ

372 2111 647 2178 ’Ἂρίωνος
681 2111 780 2182 τὴν
809 2112 1071 2184 κιθάραν,
1113 2115 1207 2167 καὶ
1243 2114 1341 2186 τὴν
1373 2115 1638 2188 Μαρσύου
1677 2117 1965 2188 Μιξοφρύ-

359 2219 495 2271 γιον
528 2205 816 2274 ἁρμονίαν,
846 2206 942 2258 καὶ
981 2209 1081 2276 τὴν
1113 2207 1425 2278 Θαμύριδος
1455 2207 1660 2278 Δώριον
1679 2225 1694 2240 ·
1733 2209 1829 2262 καὶ
1855 2210 1954 2280 ἀρ-

373 2296 529 2349 κέσει
555 2313 646 2367 μοι
677 2297 819 2368 πρὸς
845 2299 1059 2351 ἅπαντα
1085 2298 1262 2351 ταῦτα
1289 2300 1388 2368 τῆς
1414 2300 1761 2371 ὑμνουμένης
1783 2300 1958 2370 γλώσ-

376 2408 478 2457 σης
526 2392 558 2460 ἡ
610 2392 816 2461 φυσική
869 2392 1130 2461 μουσική.
1167 2392 1256 2462 Τῷ
1290 2392 1389 2462 μὲν
1435 2387 1527 2446 οὖν
1574 2393 1760 2464 Λυκίῳ
1814 2392 1958 2463 ι]ρό-

374 2481 488 2552 κλῳ
512 2482 622 2553 (39)
651 2481 817 2549 δοκεῖ,
850 2482 1126 2553 γλώσσαις
1154 2484 1248 2546 τὰς
1283 2483 1461 2554 ψυχὰς
1495 2484 1960 2555 ἀφομοιουμένας,

366 2574 522 2629 οὕτω
549 2575 738 2630 λοιπδν
777 2577 876 2646 τὴν
901 2577 1114 2630 ἑαυτῶν
1144 2577 1450 2632 αὑτοπτίαν
1487 2581 1598 2641 τοῖς
1622 2579 1956 2650 ἐπιτηδείοις

374 2665 744 2737 παρέχεσθαι.
791 2665 948 2734 Ἐμοὶ
990 2667 1048 2720 δὲ
1079 2665 1342 2736 ἀληθείας
1368 2667 1469 2737 μὲν
1502 2667 1535 2737 ἢ
1564 2667 1795 2737 ψεύδους
1827 2667 1959 2738 περὶ

2061 1926 2224 1994 ήμεῖς
2271 1927 2370 1997 τὴν
2428 1932 2800 2003 προκειμένην
2847 1934 3322 2006 ὑπερτιμήσομεν,
3377 1935 3550 1990 πολλά
3593 1936 3644 1989 θ’

2062 2017 2202 2085 ἅμα,
2253 2021 2398 2073 κατᾶ
2430 2021 2654 2086 ταυτὸν,
2711 2025 2806 2079 καὶ
2859 2027 3018 2095 λιγέα
3067 2027 3522 2099 προϐεϐλημένην
3573 2029 3644 2083 τὰ

2060 2108 2320 2178 Manta;
2353 2112 2488 2180 Καὶ,
2526 2115 2576 2168 εί
2604 2116 2697 2169 τὸν
2726 2117 2924 2172 Πύλιον
2956 2121 2989 2191 ή
3033 2120 3172 2192 αὐτή
3197 2121 3516 2192 τεθαύμακε
3549 2123 3645 2190 γέ-

2058 2216 2244 2271 ροντα,
2281 2204 2394 2258 κάκ
2451 2207 2553 2277 τῆς
2599 2207 2812 2263 ἐκείνου
2861 2209 3112 2280 γλώττης
3167 2214 3389 2283 μέλιτος
3435 2211 3647 2282 γλυκίω

2057 2291 2205 2362 ῥέειν
2256 2295 2431 2368 αὐδήν
2487 2299 2848 2368 ἀποφαίνεται
2879 2303 3014 2374 (41),
3051 2303 3169 2368 πῶς
3229 2307 3394 2376 ἡμεῖς
3440 2308 3506 2359 έκ
3538 2307 3642 2375 τῆς

2058 2383 2408 2460 ὑμνουμένης
2423 2389 2485 2444 οὐ
2521 2390 2715 2461 λόγους
2736 2394 3061 2465 βλαστάνειν
3082 2397 3361 2467 εἴποιμεν,
3409 2399 3504 2452 καὶ
3537 2399 3648 2468 ἀμ-

2059 2475 2290 2545 ϐροσίας
2316 2480 2488 2551 αὐτῆς
2521 2482 2782 2550 γλυκίους
2827 2488 2921 2540 καί
2966 2488 3269 2559 νέκταρος;
3327 2489 3508 2542 Καλὸν
3543 2491 3646 2560 μὲν

2060 2569 2170 2641 γὰρ
2201 2569 2299 2624 καὶ
2339 2573 2466 2638 νοῦς
2511 2575 2738 2647 ύψηλδς,
2772 2580 2870 2633 καὶ
2914 2581 3145 2634 αὐτόθεν
3191 2582 3280 2637 διὰ
3311 2581 3413 2652 τῆς
3444 2581 3645 2638 ἑαυτοῦ

2058 2660 2298 2734 θεωρίας
2349 2670 2582 2737 γυμνοῖς
2633 2670 2981 2727 ἐπιϐατεύων
3029 2676 3145 2739 τοῖς
3182 2676 3500 2746 πράγμασι,
3552 2677 3650 2731 καὶ

357 2759 566 2810 ⁸’τούτου
612 2755 710 2810 τοῦ
738 2757 1012 2829 δόγματος
1066 2759 1296 2830 ὲρευνᾷν
1345 2757 1442 2811 νῦν
1483 2758 1546 2812 ού
1578 2759 1782 2830 σχολή·
1834 2759 1883 2811 εί
1913 2757 1958 2810 δ’
2055 2754 2195 2810 ἄλλα
2247 2759 2339 2812 ἐπ’
2367 2761 2555 2827 ἄλλοις
2607 2767 2806 2838 γεννᾷν
2857 2768 3151 2837 πεφυκὼς,
3179 2771 3438 2843 καθάπερ
3499 2775 3648 2826 ἱστο-

357 2847 664 2920 ἠιληθεύειν
713 2848 852 2914 τέως
899 2850 926 2902 ὁ
973 2849 1133 2918 λόγος
1180 2849 1494 2921 δοθήσεται,
1549 2848 1658 2904 τίνι
1704 2848 1774 2904 ἂν
1814 2848 1953 2921 ἄλλῃ
2055 2848 2212 2919 ροῦσι
2231 2851 2342 2925 (42)
2359 2855 2490 2926 περὶ
2527 2855 2636 2911 τῶν
2665 2858 2984 2913 δασυπόδων
3013 2860 3151 2933 (l5).
3188 2862 3369 2917 Καλὸν
3397 2863 3456 2918 δὲ
3493 2863 3640 2920 οὐδὲν

355 2988 479 3042 ~tius
506 3003 667 3058 quam
692 2987 986 3043 humanam
1016 2987 1208 3044 dixerit
1227 2991 1254 3043 7
1281 2987 1464 3043 Dulcis
1490 2997 1540 3043 et
1570 2987 1963 3060 Tyrrhenorum
2070 2986 2316 3046 Platonis
2367 2993 2562 3066 linguae
2607 2999 2914 3069 comparari
2957 3001 3199 3071 queunt.’
3243 2999 3422 3066 Quid?
3453 2999 3650 3057 Novem

367 3079 581 3150 lingua,
631 3082 721 3151 qui
763 3081 924 3152 primi
951 3081 1134 3135 tubam
1183 3083 1540 3148 inuenerunt,-
1595 3082 1749 3136 suavi
1786 3079 1964 3152 Phry-
1990 3096 2034 3157 α
2068 3089 2216 3149 mihi,
2253 3091 2428 3153 homo,
2452 3089 2632 3146 Musas
2662 3108 2918 3160 recenses,
2956 3101 3060 3148 tres
3087 3092 3307 3150 Gratias
3339 3109 3650 3162 enumeras;

366 3187 458 3242 ges
527 3188 731 3244 quoque
799 3171 1034 3228 tibicines
1105 3173 1461 3244 utebanturJ
1487 3172 1692 3244 Assyrii
1747 3173 1961 3227 dichor-

370 3266 524 3327 dum,
555 3265 692 3338 Mysi
717 3267 1056 3321 harmoniam
1087 3265 1333 3337 Lydiam,
1363 3265 1530 3322 Siculi
1563 3266 1760 3338 lyram,
1786 3267 1956 3320 citha-

365 3373 495 3410 ram
550 3355 752 3412 Milesii
809 3357 1160 3422 inuenerunt,
1212 3365 1272 3410 ut
1309 3355 1499 3410 sileam
1547 3357 1611 3412 de
1676 3355 1962 3412 Stesichori

361 3449 604 3519 hymnis,
647 3449 712 3502 de
761 3447 1016 3502 Himera'i
1067 3457 1117 3501 et
1168 3449 1516 3503 Anacreontis
1559 3448 1959 3503 saltationibus.

371 3538 476 3592 Sed
504 3537 657 3592 nihili
681 3539 792 3591 Iure
830 3540 1011 3592 omnia
1039 3539 1110 3593 ad
1135 3538 1533 3610 nonwphylacis
1561 3539 1801 3610 linguam
1822 3556 1964 3594 com-

369 3635 595 3700 parata.
633 3627 994 3704 Adduc‘mihi
1040 3629 1371 3698 Hymettum,
1417 3639 1468 3682 et
1518 3645 1612 3699 ego
1655 3628 1810 3683 illam
1844 3647 1963 3701 qua

370 3719 530 3774 verba
559 3718 714 3772 melle
746 3718 984 3773 dulciora
1029 3721 1246 3788 eﬂ'undit
1277 3719 1513 3774 tradam.
1561 3720 1792 3775 Nomina
1832 3723 1962 3775 mihi

348 3808 593 3886 .Sirenas
634 3817 683 3862 et
726 3825 819 3879 ego
852 3808 1004 3863 illam
1051 3811 1143 3863 tibi
1174 3811 1487 3881 nuncupabo
1513 3827 1632 3881 qua
1664 3821 1827 3866 cantu
1857 3827 1963 3865 non

345 3899 616 3971 .'Ulyssem
664 3912 906 3965 tantum,
951 3902 1041 3954 sed
1084 3917 1264 3955 omnes
1310 3903 1388 3955 rei
1435 3905 1633 3973 peritos
1685 3902 1958 3958 demulsit.

343 3993 603 4050 .‘Nomina
644 3994 821 4066 lyram
871 3993 1172 4049 Thebanam
1219 4011 1328 4066 qua
1374 3995 1552 4049 urbem
1592 4011 1714 4048 cum
1760 4005 1962 4066 septem

336 4149 352 4162 I
371 4093 536 4162 portis
557 4094 828 4160 ludiﬁcas,
861 4101 910 4146 et
943 4108 1038 4164 ego
1064 4095 1285 4149 invicem
1316 4109 1420 4148 non
1455 4109 1574 4148 eam
1599 4109 1718 4165 qua:
1741 4093 1959 4158 Thebas,

333 4185 462 4239 ..sed
478 4200 595 4239 eam
611 4200 729 4255 quce
749 4184 1066 4257 Byzantium
1084 4198 1300 4242 .centum
1317 4189 1482 4256 portis
1499 4181 1962 4242 circumvallatum

331 4280 651 4332 -exstruxit.
696 4277 922 4333 Recense
982 4281 1142 4334 tibias
1189 4278 1443 4351 Olympi,
1491 4277 1752 4334 Timothei
1800 4289 1962 4349 atque

369 4370 590 4423 Arionis
637 4370 924 4434 citharam,
974 4370 1095 4424 dein
1133 4370 1374 4440 ﬂarsya:
1422 4369 1759 4436 harmoniam
1789 4372 1962 4425 mimo-

2065 3194 2247 3233 annon
2290 3181 2457 3241 vides.
2496 3183 2709 3238 easdem
2761 3193 3041 3241 sexcentas
3085 3187 3227 3240 circa
3252 3187 3649 3258 nomophylacis

2065 3275 2307 3344 linguam
2354 3274 2534 3330 ludere
2591 3286 2642 3331 et
2689 3280 3007 3334 exsultare?
3053 3277 3111 3334 Si
3157 3289 3337 3336 autem
3396 3280 3651 3337 Dominus

2063 3381 2272 3436 quoque
2305 3365 2550 3436 linguam
2584 3369 2682 3423 dat
2717 3371 3002 3442 sapientia:
3026 3388 3090 3426 ac
3121 3372 3394 3439 doctrinae,
3429 3384 3487 3426 ut
3527 3374 3650 3428 dicit
3725 3407 3740 3423 .

2062 3455 2241 3512 Isaias
2261 3457 2331 3522 ’°,
2359 3459 2446 3512 cui
2477 3459 2579 3513 nisi
2606 3460 3029 3516 hieromnemoni
3063 3477 3182 3517 eam
3216 3462 3416 3516 dederit
3436 3463 3462 3516 7
3493 3462 3585 3528 Et,
3603 3463 3652 3517 si

2064 3547 2252 3618 lingua
2286 3549 2426 3620 justi
2458 3553 2715 3606 esercebit
2763 3553 3026 3623 judicium
3042 3555 3113 3622 “,
3138 3555 3426 3609 secundum
3475 3571 3649 3627 regem

2063 3637 2295 3708 psalten,
2344 3654 2464 3710 qua
2502 3640 2613 3694 alia
2647 3657 2886 3713 unquam
2934 3646 3171 3700 exercuit
3209 3655 3304 3700 aut
3345 3646 3651 3703 exercebit?

2065 3725 2126 3783 Si
2151 3737 2349 3794 autem,
2377 3739 2436 3784 ut
2460 3739 2538 3785 est
2560 3733 2615 3786 in
2637 3734 2934 3803 proverbio,
2967 3735 3154 3808 lingua
3175 3738 3432 3808 sapientis
3449 3749 3526 3792 est
3550 3740 3652 3794 sic-

2065 3826 2124 3872 ut
2172 3830 2462 3898 argentum
2496 3821 2619 3893 igne
2667 3824 2951 3893 probatum
2977 3828 3045 3892 ",
3076 3844 3196 3899 quae
3233 3827 3419 3899 lingua
3481 3833 3648 3903 magis

2064 3921 2141 3968 est
2177 3925 2432 3982 argentea
2471 3930 2634 3985 quam
2675 3932 2736 3970 ea
2784 3920 2849 3971 de
2891 3935 3000 3990 qua
3046 3920 3195 3976 nobis
3238 3938 3411 3977 sermo
3438 3921 3465 3974 2
3500 3923 3569 3978 Et
3601 3925 3687 3978 si.

2064 4009 2236 4078 poesis
2269 4023 2474 4077 quoque
2521 4009 2762 4080 linguam
2805 4010 3033 4067 honorat
3063 4030 3238 4084 pauca
3284 4016 3517 4085 quidem,
3557 4016 3650 4071 sed
3749 4027 3752 4031 '

2063 4097 2318 4154 sublimia
2367 4099 2690 4171 loquentem,
2745 4103 3009 4170 quomodo
3062 4121 3164 4159 non
3212 4105 3368 4161 illam
3427 4108 3648 4163 maximi

2063 4190 2316 4260 faciemus
2340 4206 2457 4262 qua:
2480 4193 2648 4247 verbis
2677 4192 2926 4264 plurimis
2948 4195 3120 4266 iisque
3143 4196 3454 4251 sublimibus
3486 4199 3626 4252 abun

2064 4281 2202 4336 dat?
2235 4281 2300 4336 Si
2333 4281 2598 4338 Homerus
2627 4285 2932 4339 admiratur
2959 4285 3259 4355 Nestorem,
3290 4290 3442 4359 cujus
3472 4306 3505 4344 a
3543 4290 3649 4343 lin-

2061 4393 2165 4448 gua
2201 4377 2356 4432 melle
2398 4379 2607 4435 dulcior
2641 4380 2842 4450 ﬂuebat
2872 4397 3068 4448 sermo,
3115 4386 3376 4456 quomodo
3408 4400 3502 4438 nos
3541 4399 3647 4438 non

334 4506 360 4528 η
369 4463 651 4532 phrygiam
677 4472 722 4516 et
752 4463 962 4515 modum
979 4439 1326 4530 .Thamytidis
1345 4461 1564 4516 Dorium
1583 4477 1600 4516 :
1622 4463 1747 4516 milii
1769 4462 1960 4533 lingua:
1991 4439 2037 4497 θ
2061 4439 2380 4540 dixerimus,
2407 4472 2472 4526 ab
2495 4487 2558 4527 ea
2574 4439 2768 4544 de'qua
2793 4439 3082 4546 loquimur,
3098 4439 3370 4537 sermones
3392 4490 3648 4531 emanare

371 4555 726 4608 celeberrima
771 4554 1033 4608 musicam
1075 4555 1388 4610 naturalem
1423 4571 1636 4610 vocasse
1663 4557 1794 4610 satis
1829 4556 1956 4608 erit.

339 4647 440 4705 .Ut
501 4646 687 4719 Lycius
738 4647 960 4701 Proclus
989 4648 1344 4712 .arbitratur,
1391 4651 1590 4703 animae
1648 4649 1842 4719 linguis
1903 4665 1961 4703 se

340 4739 810 4806 .accommodant,
863 4749 914 4793 et
964 4741 1039 4793 sic
1093 4749 1348 4796 naturam
1395 4757 1552 4796 suam
1603 4742 1850 4795 intimam
1885 4741 1958 4807 _in

371 4835 538 4890 lucem
587 4837 884 4906 proferunt.
917 4836 1068 4902 Quod
1105 4844 1285 4891 utrum
1318 4852 1502 4892 verum
1533 4855 1604 4892 an
1635 4837 1833 4908 falsum
1863 4839 1955 4902 sit,

367 4941 510 4979 nunc
553 4927 765 4996 quidem
811 4927 1104 4998 disquirere
1149 4944 1253 4982 non
1295 4937 1475 4982 vacat.
1509 4926 1570 4982 Si
1609 4945 1730 4983 vero
1775 4945 1955 4983 verum

343 5017 574 5073 -dicendi
608 5022 691 5073 hic
723 5020 866 5075 locus
902 5028 999 5086 est,
1031 5021 1116 5074 cui
1154 5020 1252 5075 alii
1291 5019 1489 5092 lingua
1518 5021 1622 5075 nisi
1656 5022 1724 5086 ei,
1753 5037 1859 5092 qua
1891 5022 1956 5075 de

343 5109 664 5179 Joauimur,
716 5114 950 5168 uirorum
998 5113 1332 5178 illustrium,
1386 5113 1629 5185 Orphei,
1700 5113 1949 5181 Homeri,

436 5249 482 5281 ³ο
517 5248 618 5305 Isa.
647 5267 701 5316 ι,
722 5250 774 5305 4.
851 5253 896 5286 ⁸⁸
921 5250 1066 5308 Psal.
1094 5268 1281 5318 χχιιι,
1311 5250 1404 5308 50.
1467 5253 1524 5284 ’⁸⁸
1559 5250 1724 5309 Prov.
1755 5269 1810 5320 ι,
1835 5253 1929 5309 20.

435 5386 552 5464 (ξιξ)
575 5385 928 5464 gain-omnino
961 5392 1243 5464 legiturin
1274 5391 1487 5464 codice.

439 5458 551 5534 (ὅθ)
575 5456 823 5534 ιξίοιξιιιεἱ
837 5456 1049 5534 origine
1080 5462 1283 5533 Lycus,
1317 5462 1535 5534 Syriani
1564 5463 1620 5517 in
1647 5462 1947 5517 Athenien-

371 5528 417 5602 εἰ
454 5527 650 5602 sc_hol_a_
687 5527 991 5599 discipulus
1039 5541 1094 5587 et
1122 5527 1436 5597 éuccessor,
1498 5535 1698 5588 saecqu
1747 5534 1946 5602 quinto

2059 4562 2327 4616 ambrosia
2376 4579 2442 4616 ac
2486 4571 2702 4618 nectare
2750 4565 3054 4622 dulciores!
3095 4564 3201 4620 Res
3243 4567 3465 4634 pulchra
3514 4581 3647 4620 sane

2057 4671 2204 4708 mens
2241 4655 2486 4710 sublimis
2518 4658 2711 4726 quibus
2757 4665 2879 4711 acta
2923 4659 3246 4728 respondent
3273 4661 3394 4712 hinc
3435 4660 3556 4712 inde
3587 4658 3644 4711 in

2059 4748 2292 4801 medium
2324 4747 2562 4818 prolata,
2602 4757 2659 4800 ut
2688 4747 2753 4802 de
2775 4749 3088 4818 quibusdam
3119 4748 3438 4803 animalibus
3467 4749 3646 4819 (dasy-

2060 4837 2200 4908 poda
2238 4840 2450 4905 uocant)
2504 4838 2740 4892 historici
2779 4839 3040 4908 referunt.
3089 4839 3211 4892 Non
3255 4841 3428 4893 minus
3465 4848 3641 4892 autem

2057 4934 2234 4988 suavis
2259 4942 2310 4986 et
2327 4931 2524 4986 alacris
2543 4940 2621 4986 est
2645 4933 2830 5002 lingua
2862 4950 2982 5004 qua
3011 4934 3198 5002 Euripi
3224 4936 3398 4988 instar
3417 4932 3643 4988 volvitur

2059 5033 2110 5078 et
2158 5023 2347 5077 mentis
2389 5023 2768 5092 cogitationum
2801 5040 2866 5077 ac
2894 5023 3236 5077 consiliorum
3262 5033 3340 5077 est
3367 5017 3639 5078 obstetrix.

2060 5114 2382 5186 lle-quidem
2400 5115 2584 5185 judice
2613 5115 2842 5186 optimus
2871 5115 2920 5170 is
2947 5131 3057 5171 esse
3085 5116 3295 5171 videtur
3323 5116 3410 5171 cui
3433 5123 3644 5170 utrum-

2137 5388 2226 5460 ιο.)
2248 5389 2408 5447 Conl‘.
2442 5388 2666 5448 Homer.
2708 5391 2872 5448 Iliad.
2893 5395 2953 5460 Γ,
2988 5393 3134 5459 Lm,
3169 5412 3219 5449 ν.
3256 5393 3384 5448 214.

2142 5461 2418 5526 41)(Ξοιιῖ.
2454 5461 2679 5518 Homer.
2724 5463 2974 5528 lliad.A,
3010 5465 3044 5521 Ι.
3083 5464 3125 5525 l.
3167 5481 3217 5517 ν.
3259 5463 3388 5518 249.

2121 5532 2236 5601 (42)
2266 5531 2430 5586 Conf.
2454 5532 2688 5604 Aristot.
2709 5533 2855 5590 Hist.
2881 5538 3048 5590 anim.
3077 5535 3176 5591 lib.
3202 5532 3265 5600 V,
3294 5550 3417 5604 cap.
3437 5533 3473 5588 2
3493 5533 3637 5604 cl9;

367 5595 574 5673 ﬂoruit.
604 5595 850 5673 bim-tua}
871 5611 956 5658 est
1005 5617 1151 5656 anim
1179 5603 1306 5673 485.
1333 5595 1512 5659 inuitis
1537 5595 1948 5673 septuagesimo
2051 5595 2168 5673 lib.
2189 5595 2268 5667 νί,
2303 5618 2426 5673 cap.
2451 5603 2547 5658 35.

365 5664 581 5743 guin_to.
613 5665 743 5743 Ejus
763 5666 991 5743 _Vitam__
1013 5673 1234 5743 scripsit
1260 5672 1526 5737 Marinus,
1551 5664 1673 5742 ej'us
1705 5664 1954 5743 discipu-

369 5735 475 5800 lus,
493 5735 600 5791 mea
608 5735 718 5808 poli
739 5739 923 5808 (hodie
937 5735 1230 5812 Nanlouse,
1248 5752 1395 5799 vetus
1413 5735 1644 5816 Siehem)
1659 5735 1954 5802 oriundus.

2125 5672 2238 5760 (ίέ)
2259 5675 2317 5760 In
2339 5672 2607 5760 "imgine,
2628 5673 3301 5760 inani-Inrcce'nti,llegilur
3332 5690 3346 5727 :
3375 5674 3640 5760 Σημειοῦ-

2055 5744 2145 5801 ται
2174 5745 2256 5800 ὅτι
2283 5744 2592 5811 δασύποδας
2634 5745 2872 5802 ἐνταῦθα
2912 5745 3061 5815 λέγει
3091 5744 3217 5812 τοὺς
3244 5744 3512 5817 λαγωούς.
