4078 6406
394 311 527 376 1271

1601 316 2006 377 THEODORI
2046 314 2452 376 PRODROMI

3531 316 3672 382 127:2

390 423 456 476 οὐ
490 421 689 476 πολλοῦ
719 423 966 492 καμάτου
1001 421 1362 493 δεησομένους
1392 423 1525 493 πρὸς
1590 423 1687 495 τὴν
1737 422 1982 494 προσκύ-
2011 428 2056 484 Α
2083 421 2319 492 ψυχικὰς
2344 421 2612 484 διαθέσεις
2642 419 3062 494 καταθεώμεθα.
3124 423 3214 488 Ὠς
3269 423 3379 479 εῐθε
3429 429 3675 494 τοιοῦτος

392 531 548 586 νησιν
577 531 594 547 ⁸
629 515 936 584 αὐτόματος
962 513 1070 584 γὰρ
1099 513 1282 576 αὐτοῖς
1303 513 1367 567 ἐκ
1411 514 1505 567 τοῦ
1537 515 1742 576 πάθους
1781 517 1810 568 6
1840 515 1974 586 τρά-

392 607 556 678 χηλος
586 608 1006 678 σημαινόμενος,
1038 605 1400 674 ἀφοσιοῦσθαι
1440 605 1646 678 ταύτην
1672 607 1841 662 δοκεῖ.
1911 608 1976 661 El

387 701 434 754 δ’
459 701 549 770 εἴη
567 718 651 764 τις
672 700 779 752 τῶν
793 698 970 771 πάντη
989 701 1261 769 παρέτων,
1279 698 1388 752 οὐδ’
1403 693 1559 764 οὗτος
1585 699 1976 770 ἀλλοτριωτέος

389 795 488 864 τῆς
513 791 880 864 πανηγύρεως
909 791 1128 861 παρίτω
1149 805 1166 821 ⁶
1188 791 1353 864 μέρος
1379 793 1624 861 γενέσθω
1644 793 1738 864 τῆς
1758 794 1976 863 ἑορτῆς,

389 888 488 940 καὶ
509 885 587 955 τῷ
612 885 748 938 ὀστᾶ
768 884 1050 951 σννάξοντι
1073 883 1210 954 πρὸς
1230 885 1387 948 ὀστᾶ,
1417 885 1511 938 καὶ
1551 885 1818 956 ἁρμονίαν
1841 886 1978 956 πρὸς

393 975 684 1048 ἁρμονίαν,
718 975 812 1030 καὶ
836 977 950 1038 τοῖς
972 975 1159 1047 ξηροῖς
1183 975 1534 1046 χαρισομένῳ
1562 975 1781 1048 πνεῦμα
1807 976 1974 1045 ζωῆς,

390 1069 568 1140 ᾀδέτω
589 1068 682 1123 τὸν
703 1069 1098 1140 χαριστήριον·
1135 1069 1232 1124 καὶ
1273 1071 1300 1124 6
1330 1071 1432 1141 μὲν
1485 1070 1575 1124 διά
1621 1071 1724 1138 τῆς
1776 1070 1977 1141 στέγης

391 1159 666 1230 χαλάσθω,
695 1161 796 1228 τῆς
828 1159 1016 1228 ὑγείας
1047 1160 1484 1231 ὲπιτευξόμενος,
1527 1164 1556 1216 6
1598 1161 1656 1216 δὲ
1707 1162 1976 1216 τεθείσθω

393 1251 533 1322 πρὸς
558 1255 624 1323 τῇ
664 1252 997 1324 προϐατικῇ,
1025 1253 1130 1307 κάν
1173 1254 1221 1306 εί
1263 1254 1546 1324 ἄνθρωπον
1574 1254 1676 1308 οὐκ
1722 1255 1859 1325 ἔχοι,
1899 1257 1975 1326 μὴ

394 1346 798 1412 ἀπογινώσκων
821 1343 921 1416 τὴν
956 1347 1102 1400 ίασιν
1123 1361 1138 1378 ·
1173 1345 1294 1399 οὐδὲ
1333 1346 1442 1416 γάρ
1479 1345 1647 1417 αὐτὴν
1699 1346 1972 1417 βραδυνεῖ,

394 1435 516 1489 οὐδὲ
539 1435 840 1506 τριάκοντα
864 1435 1001 1506 πρὸς
1027 1437 1142 1498 τοῖς
1170 1432 1314 1487 ὀκτὼ
1348 1435 1406 1488 ὲν
1421 1436 1487 1504 τῇ
1518 1433 1773 1506 ἀσθενείᾳ
1809 1450 1977 1487 κατα-

394 1523 709 1576 κεκλίσεται
739 1523 865 1586 τοὺς
919 1523 1136 1593 ἡλίουςο
1179 1522 1297 1577 ἀλλ’
1343 1523 1655 1594 αὐθήμερόν
1711 1540 1774 1592 γε
1814 1523 1847 1594 ἢ
1888 1541 1978 1595 μι·

396 1611 530 1681 κρόν
551 1628 604 1664 τι
638 1611 774 1680 πρὸς
804 1611 976 1682 αὐτῆς
1004 1613 1395 1678 ἀπαλλάξεται.
1429 1615 1615 1668 Πάντα
1662 1615 1924 1684 μειδιάτω
1959 1631 1975 1647 ⁸

2083 511 2151 583 ἦν
2185 516 2278 569 καὶ
2302 517 2329 570 ό
2353 517 2484 586 ἐμὸς
2513 514 2756 585 ἀνδριὰς,
2783 513 2880 569 καὶ
2909 515 3238 588 τεθυρίδὼτό
3259 519 3309 572 oi
3338 517 3408 574 τὰ
3439 522 3666 592 στέρνα·

2083 603 2224 671 εἶδες
2255 607 2368 679 γὰρ
2397 607 2464 662 ἂν
2504 607 2782 677 ἐπικύψας
2835 610 3360 681 ὐπεραγαλλομένην
3414 613 3508 666 ἐπὶ
3557 616 3683 683 τοῖς,

2084 700 2322 771 παροῦσί
2351 719 2456 770 μου
2485 700 2586 772 τὴν
2620 701 2872 772 καρδίαν,
2897 704 2992 756 καὶ
3015 701 3114 772 τὴν
3144 703 3324 774 ψυχὴν
3355 705 3456 758 οὐκ
3512 704 3676 776 έχου-

2085 807 2184 843 σαν
2205 792 2233 844 ὅ
2257 807 2311 844 τι
2332 791 2426 844 καὶ
2450 791 2540 859 ὐφ’
2575 791 2768 862 ήδονῆς
2793 792 3027 860 γένοιτο.
3056 791 3172 846 Νῦν
3201 793 3247 847 δ’
3275 793 3391 848 ἀλλ’
3417 835 3434 859 ,
3462 795 3676 848 οἰκοδο-

2087 882 2253 952 μικῆς
2293 882 2402 954 γὰρ
2448 881 2628 936 ταῦτά
2683 885 2858 947 ἐστιν,
2912 883 3011 938 οὐκ
3070 884 3670 955 ἀνθρωποπλαστικῆς,

2082 974 2175 1026 καὶ
2203 973 2455 1036 ἀλλωςδὲ
2477 974 2587 1027 τῶν
2627 973 2878 1045 αἰσθήσει
2901 974 3260 1029 δουλευόντων
3301 977 3330 1029 6
3383 976 3569 1046 λόγος·
3607 977 3675 1031 ἀν

2080 1081 2143 1131 γε
2185 1063 2263 1134 τῷ
2288 1063 2590 1134 διαϐατικῷ
2623 1082 2717 1118 σου
2752 1064 2828 1135 νῷ
2850 1065 2944 1118 καὶ
2989 1065 3172 1136 λεπτῷ
3230 1066 3320 1120 διὰ
3390 1065 3675 1137 μυστικῶν

2081 1154 2312 1226 θυρίδων
2337 1155 2430 1209 καὶ
2464 1157 2794 1227 ἀπορρήτων
2821 1155 2923 1227 τὴν
2948 1157 3049 1227 τῆς
3099 1158 3240 1228 ἐμῆς
3275 1157 3455 1229 ψυχῆς
3503 1157 3676 1212 κατά-

2081 1247 2194 1319 θρει
2235 1247 2516 1318 διάχυσιν,
2549 1250 2630 1313 ὠς
2661 1249 2771 1317 γὰρ
2805 1247 3027 1317 ἥδομαι
3075 1248 3177 1301 καὶ
3225 1248 3534 1318 τέρπομαι,
3569 1251 3673 1305 καί

2080 1341 2357 1408 χορεύειν
2385 1341 2689 1409 βούλομαι
2723 1341 2859 1411 (48),
2878 1341 3038 1395 τοῦτο
3073 1341 3137 1413 δὴ
3159 1340 3220 1394 τὸ
3246 1344 3343 1412 τῆς
3379 1342 3675 1412 κωμῳδίας

2079 1433 2178 1504 οὐχ
2216 1434 2298 1486 δτι
2333 1431 2568 1484 Πλοῦτον
2601 1431 2998 1502 είσῳκίσαμεν,
3031 1430 3107 1494 ὼς
3152 1432 3336 1502 εκείνη
3395 1429 3672 1502 βούλεται,

2080 1525 2174 1578 τὸν
2237 1522 2674 1594 ἑτοιμοσύλητον,
2733 1524 2829 1576 καὶ
2883 1523 3224 1595 ἀύφθαλμον,
3271 1523 3387 1578 ἀλλ’
3444 1524 3529 1578 ὅτι
3579 1525 3676 1578 τὸν

2083 1616 2352 1686 ἀσύλητόν
2374 1633 2433 1670 τε
2469 1616 2566 1675 καὶ
2606 1615 3101 1688 μεγιστόφθαλμον,
3142 1617 3257 1681 καὶ,
3283 1616 3359 1679 ὡς
3394 1618 3428 1687 ἡ
3482 1615 3674 1688 ῥαψῳ-

396 1700 573 1754 πάντα
603 1699 841 1771 χαιρέτω
874 1717 886 1730 ·
916 1701 1092 1756 πάντα
1121 1704 1612 1773 συνεπαγαλλέσθω
1645 1708 1758 1770 τοῖς
1793 1705 1976 1759 τελου-
2009 1715 2053 1775 Β
2079 1711 2170 1764 δία
2192 1708 2350 1779 φαίη,
2383 1708 2625 1780 βοώπιδα
2647 1708 2785 1780 (49).
2821 1709 2887 1762 Τί
2919 1707 2964 1762 δ’
3005 1709 3072 1764 ἂν
3111 1709 3257 1762 εἴποι
3283 1725 3368 1772 τις
3410 1707 3542 1779 περὶ
3577 1707 3674 1760 τοῦ

399 1792 603 1860 μένοις.
665 1793 839 1863 Χαῖρε
898 1794 1122 1864 σφόδρα,
1167 1794 1404 1867 θύγατερ
1439 1797 1596 1852 Σιών.
1665 1799 1793 1853 Ἰδού
1848 1801 1980 1854 σοιδ

398 1881 586 1954 ἄρχων
629 1883 809 1956 πραῢς
860 1887 955 1940 καὶ
1009 1886 1198 1953 σώζων
1241 1889 1607 1961 ἐπιδεδήμηκε
1640 1907 1652 1922 ·
1698 1890 1839 1946 Σιὼν
1871 1894 1980 1965 γάρ

397 1973 509 2042 εγὼ
539 1974 639 2047 τὴν
668 1978 952 2046 παροῦσαν
981 1979 1082 2049 τῆς
1124 1979 1396 2050 βασιλίδος
1435 1983 1627 2055 μερίδα
1681 1985 1854 2052 καλῶ,
1903 1986 1980 2051 ὡς

399 2067 700 2140 ἐκκλησίαν
721 2072 1084 2142 πρωτοτόκων
1104 2073 1618 2147 ἀπογεγραμμένων
1643 2078 1699 2130 ιν
1729 2077 1944 2150 οὐρανῷ
1963 2093 1978 2109 ο

401 2160 548 2232 ἔχεις
602 2164 693 2216 τὸν
719 2161 846 2228 τούς
890 2167 1359 2234 πεπιστευμένους
1415 2183 1510 2223 σου
1583 2168 1978 2241 εἰσδεξάμενον,

401 2257 498 2308 καὶ
527 2256 654 2319 τοὺς
685 2257 934 2327 πτωχούς
970 2273 1063 2310 σου
1096 2258 1260 2328 ἄρτον
1306 2261 1660 2330 χορτάσοντα.
1707 2263 1984 2318 Πλάτυνον

403 2347 475 2400 τὰ
527 2349 889 2419 σχοινίσματά
945 2365 1063 2415 σου,
1101 2351 1418 2422 ὀδοποίησον
1445 2353 1521 2422 τῷ
1556 2355 1661 2425 νέῳ
1701 2353 1815 2426 λαῷ
1841 2371 1855 2386 ·
1887 2356 1984 2409 καὶ

406 2441 529 2504 τοὺς
556 2441 739 2506 λίθους
772 2443 836 2496 ὲκ
860 2440 960 2512 τῆς
991 2441 1266 2513 λεωφόρου
1300 2445 1626 2516 ἀπόρριψον.

475 2535 549 2586 Τὸ
571 2532 618 2586 δ’
665 2533 797 2604 ἐμόν
823 2551 836 2564 ·
871 2535 1021 2599 ὅπως
1059 2536 1188 2588 ποτὲ
1216 2537 1330 2600 τοῖς
1359 2537 1596 2608 παροῦσι
1643 2539 1984 2594 συνδιατίθε-

408 2641 516 2690 ut,
542 2625 634 2678 καὶ
660 2624 838 2694 ἐαυτῷ
868 2623 1266 2678 συνοικειοῦται
1322 2628 1421 2698 τὴν
1474 2629 1669 2700 ἑορτὴν
1702 2670 1718 2697 ,
1774 2631 1880 2684 τίνι
1918 2631 1986 2686 ἂν

409 2715 494 2786 εἴη
555 2717 930 2787 παραστατέον
996 2717 1140 2790 λόγῳ
1192 2719 1288 2773 καὶ
1349 2719 1693 2791 γράμματις
1746 2722 1986 2776 Ἐπαινῶ

419 2811 518 2882 γὰρ
546 2807 659 2878 ἐγὼ
689 2809 779 2862 τδν
814 2808 982 2878 μῦθον
1011 2810 1218 2863 ἐκεῖνον
1258 2809 1702 2882 διαμεμφόμενον
1761 2813 1988 2884 Προμη-

2089 1803 2234 1858 κατά
2264 1803 2356 1857 τὸν
2401 1803 2527 1875 τῇδε
2567 1804 2710 1856 θεῖον
2749 1802 2873 1856 ναὸν
2904 1801 3182 1873 ἱερατικοῦ
3243 1802 3338 1855 καὶ
3385 1799 3675 1869 γερουσίου

2088 1895 2485 1967 κληρὼματοςς
2526 1895 2660 1949 Οὐδὲ
2695 1894 2804 1966 γὰρ
2842 1895 3143 1964 ἀναμεῖναν
3182 1893 3303 1948 ιη..
3359 1889 3452 1945 τοῦ
3497 1889 3676 1960 κήρυ-

2091 2007 2185 2053 κος
2239 1990 2339 2059 τὴν
2368 1989 2571 2060 φωνὴν,
2604 1987 2897 2058 αὐτομολεῖ
2941 1986 3079 2058 πρὸς
3128 1985 3227 2056 τὴν
3283 1983 3498 2056 ἑορτὴν,
3556 1983 3672 2051 καὶ,

2090 2081 2189 2152 τήν
2237 2082 2340 2135 οὐκ
2389 2079 2599 2151 ἀγαθήν
2648 2079 2779 2132 αίδὼ
2830 2077 3374 2147 ὑποσκευασάμενον,
3420 2075 3676 2145 ἐνθουσιᾷ

2094 2174 2231 2246 πρὸς
2261 2173 2321 2226 τδ
2354 2175 2608 2244 πρᾶγμα,
2639 2171 2735 2226 καὶ
2758 2172 2860 2242 τὴν
2911 2169 3111 2241 σεμνὴν
3136 2168 3364 2240 ταυτηνὶ
3411 2166 3674 2238 βακχείαν

2093 2265 2445 2340 βακχεύεται,
2473 2265 2568 2318 καὶ
2601 2263 2742 2318 κατὰ
2766 2261 2940 2332 φυλὰς
2983 2263 3078 2315 καὶ
3115 2260 3321 2332 δήμους
3382 2257 3676 2322 συστάντες

2093 2355 2430 2432 ὑψηγοροῧσι
2497 2357 2574 2429 τῷ
2611 2358 2831 2411 είσιόντι
2877 2354 2976 2426 τὴν
3009 2355 3307 2427 εὐφημίαν,
3355 2353 3448 2407 καὶ
3511 2351 3676 2420 πλήτ-

2093 2469 2246 2508 τουσι
2274 2453 2366 2506 τὸν
2391 2451 2529 2522 ἀέρα
2557 2452 2678 2514 ταῖς
2718 2447 3163 2521 εὐχαριστηρίοις
3202 2447 3524 2515 ἀλαλαγατς,
3581 2444 3677 2499 ἀλ-

2094 2547 2184 2612 λος
2207 2545 2366 2600 ἄλλον
2395 2543 2803 2614 ὑπερϐαλέσθαι
2830 2541 3153 2612 φιλονεικῶν
3180 2543 3247 2612 τῇ
3282 2540 3523 2608 κραυγῇ.
3565 2536 3676 2590 Καὶ

2097 2639 2332 2702 συνόλως
2360 2638 2536 2708 στόμα
2557 2637 2615 2690 ἒν
2639 2637 2734 2690 καὶ
2757 2637 2935 2706 χεῖλος
2974 2633 3054 2702 ἓν,
3085 2633 3227 2688 κατὰ
3275 2633 3375 2703 τὴν
3424 2629 3672 2701 Γραφὴν,

2096 2733 2132 2803 ἡ
2159 2728 2692 2800 πολυανθρωποτάτη
2719 2731 2816 2799 τῆς
2845 2725 3167 2792 Βυζαντίδος
3213 2724 3354 2795 αὕτη
3407 2726 3677 2793 γενομένη

2099 2821 2277 2892 μερὶς,
2325 2820 2492 2888 ἑαυτῇ
2558 2820 2746 2886 κροτεῖ
2793 2817 2862 2872 τὰ
2915 2814 3347 2884 παλιγγενέσια·
3389 2812 3544 2867 Νικῶ
3597 2810 3677 2883 τῷ

409 2903 615 2967 θεῑ,ὃτι
646 2900 720 2972 μὴ
752 2901 972 2972 θύριδας
1025 2903 1155 2973 περὶ
1208 2903 1274 2956 τὰ
1306 2903 1399 2958 τοῦ
1438 2904 1727 2975 ἀνθρώπου
1788 2906 1989 2976 στέρνα
2086 2913 2328 2982 ζπαρόντι
2380 2910 2636 2982 θριάμϐῳ
2687 2909 2814 2972 τοὺς
2862 2908 3127 2972 παλαιοὺς
3189 2907 3284 2960 καὶ
3349 2905 3502 2976 παρά
3557 2907 3678 2966 ταῖς

410 2993 642 3063 ποιήσας
673 2991 929 3063 ἀνέῳξεν,
965 2991 1052 3048 ἵνα
1081 2993 1179 3056 τὰς
1221 2993 1465 3066 ἀλλήλων
1522 2995 1985 3062 ὲπικυπτάζοντες
2099 3002 2388 3072 ἱστορίαις,
2442 3001 2602 3066 ὅσους
2636 3017 2696 3054 τε
2745 3001 2779 3070 ή
2832 2999 2940 3052 τῶν
2992 2997 3168 3066 λόγων
3231 2998 3417 3069 μήτηρ
3461 2994 3673 3061 Ἑλλὰς,

411 3151 699 3222 conspiciat
727 3149 793 3205 “.
814 3147 918 3206 Sed
952 3165 1038 3205 eos
1063 3167 1526 3222 quoque,quorum
1548 3155 1777 3209 curvatis
1809 3170 1991 3225 corpo-
2015 3166 2059 3228 ρ
2092 3164 2303 3226 ptumve
2326 3156 2670 3229 confugiam?
2701 3155 2873 3212 Probo
2898 3174 3127 3227 namque
3157 3159 3394 3229 mythum
3415 3155 3566 3210 illum
3589 3157 3680 3227 qui

412 3243 556 3296 ribus
592 3242 911 3296 medicorum
959 3242 1059 3311 ﬁlii
1085 3243 1284 3297 mederi
1328 3253 1615 3313 nequeunt,
1647 3247 1703 3299 in
1743 3248 2000 3316 panegyri

413 3353 532 3391 mea
561 3352 816 3401 memoro,
838 3336 1022 3407 quibus
1052 3339 1212 3391 istam
1243 3336 1306 3389 ob
1342 3354 1563 3392 causam
1594 3341 1891 3410 genu/iexio
1915 3355 1998 3393 res

413 3442 488 3485 est
522 3429 713 3500 facilis,
759 3441 871 3485 tum
917 3431 1043 3499 quia
1073 3431 1246 3483 cervix
1281 3445 1345 3484 ex
1389 3447 1755 3485 cerumnarum
1793 3432 2002 3502 magni-

415 3523 601 3577 tudine
649 3523 843 3592 supina
877 3529 1006 3574 stat.
1033 3519 1136 3575 Sed
1177 3536 1270 3574 nec
1312 3522 1402 3591 qui
1444 3522 1802 3576 membrorum
1835 3540 2000 3592 para-

414 3617 522 3687 lysi
572 3615 842 3680 laborant,
886 3614 1138 3668 illaudali
1175 3613 1429 3669 abeunto.
1481 3614 1802 3670 Festivitatis
1833 3620 2002 3686 parti—

412 3730 530 3781 ceps
563 3711 661 3781 ﬁat
695 3713 785 3779 qui
816 3727 934 3766 ossa
963 3715 1034 3764 ad
1073 3726 1192 3766 ossa
1224 3710 1268 3742 ³¹
1301 3711 1520 3781 colligit,
1542 3713 1634 3782 qui
1662 3712 1998 3766 harmoniam

414 3810 528 3862 unit
577 3808 871 3861 harmonia
913 3813 963 3858 et
1021 3805 1273 3859 ariditate
1327 3807 1529 3860 vexatis
1581 3807 1826 3876 spiritum
1877 3807 1999 3861 vita!

414 3903 794 3966 communicat,
838 3900 920 3954 hic
954 3915 1158 3978 quoque
1185 3898 1488 3969 gratiarum
1523 3900 1785 3952 actionem
1815 3907 1995 3953 canat.

414 3992 563 4048 Alius
589 4009 747 4064 porro
775 4008 868 4059 per
900 3999 1092 4044 tectum
1122 3991 1440 4044 demittatur
1497 4004 1552 4044 ut
1589 3992 1878 4044 sanitatem
1919 4007 2001 4044 re-

413 4096 648 4156 cuperct,
668 4085 737 4139 ad
767 4085 1026 4156 piscinam
1049 4083 1186 4138 alius
1214 4091 1444 4153 ponatur
1473 4084 1757 4153 probaticce
1781 4083 1849 4148 ³³,
1881 4091 1930 4136 et
1953 4083 2000 4138 si

416 4178 709 4234 auxiliator
764 4177 929 4243 abest,
950 4177 1012 4230 de
1045 4177 1277 4232 sanitate
1303 4191 1370 4229 ne
1415 4175 1690 4246 desperet;
1713 4191 1819 4229 non
1856 4177 1998 4230 enim

416 4271 710 4326 retardabit
742 4287 860 4324 eam
895 4285 1063 4340 neque
1103 4285 1197 4339 per
1251 4270 1470 4340 triginta
1506 4277 1620 4322 octo
1661 4284 1829 4322 annos
1879 4267 2002 4322 lan—

415 4372 644 4434 guescet,
685 4364 791 4417 imo
813 4363 964 4418 hodie
997 4370 1090 4415 aut
1132 4360 1292 4431 paulo
1320 4370 1434 4430 post
1476 4361 1700 4415 sanitati
1731 4361 1996 4418 reddetur.

419 4455 616 4510 Omnes
674 4455 839 4525 igitur
897 4456 1126 4519 rideant,
1192 4453 1460 4520 laetentur,
1512 4454 1574 4506 de
1631 4455 1764 4507 bono
1819 4469 1997 4506 rerum

419 4551 565 4603 exitu
599 4548 883 4603 exsultent.
920 4547 1101 4601 Gaude
1131 4556 1188 4601 tu
1222 4548 1471 4614 maxime,
1505 4547 1621 4614 ﬁlia
1655 4545 1783 4601 Sion
1814 4561 1833 4598 :
1867 4545 2000 4600 Ecce

421 4657 516 4696 rex
577 4648 698 4694 tuus
769 4643 911 4694 venit
975 4641 1067 4694 tibi
1124 4649 1432 4693 mansuetus
1471 4640 1538 4692 “.
1578 4639 1705 4694 Sion
1760 4639 2002 4707 equidem

419 4742 630 4801 partem
668 4734 809 4786 urbis
852 4734 1008 4800 regite
1046 4749 1183 4786 nunc
1229 4732 1565 4786 exsistentem
1611 4732 1826 4786 nomino
1866 4733 2002 4785 sicut

419 4824 696 4880 ecclesiam
770 4825 1062 4894 primorum
1141 4830 1422 4893 parentum
1495 4824 1873 4893 inscriptos-um
1947 4822 2004 4874 in

421 4917 548 4972 caelo
579 4917 645 4974 ³⁵.
676 4916 847 4972 Habes
900 4916 990 4985 qui
1026 4916 1235 4984 recipiet
1267 4929 1352 4969 eos
1382 4915 1472 4986 qui
1503 4915 1595 4969 tibi
1627 4914 1923 4976 confidunt,
1955 4921 2004 4966 et

420 5013 511 5082 qui
557 5027 814 5081 pauperes
847 5017 964 5063 tuos
1010 5025 1149 5080 pane
1177 5007 1412 5062 satiabit.
1463 5005 1747 5077 Ampliﬁca
1793 5020 2006 5068 campos

423 5112 563 5164 tuos,
608 5103 750 5158 viam
779 5118 913 5173 para
946 5117 1076 5155 novo
1121 5098 1356 5170 populo;
1387 5098 1590 5167 lapides
1619 5097 1684 5150 de
1723 5097 1808 5150 via
1832 5105 2007 5150 strata

422 5194 550 5262 ejice
565 5193 631 5246 ³⁸.

492 5284 754 5352 Equidem
808 5282 958 5336 rebus
1015 5281 1360 5355 prwsentibus
1409 5298 1488 5336 me
1519 5281 1923 5335 accommodans
1957 5290 2006 5335 et

423 5373 561 5425 diem
587 5373 776 5441 festum
800 5388 912 5426 meo
934 5370 1112 5426 Marte
1142 5387 1323 5442 agens,
1345 5372 1414 5425 ad
1445 5373 1585 5442 quod
1612 5373 1826 5426 verbum
1878 5375 2011 5428 scri-

2100 3247 2414 3303 Promethea
2457 3251 2786 3318 reprehendit
2830 3250 2968 3319 quod
3010 3250 3276 3303 hominem
3309 3249 3545 3318 formans
3574 3265 3680 3302 non

2100 3341 2386 3408 fenestram
2430 3342 2626 3410 pectori
2655 3335 2992 3412 applicuerit',
3021 3357 3114 3409 per
3152 3356 3312 3410 quam
3349 3355 3466 3410 qua:
3503 3340 3682 3395 ca'teri

2103 3433 2281 3486 animo
2338 3434 2570 3487 sentiunt
2632 3436 2928 3505 perspicere
2991 3435 3271 3504 possimus.
3342 3432 3682 3500 Quantopere

2100 3523 2280 3590 velim,
2315 3541 2487 3578 meam
2523 3541 2731 3596 quoque
2777 3535 3020 3580 statuam
3054 3525 3217 3580 talem
3261 3541 3396 3589 esse,
3446 3526 3682 3596 fenestra

2102 3631 2287 3686 nempe
2338 3618 2674 3672 instructam.
2737 3614 2949 3671 Videres
3009 3618 3150 3672 enim
3217 3619 3457 3671 animum
3507 3633 3682 3671 meum

2102 3709 2353 3778 prwsenti
2384 3725 2563 3763 rerum
2603 3717 2750 3764 statu
2781 3718 3082 3764 contentum
3115 3719 3163 3763 et
3197 3711 3412 3764 minime
3441 3709 3684 3779 volupta-

2103 3808 2215 3853 tum
2271 3811 2606 3856 sectatorem.
2667 3801 2823 3856 Nunc
2885 3811 3084 3866 autem,
3143 3807 3282 3872 quod
3343 3802 3553 3872 quidem
3611 3801 3682 3854 ad

2101 3894 2379 3948 domorum
2413 3897 2876 3964 constructionem,
2926 3913 3031 3950 non
3065 3897 3338 3950 hominum
3364 3896 3681 3950 creationem

2101 3988 2342 4053 pertinet,
2397 3988 2537 4042 alius
2578 3999 2656 4044 est
2699 4007 2881 4044 eorum
2922 3991 3014 4060 qui
3049 3989 3388 4044 sensualitati
3419 3991 3678 4052 serviunt,

2098 4098 2295 4138 sermo.
2329 4083 2404 4138 Tu
2448 4093 2649 4150 autem,
2688 4101 2796 4156 qua
2828 4101 2881 4139 es
2922 4093 3095 4139 mente
3139 4085 3318 4138 subtili
3359 4093 3410 4138 et
3438 4083 3678 4143 subacta.

2099 4193 2195 4248 per
2220 4177 2481 4247 fenestras
2511 4180 2756 4250 mysticus
2785 4185 2836 4231 et
2867 4194 3099 4232 arcanas
3129 4179 3296 4231 animi
3321 4178 3422 4230 mei
3443 4175 3681 4230 habitum

2101 4279 2453 4339 perscrutare,
2484 4268 2762 4338 quomodo
2791 4269 2952 4339 genio
2984 4268 3261 4334 indulgeo,
3290 4269 3444 4322 lator
3476 4275 3533 4322 et
3573 4265 3684 4320 sal-

2103 4371 2222 4418 tare
2247 4363 2443 4433 gestio,
2469 4364 2607 4434 quod
2626 4363 2826 4433 faciens
2843 4379 2945 4416 non
2973 4362 3189 4416 Plutum
3209 4361 3479 4416 contendite
3499 4361 3684 4414 intro-

2103 4453 2253 4519 duxi,
2306 4463 2361 4507 ut
2396 4452 2492 4508 illa
2535 4454 2685 4520 vult,
2743 4471 2962 4519 cereum,
3019 4455 3111 4509 sed
3165 4456 3363 4525 apertis
3423 4452 3685 4507 valentem

2102 4545 2267 4600 oculis
2322 4554 2394 4610 et,
2428 4553 2484 4600 ut
2524 4546 2780 4600 Homerus
2836 4546 3052 4608 diceret,
3099 4545 3492 4615 magnoeulum.
3545 4542 3686 4608 Quid

2103 4654 2262 4708 porro
2313 4639 2428 4708 quis
2474 4639 2538 4691 de
2583 4639 2911 4708 possessione
2961 4638 3126 4691 divini
3175 4637 3358 4701 huius,
3409 4635 3584 4688 sancti
3633 4641 3684 4684 et

2102 4729 2392 4783 venerandi
2425 4729 2656 4784 dixerit?
2698 4729 2966 4783 Pi'a’conis
3003 4729 3143 4782 enim
3195 4742 3317 4781 voce
3366 4741 3472 4780 non
3506 4736 3687 4792 exspe-

2103 4831 2250 4876 ctata
2284 4823 2353 4877 ad
2389 4823 2578 4892 festum
2613 4822 2844 4892 procedit
2884 4832 2930 4876 et
2953 4821 3207 4892 pudorem
3244 4819 3386 4874 male
3423 4816 3684 4872 simulans

2103 4915 2172 4967 ad
2202 4931 2330 4984 opus
2378 4915 2672 4984 inspiratus
2706 4915 3008 4984 faciendum
3039 4913 3344 4968 solemniter
3376 4909 3682 4964 bacchatur.

2110 5005 2205 5062 Ubi
2238 5023 2360 5060 vero
2403 5006 2552 5060 heros
2584 5008 2838 5074 procedit,
2875 5005 3098 5075 familia:
3129 5013 3175 5058 et
3207 5012 3386 5075 gentes
3420 5000 3689 5072 glori/ica-

2107 5097 2294 5152 bundte
2321 5099 2585 5168 excipiunt
2604 5109 2651 5151 et
2668 5115 2844 5152 aerem
2860 5100 3105 5153 certatim
3135 5095 3454 5151 clamoribus
3480 5110 3542 5146 ac
3569 5107 3689 5146 car-

2109 5189 2332 5242 minibus
2383 5187 2606 5258 replent.
2675 5189 2807 5243 Erat
2846 5198 3024 5244 autem
3065 5206 3232 5243 unum
3269 5203 3327 5244 os
3359 5203 3421 5241 ac
3461 5184 3686 5245 labium,

2107 5280 2239 5332 sicut
2261 5280 2382 5334 dicit
2407 5278 2687 5352 Scriptura
2712 5282 2778 5349 ³⁷,
2795 5285 2888 5336 toti
2911 5283 3110 5338 civitati
3132 5280 3381 5352 Byzantii
3397 5275 3689 5332 hominibus

2116 5371 2569 5441 frequen:issimte,
2597 5393 2714 5448 qua:
2741 5376 2842 5432 sibi
2868 5378 2969 5448 ipsi
2997 5377 3060 5430 de
3087 5375 3482 5447 regeneratione
3504 5375 3692 5442 gram-

496 5522 538 5553 ³¹
569 5520 701 5610 Ιίιλσ.
727 5538 842 5610 ξιξ,
861 5522 916 5586 ’5,
944 5523 998 5577 4.
1073 5524 1119 5610 ξ’
1139 5521 1340 5577 Ezech.
1364 5537 1570 5587 xxxv",
1598 5522 1648 5576 7.
1730 5523 1773 5556 ³³
1793 5521 1989 5580 ΙοιιηΛ

2119 5527 2173 5584 7.
2233 5530 2277 5561 δ”
2302 5527 2707 5599 Μυιιιι.ιδι,5.
2778 5531 3230 5604 "Hebr.xu,25.
3309 5534 3359 5570 ³⁸
3385 5537 3465 5594 lsa
3487 5539 3690 5610 Ltv,2;

427 5591 671 5656 th|,10.
741 5593 784 5624 ³⁷
805 5592 940 5647 Gen.
967 5609 1041 5656 ιιι,
1071 5595 1119 5645 1.

501 5726 612 5796 (48)
643 5727 800 5800 Conf.
838 5729 1116 5798 Aristoph.
1162 5729 1311 5784 Plat.
1335 5745 1384 5786 ν.
1413 5730 1540 5787 288.

2166 5734 2277 5807 (49)
2313 5735 2471 5794 Conf.
2505 5736 2664 5795 Hom.
2696 5739 2750 5796 in
2786 5739 2950 5797 Iliad.
2986 5743 3215 5811 passim.
