4078 6432
353 367 453 432 1‘27
468 370 492 428 J

351 579 446 632 ἐπὶ
474 578 586 641 τοῖς
624 575 872 640 Κάτωσι,
901 576 1031 640 τοὺς
1056 575 1154 628 ἐπὶ
1193 575 1308 637 τοῖς
1343 573 1652 646 Καίσαρσι,
1684 575 1814 639 τοὺς
1847 575 1944 628 cn}.

350 673 465 736 τοῖς
499 669 782 742 Βρούτοις,
815 668 911 724 καὶ
932 668 1170 731 ὁπόσους
1210 667 1304 722 ἐπὶ
1350 667 1681 737 Τιμολέουσι
1724 667 1945 737 πεπόμ-

353 781 525 818 πευκε
574 762 861 836 Κόρινθος.
922 761 1074 816 Ἐκεῖ
1119 761 1219 832 μέν
1279 760 1390 831 γὰρ
1441 760 1948 832 θεατρομαχοῦντες

358 857 560 928 μᾶλλον
597 857 892 927 συνέρρεον
936 856 986 909 οἱ
1029 855 1355 926 συρρέοντες
1382 895 1399 922 ,
1443 853 1662 910 ἐνταῦθ’
1693 855 1802 911 ὑπὸ
1851 856 1948 910 τοῦ

357 951 529 1008 καλοῦ
587 953 650 1007 τὸ
711 950 937 1022 σύμπαν
990 950 1298 1022 ἑλκόμενοι.
1353 949 1447 1003 Διὸ
1493 949 1588 1005 καὶ
1629 951 1784 1013 κενός
1826 952 1948 1024 (sic)

353 1065 441 1111 τις
468 1044 682 1116 ὑγιείας
705 1044 909 1116 τρόπος
932 1045 1046 1108 τοῖς
1089 1042 1358 1112 κάμνουσι
1403 1041 1784 1113 σχεδιάζεται·
1852 1043 1950 1096 καὶ

355 1137 639 1210 προθυμία
669 1135 901 1209 νεκροὺς
934 1133 1192 1205 ἀνίστησι
1227 1149 1244 1166 ο
1269 1132 1368 1188 καὶ
1409 1132 1657 1204 βιάζεται
1701 1133 1804 1198 τὰς
1859 1133 1951 1188 νό-

359 1247 488 1294 σους
515 1232 544 1284 ὁ
573 1229 739 1293 πόθος
769 1243 782 1257 ·
814 1227 912 1281 καὶ
941 1227 1196 1296 Λυγγευς
1235 1225 1336 1296 μὲν
1381 1221 1509 1293 ὧδε,
1541 1227 1570 1280 ό
1600 1225 1891 1281 ἀϐλεπτῶν
1931 1242 1948 1260 ο

355 1322 387 1374 δ
408 1321 465 1374 δὲ
495 1321 676 1392 ἄχειρ,
711 1320 1017 1392 Βριάρεωςο
1041 1320 1069 1372 δ
1106 1319 1163 1372 δέ
1203 1319 1629 1391 Ἥφαιστόπους,
1645 1320 1909 1392 ἀρτίπους
1936 1331 1950 1347 ⁶

355 1415 386 1466 ὁ
409 1414 460 1466 δὲ
486 1413 835 1483 ἀφωνότατος
859 1413 1152 1483 Στέντορος
1182 1412 1518 1482 φωνότατος.

430 1506 528 1570 Τίς
551 1501 646 1560 οὖν
677 1508 772 1560 ἐπὶ
805 1509 920 1570 τοῖς
953 1504 1230 1579 παροῦσιν
1249 1505 1352 1560 ούκ
1411 1505 1830 1576 ἀγαλλιάσεται,
1858 1506 1953 1559 καὶ

358 1596 450 1651 τὸν
473 1595 810 1666 τελετάρχην
837 1595 1074 1666 ὑμνήσει
1105 1595 1206 1666 τῆς
1236 1596 1642 1668 πανηγύρεως;
1716 1596 1806 1659 Ὠς
1841 1594 1954 1663 ἐγὼ

361 1686 552 1756 σφύζω
578 1686 680 1758 μὲν
705 1686 795 1742 διὰ
828 1686 1023 1742 πασῶν
1054 1686 1387 1759 δραμεῖσθαι
1433 1688 1544 1742 τῶν
1577 1686 1792 1760 ἀρετῶν
1857 1685 1954 1740 τοῦ

359 1779 575 1851 ἀνδρὸς,
603 1781 700 1834 καὶ
743 1779 1086 1848 πανταχόθεν
1123 1777 1274 1849 αύτῷ
1297 1779 1387 1833 τὸν
1417 1778 1638 1834 ἔπαινον
1692 1778 1955 1848 ἐρανίσαυ

1547 365 1867 429 SCRIPTA
1901 368 2464 435 MISCELLANEA.

351 496 449 539 και
485 481 720 545 ὁπόσους
749 481 784 552 ή
811 478 1166 555 πρεσϐυτέρα
1201 478 1389 553 Ῥώμη
1443 481 1786 552 κατήνεγκε,
1811 482 1940 546 τοὺς
1973 501 2019 560 Α

3503 368 3644 431 1274

2131 485 2278 542 Ἀλλ’
2311 487 2374 542 ού
2429 485 2525 541 τοῦ
2573 486 2848 558 παρόντος
2905 485 3082 541 ταῦτα
3111 484 3274 556 λόγου
3319 483 3488 551 ἐστὶν,
3517 487 3642 540 οὑδέ

2048 577 2147 634 τοῦ
2178 578 2399 651 καιροῦ.
2437 580 2503 633 '0
2521 579 2577 632 δέ
2601 579 2810 634 τούτων
2868 578 2970 650 μὲν
2997 577 3220 642 οὐθενὸς
3263 577 3510 640 ἔλαττον,
3533 577 3641 649 ἁρ-
3678 563 3679 568 “

2054 670 2394 742 μοδιὼτατον
2414 671 2472 725 δέ
2506 672 2710 742 μᾶλλον
2743 673 2810 743 τῇ
2854 669 3194 742 πανηγύρει,
3236 669 3430 723 τούτου
3477 670 3642 738 μόνον

2048 766 2518 836 ἐπιμνησάμενος,
2558 767 2622 820 ἐκ
2659 764 2767 819 τῶν
2801 765 3009 835 ὀνύχων
3039 767 3154 828 τοῖς
3184 765 3264 827 είς
3293 762 3418 818 νοῦν
3471 763 3642 817 είδόσι

2053 856 2286 927 βάπτειν
2319 855 2668 928 ἐνδειξαίμην
2699 858 2792 913 τὸν
2818 858 3032 912 λέοντα.
3059 859 3192 929 Διχῆ
3231 858 3341 929 γὰρ
3363 860 3464 928 τῆς
3515 855 3643 911 καθ’

2049 952 2200 1022 ἡμᾶς
2229 950 2449 1020 ἀπάσης
2479 952 2818 1023 διῃρημένης
2840 954 3015 1023 ἀρχῆς
3063 952 3200 1025 (50),
3239 953 3335 1006 καὶ
3368 952 3488 1007 δυσὶ
3518 969 3646 1005 συν-

2051 1042 2528 1114 διανενεμημένης
2583 1045 2700 1106 τοῖς
2757 1043 2988 1114 βήμασι,
3017 1045 3095 1116 τῷ
3145 1044 3408 1116 ἱερατικῷ
3468 1044 3638 1113 φημὶ,

2052 1137 2149 1192 καὶ
2184 1135 2472 1208 βασιλικῷ,
2502 1137 2569 1191 σὺ
2618 1138 2736 1201 τοῖς
2772 1137 3108 1208 ἀμφοτέροις
3149 1138 3309 1206 μόνος
3380 1138 3642 1191 ἁπάντων

2053 1229 2362 1300 ἐμπρέπειν
2389 1229 2601 1299 ἔλαχες.
2642 1230 2752 1283 Καὶ
2780 1230 2809 1282 ό
2846 1229 2945 1299 μέν
2970 1246 3056 1292 τις
3102 1229 3391 1297 περιπολεῖ
3410 1231 3480 1282 τὰ
3510 1227 3644 1282 ἀνά-

2056 1337 2249 1388 κτορα,
2277 1321 2374 1374 καὶ
2410 1320 2512 1384 τὰς
2540 1320 2812 1391 δημοσίας
2851 1321 2929 1391 τῷ
2961 1320 3175 1390 βασιλεῖ
3193 1321 3482 1391 φροντίδας
3510 1337 3640 1374 συν-

2054 1411 2374 1476 διατίθεται,
2440 1411 2504 1464 τὸ
2561 1411 2604 1464 δ’
2639 1411 2784 1479 ίερὺν
2817 1412 2926 1465 οὐδ’
2976 1412 3262 1480 ἐπέγνωκε
3301 1410 3486 1481 βῆμα·
3513 1411 3542 1462 ό
3593 1409 3639 1463 δ’

2057 1501 2276 1572 ἱερᾶται
2309 1504 2431 1573 μὲν,
2460 1505 2529 1571 τῇ
2566 1502 2626 1556 δέ
2649 1503 2902 1574 πολιτείᾳ
2937 1503 3230 1573 ἠγνόηται.
3287 1503 3357 1555 Σέ
3396 1502 3454 1555 δέ
3480 1502 3643 1571 μόνον

2056 1593 2166 1646 τῶν
2197 1593 2375 1648 ἄλλων
2396 1597 2429 1665 ἡ
2472 1595 2776 1666 σύγκλητός
2797 1611 2857 1648 τε
2899 1594 3084 1665 βουλὴ,
3108 1595 3204 1650 καὶ
3234 1595 3294 1648 τὸ
3322 1592 3469 1665 ἱερὸν
3486 1609 3648 1647 κατε-

2063 1687 2364 1760 μερίσαντο
2393 1688 2565 1760 βῆμα.
2606 1689 2771 1752 Ἴσως
2795 1687 2906 1760 γὰρ
2929 1689 2989 1742 ού
3016 1690 3190 1760 χωρεὶ
3220 1705 3281 1741 σε
3323 1686 3648 1758 τηλικοῦτον

2059 1780 2194 1836 ὄντα
2223 1780 2322 1852 μία
2350 1781 2452 1851 τῆς
2489 1781 2783 1851 Ῥωμαίων
2826 1779 3190 1855 ἐπικρατείας
3246 1783 3407 1852 μερίς
3435 1795 3452 1814 ·
3509 1779 3651 1833 ἀλλὰ

363 1872 512 1930 σθαι.
544 1873 676 1928 Δυσὶ¹
705 1873 765 1928 δέ
803 1872 954 1943 ὅμως
985 1871 1200 1936 τούτοις
1224 1872 1320 1928 τοῦ
1375 1875 1786 1945 ἐγχειρήματος
1823 1875 1958 1928 ἀνα-
1991 1865 2031 1922 Β
2055 1873 2135 1929 δεῖ
2165 1893 2224 1929 σε
2253 1877 2349 1930 καὶ
2382 1876 2585 1932 κανόνα
2615 1871 2755 1930 εἷναι
2802 1878 2870 1946 τῇ
2911 1875 3238 1946 Ἐκκλησία,
3262 1877 3360 1930 καὶ
3397 1875 3651 1945 στάθμην

364 1966 658 2037 στέλλομαι
697 1964 818 2036 ’τῷ
862 1982 920 2018 τε
955 1967 1065 2036 γὰρ
1122 1965 1344 2036 μεγέθει
1396 1966 1498 2037 τῆς
1550 1966 1745 2038 ἡδονῆς
1795 1965 1960 2035 ύφαι-

365 2058 565 2130 ροῦμαι
633 2055 810 2128 λάθρα
855 2056 951 2111 τοῦ
1002 2057 1163 2127 λόγου
1192 2057 1294 2127 τὴν
1341 2056 1602 2128 δύναμιν,
1639 2057 1736 2111 καὶ
1762 2056 1954 2128 ἕτερον

366 2150 670 2220 είσιτηριον
699 2146 815 2205 οἶδα
835 2148 930 2204 τὸν
960 2149 1320 2221 ύμνητήριον.
1358 2150 1516 2203 Ἔστι
1546 2150 1680 2218 γὰρ,
1729 2148 1847 2203 ἐστι
1871 2165 1955 2202 σοι

367 2245 540 2300 πολλὰ
565 2246 704 2316 πρὸς
730 2245 1167 2317 μεγαληγορίαν,
1208 2244 1440 2316 μέγιστε
1470 2243 1811 2314 νομοφύλαξ,
1860 2244 1958 2297 καὶ

370 2337 707 2408 πρωτέκδικε
725 2337 1060 2404 δικαιότατε,
1076 2335 1172 2390 καὶ
1187 2337 1562 2408 ὀρφανοτρόφε
1577 2335 1960 2405 λαμπρότατε,

371 2431 434 2484 τὸ
457 2430 622 2500 φῦναι
643 2429 741 2502 μέν
764 2431 1026 2499 εὐγενῶς,
1065 2430 1350 2502 τραφῆναι
1386 2429 1445 2484 δέ
1478 2430 1582 2484 ούκ
1604 2429 1842 2494 ἀναξίως
1863 2429 1960 2483 τοῦ

373 2522 562 2592 φῦναι,
619 2521 946 2592 τελεσθῆναι
987 2519 1045 2574 δὲ
1092 2521 1174 2584 είς
1222 2519 1448 2575 ἔπαινον
1509 2520 1604 2574 τοῦ
1653 2521 1957 2592 τραφῆναι.

371 2612 741 2683 Γραμματική
773 2628 832 2664 σε
857 2611 967 2682 γὰρ
1007 2608 1168 2673 εὐθὺς
1198 2613 1264 2664 ἐκ
1314 2610 1524 2665 παίδων
1560 2609 1962 2682 παραλαϐοῦσα

371 2704 480 2761 τῶν
514 2703 718 2774 ἑαυτῆς
742 2703 985 2774 χαρίτων
1018 2703 1312 2774 ἐνέπλησε,
1338 2703 1437 2756 καὶ
1487 2702 1794 2773 ποιήμασιν
1841 2704 1966 2756 ἐπι-

375 2795 592 2848 στατεϊν
665 2795 762 2848 καὶ
823 2792 1048 2865 μέτροις
1096 2792 1330 2860 ἐδίδαξει
1364 2792 1666 2863 Ῥητορικὴ
1711 2792 1768 2846 δέ
1822 2793 1964 2864 μετὰ

373 2886 581 2956 ταύτην
610 2884 769 2950 ὅλους
801 2885 1086 2950 Ἀττικοὺς
1119 2888 1451 2956 πρηστῆρας
1481 2887 1546 2955 τῇ
1589 2883 1805 2956 γλώττῃ
1846 2884 1965 2937 ἐνέ-

375 2994 584 3032 καυσεν
602 2993 615 3008 '
645 2978 721 3042 ὡς
745 2980 1022 3049 μάρτυρες
1055 2977 1108 3032 οἵ
1131 2993 1190 3030 τε
1223 2979 1288 3047 τῇ
1321 2977 1610 3047 καταφορᾷ
1634 2976 1804 3046 αὐτῆς
1825 2992 1968 3045 πυρ-

376 3070 724 3140 πολούμενοι,
750 3071 844 3125 καὶ
867 3073 934 3144 τῇ
967 3071 1258 3143 ύπερφορᾷ
1290 3066 1675 3138 φωτιζόμενοι.
1722 3067 1831 3121 Καὶ
1856 3068 1969 3123 Νο-

384 3163 524 3236 μικὴ
558 3165 701 3236 μετὰ
727 3165 936 3247 ταύτην
976 3164 1260 3234 ἐστόμωσε
1287 3179 1302 3194 ο
1341 3160 1440 3216 καὶ
1469 3160 1765 3230 Φιλοσοφία
1799 3158 1962 3215 ἐθεα-

381 3256 661 3329 γώγησεν.

384 3399 621 3456 labatur.
653 3397 912 3455 Praesenti
943 3416 1037 3471 ego
1070 3398 1339 3470 triumpho
1377 3398 1648 3468 antiquos,
1690 3396 1754 3450 de
1788 3397 1975 3468 quibus

381 3495 605 3550 historia
637 3496 955 3548 mentionem
986 3493 1139 3564 facit,
1167 3494 1343 3558 vinco,
1382 3501 1637 3564 quotquot
1665 3491 1978 3558 eloquentiae

384 3595 580 3652 mater,
614 3585 841 3649 Gracia,
867 3593 1121 3657 quotquot
1138 3587 1312 3656 prisca
1348 3583 1516 3656 Roma
1543 3582 1686 3648 tulit,
1720 3583 1979 3640 Catonem

386 3681 630 3750 inquam,
661 3678 950 3744 Cwsarem,
1009 3676 1238 3731 Brutum
1297 3686 1348 3731 et
1394 3675 1754 3731 Timoleonem
1793 3676 1983 3733 Corin-

385 3773 575 3826 thium.
607 3769 691 3826 Ibi
717 3772 858 3824 enim
891 3771 983 3840 qui
1015 3770 1072 3825 in
1101 3769 1296 3824 theatri
1320 3784 1534 3823 scenam
1569 3769 1853 3840 prodibant
1883 3787 1982 3841 pu-

384 3873 638 3937 gnatores
688 3865 1044 3936 confluebant,
1097 3861 1367 3916 alliciente
1409 3877 1496 3916 eos
1541 3863 1618 3915 rei
1675 3871 1978 3918 venustate.

386 3955 596 4011 Idcirco
643 3957 807 4010 etiam
844 3971 1007 4010 novus
1032 3954 1332 4009 sanationis
1357 3954 1545 4008 modus
1587 3955 1802 4024 azgrotis
1831 3954 1984 4008 adhi-

389 4051 540 4105 betur
571 4050 780 4106 :virtus
807 4058 1043 4103 mortuos
1073 4047 1394 4107 resuscitat;
1424 4045 1748 4100 desiderium
1775 4045 1982 4100 morbos

390 4148 444 4200 in
471 4146 744 4214 angustias
767 4144 934 4213 cogit;
967 4157 1134 4196 cacus
1153 4139 1216 4204 ﬁt
1242 4139 1497 4210 Lynceus.
1533 4139 1624 4208 qui
1652 4138 1768 4192 sine
1796 4154 1982 4205 manu,

395 4237 670 4301 Briarcus,
701 4236 927 4290 claudus
948 4233 1122 4290 evadit
1152 4241 1358 4302 rectus;
1401 4239 1580 4287 mutus
1600 4233 1656 4285 in
1686 4228 1984 4285 Stentorem

392 4331 687 4385 clamosum
717 4336 983 4383 mutatur.

461 4421 591 4490 Quis
622 4423 789 4494 igitur
816 4420 880 4474 de
911 4421 990 4475 his
1019 4419 1260 4474 omnibus
1302 4435 1408 4474 non
1447 4422 1700 4492 gaudebit
1736 4431 1787 4478 et
1825 4438 1990 4494 pane-

393 4515 597 4588 gyridis
643 4513 925 4586 praesidem
975 4514 1185 4583 hymnis
1239 4512 1574 4569 celebrabit?
1624 4515 1739 4586 Ego
1779 4516 1990 4588 quidem

2061 1970 2132 2039 τῇ
2160 1966 2407 2038 πολιτεία
2429 2009 2442 2033 ,
2481 1967 2579 2022 καὶ
2631 1966 2779 2022 λίθον
2811 1968 3217 2040 ἀκρογωνιαὶον
3247 1969 3317 2023 τὰ
3363 1968 3466 2038 τῆς
3514 1969 3655 2020 Ῥω-

2070 2060 2260 2132 μαϊδος
2292 2060 2636 2114 συνάπτοντα
2665 2061 2842 2134 μέρη,
2883 2063 3001 2128 καὶ,
3035 2061 3277 2126 συνόλως
3332 2061 3526 2130 φάναι,
3558 2061 3655 2128 βα-

2064 2153 2265 2205 σίλειον
2293 2153 2614 2222 ἱεράτευμα.

2138 2248 2238 2300 Διὰ
2266 2245 2429 2300 τοῦτό
2457 2262 2518 2299 σε
2546 2248 2642 2300 καὶ
2701 2244 2894 2308 Ἑλλὰς
2934 2247 2968 2317 ἠ
3022 2246 3462 2317 πολυθρύλλητος
3525 2243 3654 2314 ἔσχε

2071 2323 2335 2407 μέγιστον
2351 2339 2599 2409 ἡγεμόνα
2617 2355 2633 2371 ·
2665 2338 2926 2394 κάκεῖθεν
2983 2339 3354 2393 ἐπανελθόντα
3384 2339 3416 2408 ἡ
3443 2337 3654 2400 Βύζαν-

2067 2446 2159 2493 τος
2181 2431 2478 2500 ἐμερίσατο
2509 2449 2524 2465 ο
2552 2432 2650 2486 καὶ
2685 2431 2748 2485 τὸ
2801 2431 2903 2502 μέν
2951 2449 3044 2486 σου
3077 2432 3157 2503 τῷ
3197 2431 3403 2501 βήματι
3431 2431 3656 2495 δέδωκε,

2069 2519 2131 2574 τὸ
2178 2520 2236 2574 δέ
2282 2523 2350 2592 τῇ
2397 2520 2647 2595 πολιτείᾳ
2692 2525 2986 2594 νενέμηκε,
3021 2524 3119 2578 καὶ
3154 2523 3548 2585 ἀδιάσπαστον,
3581 2521 3659 2584 ὡς

2068 2613 2218 2665 εἴποι
2243 2628 2348 2677 τις,
2377 2603 2712 2669 διεσπάσατο
2742 2630 2758 2647 ⁸
2793 2616 2890 2670 καὶ
2937 2615 3022 2679 δὶς
3071 2618 3206 2686 ἡμῖν
3252 2615 3661 2686 ὀρφανοτρόφος

2067 2703 2337 2776 ἐκπέμπῃ
2366 2709 2522 2777 παρὰ
2553 2707 2650 2761 τοῦ
2683 2707 2954 2779 κραταιοῦ
2979 2707 3410 2778 αὐτοκράτορος.
3451 2706 3658 2775 Χαιρέ-

2067 2813 2150 2850 τω
2174 2798 2271 2867 μὲν
2303 2797 2396 2853 οὖν
2430 2801 2460 2852 6
2485 2801 2886 2868 ἀπεσταλκὼς,
2914 2802 3011 2855 καὶ
3039 2802 3180 2855 κατὰ
3212 2801 3518 2873 Βαρὸάρων
3577 2798 3662 2851 ἐτι

2071 2889 2170 2943 καὶ
2231 2890 2312 2943 έτι
2370 2894 2828 2964 τροπαιουχείτω,
2883 2893 3194 2948 διακόπτων
3246 2897 3302 2948 ἐν
3352 2892 3662 2964 παρατάξει

2069 2983 2316 3052 κεφαλὰς
2343 2984 2643 3050 δυναστῶν,
2664 2988 2760 3041 καὶ
2787 2987 2879 3042 τὸν
2909 2988 3046 3040 πόδα
3091 2987 3312 3056 βάπτων
3345 2985 3663 3054 ἀλλοφύλων

2067 3075 2127 3127 ἐν
2157 3075 2378 3145 αἵματι.
2407 3078 2662 3148 Χαιρέτω
2692 3079 2748 3132 δέ
2770 3080 2798 3132 ό
2825 3080 3181 3147 ἀποσταλεὶς,
3217 3081 3333 3145 καὶ,
3391 3079 3532 3150 μετὰ
3563 3078 3662 3131 τοῦ

2069 3165 2202 3219 εύὰν
2235 3167 2332 3221 καὶ
2380 3169 2489 3234 ζῶν
2546 3173 2645 3226 καὶ
2689 3171 3071 3243 διατιθέμενος
3092 3173 3192 3246 τὴν
3224 3173 3424 3246 ἀρχὴν,
3478 3171 3667 3241 διατη-

2071 3258 2275 3328 ρείσθω
2303 3265 2438 3334 ἡμῖν
2465 3264 2844 3338 πολυχρόνιος.

2077 3399 2404 3473 philosophia
2439 3413 2614 3460 autem
2649 3405 2756 3462 Deo
2785 3406 3249 3478 apprOpinquavit.

2152 3493 2350 3550 Sed'de
2371 3498 2451 3550 his
2492 3498 2700 3554 dicendi
2727 3517 2820 3553 nec
2852 3499 2994 3553 locus
3031 3515 3170 3552 nunc
3206 3513 3300 3552 nec
3326 3505 3526 3567 tempus
3567 3503 3666 3549 est.

2081 3587 2233 3654 Quod
2288 3597 2467 3643 autem
2506 3606 2611 3644 non
2659 3592 2834 3645 minus
2882 3589 2952 3646 ad
3007 3605 3140 3655 rem,
3200 3590 3303 3642 imo
3359 3584 3672 3657 panegyridi

2082 3684 2278 3751 optime
2295 3684 2554 3748 convenit,
2581 3683 2634 3736 id
2667 3682 2970 3736 memorabo
2996 3689 3054 3735 ut
3086 3683 3279 3736 harum
3310 3696 3488 3733 rerum
3518 3678 3674 3746 periti

2083 3791 2148 3828 ex-
2176 3790 2353 3847 ungne
2379 3775 2579 3830 leonem
2609 3785 2948 3844 cognoscant.
2990 3773 3122 3830 Cum
3158 3775 3300 3827 enim
3327 3788 3479 3825 omne
3511 3772 3676 3840 impe—

2086 3871 2224 3924 rium
2261 3868 2478 3938 duplex,
2509 3867 2922 3924 ecclesiasticum
2953 3874 3002 3920 et
3038 3867 3262 3934 regium,
3296 3873 3352 3917 tu
3380 3862 3522 3916 solus
3560 3875 3648 3913 am

2085 3963 2245 4017 bobus
2292 3962 2600 4031 satisfacere
2643 3962 2888 4014 inretitus
2933 3975 3007 4014 es.
3045 3957 3196 4011 Alius
3241 3957 3453 4026 quidem
3501 3953 3675 4022 regias

2085 4055 2271 4109 domus
2313 4056 2537 4109 custodit
2577 4061 2628 4107 et
2677 4053 2886 4124 publica
2931 4053 3042 4122 regi
3078 4050 3290 4119 negotia
3339 4057 3463 4100 ante
3497 4043 3675 4098 oculos

2087 4153 2269 4223 ponit;
2301 4147 2442 4204 alius
2469 4146 2706 4201 tribunal
2732 4145 3148 4200 ecclesiasticum
3179 4159 3243 4196 ne
3266 4142 3407 4195 novit
3431 4139 3675 4205 quidem;

2087 4249 2228 4304 alius
2258 4244 2470 4300 ordines
2515 4241 2723 4312 recipit,
2759 4257 2792 4294 a
2838 4237 3141 4310 reipublica’
3175 4251 3295 4289 vero
3337 4234 3681 4288 administra-

2089 4345 2231 4399 tione
2274 4339 2480 4396 alienus
2530 4344 2627 4391 est.
2677 4333 2744 4389 Te
2791 4349 2855 4387 ex
2903 4331 3144 4385 omnibus
3181 4345 3344 4382 unum
3395 4335 3681 4395 utrumque

2093 4435 2328 4491 tribunal
2357 4433 2456 4489 sibi
2489 4428 2799 4487 vindicavit.
2835 4425 2905 4481 Te
2931 4426 3072 4480 enim
3105 4424 3176 4478 ad
3213 4439 3412 4493 magna
3452 4423 3685 4473 destina-

2095 4540 2209 4585 tum
2239 4537 2290 4583 et
2321 4540 2550 4581 canones
2581 4519 2833 4574 Ecclesia!
2862 4527 2909 4572 et
2927 4517 3155 4571 codicem
3185 4513 3388 4570 civilem
3413 4514 3683 4582 cognitum

396 4623 576 4664 omnes
607 4606 710 4661 uiri
735 4605 956 4660 uirtutes
989 4621 1304 4675 percurrere
1327 4615 1377 4660 et
1411 4608 1646 4679 undique
1685 4607 1897 4663 laudem
1934 4613 1982 4666 ei
2013 4645 2059 4701 ι)
2092 4629 2280 4689 habere
2335 4620 2526 4675 ειεαιίε,
2589 4619 2656 4669 Te
2708 4612 2941 4682 lapidem
2989 4607 3329 4680 angularem,
3381 4615 3429 4661 te
3464 4619 3684 4676 regnum

395 4700 679 4756 corradere
706 4697 1003 4767 plurimum
1033 4697 1296 4752 desidero.
1331 4699 1436 4754 Sed
1460 4702 1669 4773 utrique
1700 4703 1984 4768 renuntio;

396 4811 508 4866 prie
535 4793 730 4864 gaudio
758 4790 900 4845 enim
930 4790 1088 4844 verba
1118 4805 1240 4845 mea
1270 4807 1375 4846 non
1405 4793 1538 4846 satis
1564 4794 1729 4864 fortia
1758 4805 1904 4861 sunt,
1937 4805 1989 4851 et

396 4891 712 4960 hymnorum
765 4887 1130 4940 canendorum
1179 4884 1278 4940 alii
1331 4901 1461 4940 cura
1511 4894 1608 4940 est.
1665 4886 1777 4941 Tibi
1824 4888 1987 4957 enim,

399 4984 633 5038 maxime
663 4979 1043 5052 nomophylax,
1077 4980 1344 5033 causidice
1381 4981 1695 5050 iustissime,
1729 4981 1994 5052 orphano-

403 5075 586 5144 trophe
639 5073 996 5134 celeberrime,
1044 5072 1283 5142 contigit,
1315 5073 1462 5127 nasci
1495 5071 1662 5126 nobili
1701 5070 1834 5140 loco,
1866 5073 1994 5127 edu-

402 5170 516 5224 cari
547 5168 698 5232 item,
728 5174 778 5220 et
815 5167 892 5222 sic
920 5166 1156 5235 undique
1201 5165 1362 5220 laude
1389 5165 1677 5222 cumulari.
1713 5165 1782 5220 Te
1815 5181 1995 5236 gram-

404 5264 603 5318 matica
657 5277 882 5332 puerum
947 5258 1222 5330 splendide
1278 5259 1532 5327 instituit,
1580 5261 1724 5330 poesi
1780 5261 1992 5323 imbuit,

404 5368 650 5410 numeros
699 5355 1016 5425 rhythmicos
1071 5351 1298 5406 edocuit.
1336 5350 1616 5406 Rhetorica
1662 5360 1846 5422 postea
1898 5350 2000 5405 lin-

407 5464 572 5520 guam
612 5456 760 5502 tuam
805 5446 927 5516 igne
981 5444 1153 5499 Attico
1197 5443 1436 5498 accendit
1463 5450 1513 5496 et
1554 5442 1625 5496 ad
1650 5443 1997 5513 quodcunque

405 5542 613 5597 dicendi
651 5556 714 5595 ac
742 5539 868 5611 styli
903 5553 1066 5610 genus
1107 5537 1358 5592 idoneum
1386 5552 1450 5590 ac
1489 5545 1794 5606 promptum
1829 5535 2003 5588 reddi-

407 5638 506 5692 dit.
547 5633 709 5706 Leges
759 5632 951 5688 deinde
997 5629 1257 5686 condendi
1298 5628 1519 5685 scientia
1564 5627 1821 5682 disertum
1855 5627 1999 5696 fecit,

487 5750 535 5784 ³⁸
567 5749 590 5805 Ι
621 5747 773 5804 Petr.
798 5761 860 5811 ιι,
878 5745 936 5804 6.

481 5867 598 5943 (50)
625 5862 786 5925 Gaul.
813 5863 879 5923 D.
902 5862 1189 5932 Basilium,
1219 5857 1289 5914 ad
1321 5853 1617 5916 Maximum
1644 5851 1834 5923 philos.

2089 4719 2255 4780 simul
2286 4734 2349 4772 ac
2381 4710 2736 4770 sacerdotium
2754 4705 2802 4739 ⁸⁸
2818 4715 2996 4760 tenere
3025 4704 3081 4768 in
3120 4703 3247 4772 fatis
3278 4700 3399 4770 fuit.

2161 4815 2315 4871 Hanc
2377 4807 2437 4862 ob
2493 4818 2716 4860 causam
2763 4799 2966 4856 Grazcia
3016 4795 3243 4850 illustris
3289 4808 3338 4846 te
3389 4793 3685 4845 maximum

2089 4909 2274 4964 ducem
2299 4903 2502 4967 habuit,
2535 4907 2583 4954 et
2612 4894 2924 4967 Byzantium
2955 4899 3137 4961 postea
3163 4887 3391 4960 possedit
3415 4893 3462 4938 et
3496 4883 3671 4937 indivi-

2097 5003 2264 5056 duum
2294 5000 2435 5053 inter
2467 4991 2761 5047 Ecclesium
2795 4998 2843 5043 et
2877 4983 3390 5041 administrationem
3425 4977 3683 5038 diuisit,es

2097 5095 2173 5149 bis
2194 5087 2682 5162 orphanotrophum
2707 5082 2938 5136 instituit
2959 5081 3250 5148 imperator
3269 5071 3683 5144 potentissimus.

2095 5185 2338 5244 Gaudeat
2363 5183 2528 5254 igitur
2565 5177 2655 5249 qui
2687 5182 2736 5228 te
2757 5173 2921 5236 misit,
2955 5178 3005 5224 et
3032 5169 3093 5221 de
3119 5166 3372 5220 Barbaris
3405 5162 3685 5232 triumphet

2095 5279 2309 5342 iterum,
2335 5273 2514 5343 capita
2537 5275 2915 5338 usurpatorum
2941 5261 3258 5314 obtruncant
3285 5265 3331 5309 et
3359 5255 3686 5324 alienigena-

2097 5387 2220 5425 rum
2247 5367 2400 5438 pedes
2446 5362 2706 5433 sanguine
2757 5357 3056 5426 baptizans.
3111 5349 3354 5405 Gaudeat
3389 5351 3554 5401 etiam
3595 5343 3689 5415 qui

2098 5466 2286 5519 missus
2307 5466 2449 5516 estet
2471 5473 2589 5514 cum
2609 5451 2863 5527 felicitate
2887 5448 3060 5504 vivens
3077 5463 3139 5502 ac
3163 5459 3393 5517 regnans
3416 5441 3505 5496 diu
3539 5439 3690 5496 nobis

2097 5555 2326 5614 intersit.
