4078 6394
447 349 470 414 i
485 349 593 413 275

1643 339 2050 405 THEODORI
2086 340 2498 402 PRODROMI

522 464 886 542 Sequentes
919 475 1166 532 versus,
1199 466 1268 522 ut
1303 457 1598 538 ejusdem
1631 475 1779 521 cum
1817 455 2093 536 epistola
2137 456 2528 536 argumenti,
2563 450 3033 517 subnectimus.

445 607 562 664 Τοῦ
603 605 790 661 αὐτοῦ
841 605 1224 675 πρωτεκόικῳ
1257 604 1354 658 και
1408 603 1817 675 νομοφύλακι,
1872 597 2033 668 κυρῷ
2059 577 2111 638 Α
2149 581 2236 675 ὀς
2265 581 2463 641 σκεῦος
2488 579 2683 675 ἀργὸν,
2704 578 2779 675 ὡς
2811 577 3090 675 Extincto?
3118 569 3366 675 φορξίονο

525 677 766 802 ’.ζέε-είς)
789 675 872 743 τῷ
889 674 1256 746 ⁸Αριστηνῷ,
1280 675 1376 741 δὶς
1402 674 1830 744 ὀρφανοτρόφῳ
1860 685 2034 740 γενο-

525 767 554 802 u
629 766 697 802 ω.

506 766 697 818 per-qs.

441 865 508 918 Τί
541 865 671 934 φῂς,
707 863 736 917 ό
757 861 1148 933 λαμπρότατος
1173 859 1608 930 ὀρφανοτρόφος,

442 958 510 1010 Τί
546 959 674 1029 φῂς,
701 958 729 1009 ὁ
753 955 992 1027 βραϐεὺς
1018 957 1118 1025 τῆς
1146 953 1304 1023 δίκης
1329 954 1425 1006 καὶ
1473 951 1570 1004 τοῦ
1612 950 1812 1015 νόμου,

454 1049 548 1115 Ἐξ
580 1043 658 1103 ὧν
679 1050 740 1102 τὸ
763 1049 1000 1120 πρᾶγμα
1033 1047 1128 1102 καὶ
1149 1047 1520 1115 παρωνόμαοέ
1559 1044 1674 1115 (51)
1705 1058 1765 1095 σε
1793 1055 1811 1074 ο

455 1141 824 1212 ’Υμνησάμην
862 1156 924 1194 σε
951 1139 1146 1210 πρῶτα
1182 1137 1337 1208 πεζῷ
1371 1136 1449 1207 τῷ
1479 1137 1622 1206 λόγῳ
1643 1151 1656 1166 ⁸

445 1233 623 1304 Εἴπερ
663 1231 852 1286 καλεῖν
881 1230 990 1302 χρὴ
1016 1231 1146 1293 τοὺς
1179 1229 1346 1298 ἐμοὺς
1383 1228 1578 1295 λόγους
1606 1223 1824 1292 λόγους,

457 1322 600 1376 Ἀλλ’
628 1323 752 1392 οὐχὶ
776 1323 979 1393 λήρους
1012 1321 1111 1376 καὶ
1144 1319 1338 1383 κενοὺς
1369 1316 1618 1388 γλώττης
1649 1315 1885 1387 ψόφους,

449 1417 544 1478 Εἰς
573 1415 747 1484 ἀκοῆς
785 1414 1005 1485 δχλημα
1029 1412 1385 1482 γλωσσαλγου
1396 1410 1616 1480 μένους,

461 1506 550 1570 Ὠς
574 1506 861 1576 ἀλογίστου
889 1506 1120 1578 καρδίας
1153 1503 1565 1576 προηγμένους.

461 1598 823 1669 Ἐμελψάμην
843 1615 905 1651 σε
932 1597 1188 1668 δεύτερον
1223 1595 1574 1666 σχεδουργίᾳ,

449 1687 542 1755 Τῷ
578 1688 957 1760 γραμματικῷ
987 1687 1378 1758 λαϐυρινθώδει
1410 1686 1568 1757 νόμῳ
1595 1725 1610 1740 .

448 1780 631 1852 Τιμᾷν
659 1781 769 1851 γὰρ
800 1780 976 1848 ἔγνων
998 1780 1098 1850 τὴν
1130 1780 1305 1850 σοφὴν
1335 1777 1664 1849 παροιμίαν,

447 1872 579 1939 Τὴν.
607 1871 704 1938 Δις
745 1871 816 1927 τὰ
853 1872 1013 1927 καλὰ
1050 1873 1166 1943 (52)
1185 1911 1201 1938 ,
1235 1873 1332 1925 καὶ
1361 1872 1444 1934 δὶς
1471 1869 1752 1942 ὲξύμνησά
1780 1886 1862 1932 σε,

448 1963 516 2016 Τί
554 1961 689 2032 γοῦν
724 1964 996 2035 μενοῦμεν
1027 1966 1158 2035 ἄχρι
1183 1963 1393 2018 τούτων
1427 1962 1615 2019 τοῦδε.

446 2048 520 2106 *Ω
563 2055 741 2111 πάντα
771 2055 1022 2111 πλουτῶν
1042 2059 1108 2111 ἐκ
1137 2056 1276 2110 Θεοῦ
1299 2056 1369 2110 τὰ
1393 2055 1611 2126 βελτίω,

453 2143 678 2214 Ἀριστε
713 2145 898 2214 φύσιν,
929 2145 1113 2214 ἀξίαν,
1139 2146 1316 2215 γένος,
1358 2147 1520 2215 λόγον
1553 2145 1703 2216 (sic),

449 2238 561 2290 Καὶ
589 2237 882 2309 κλείσομεν
903 2239 997 2294 τὸν
1022 2239 1192 2310 ὕμνον
1217 2241 1274 2294 ιν
1295 2240 1508 2302 τούτοις
1534 2240 1756 2310 μόνοις;

463 2329 605 2384 Ἀλλ’
651 2331 702 2384 oi
742 2331 916 2402 στίχοι
951 2331 1078 2395 ποῦ,
1105 2333 1201 2386 καὶ
1228 2332 1288 2386 τὸ
1309 2332 1404 2386 τοῦ
1434 2331 1636 2402 μέτρου
1667 2329 1871 2402 κράτος

453 2424 563 2477 Καὶ
595 2422 658 2478 τὸ
683 2424 858 2492 γλυκὺ
884 2427 1140 2497 κρότημα
1180 2426 1280 2496 τῆς
1299 2425 1620 2496 Καλλιόπης
1642 2441 1659 2491 ;

453 2516 526 2568 ‘H
551 2517 645 2570 καὶ
683 2517 833 2570 δοκεῖ
872 2536 964 2588 μοι
992 2518 1374 2590 δυσχεραίνειν
1403 2516 1595 2584 ἀξίως,

455 2608 569 2660 Καὶ
597 2608 963 2678 σχετλιάζειν,
995 2609 1184 2681 ὥσπερ
1219 2610 1554 2681 ἠδικημένη,

453 2700 563 2753 Καὶ
587 2701 684 2771 τὴν
719 2703 1115 2776 περιφρόνησιν
1142 2705 1204 2758 ού
1233 2703 1442 2773 τλητῶς
1479 2702 1670 2774 φέρειν
1702 2718 1718 2732 ·

453 2791 627 2861 Εἴπερ
678 2793 868 2863 σχέδος
901 2796 1001 2866 μὲν
1051 2798 1149 2850 καὶ
1174 2795 1334 2865 λόγου
1366 2795 1534 2859 πεζοῦ
1562 2794 1750 2863 φύσις,

451 2880 728 2952 Συνῆλθον
748 2886 830 2948 εἰς
857 2885 916 2940 ἓν
951 2885 1044 2940 καὶ
1077 2886 1497 2958 συνυμνήσαντό
1529 2903 1612 2952 σε,

451 2973 602 3045 Αὕτη
633 2977 691 3032 δὲ
723 2978 882 3050 σιγὴν
912 2981 1147 3051 ἐσχάτην
1182 2980 1509 3051 κατεκρίθη,

453 3059 567 3122 Κᾶὶ
589 3070 688 3140 τῆς
725 3072 924 3145 ἑορτῆς
949 3073 1058 3127 τῶν
1083 3073 1269 3145 θυρῶν
1301 3073 1611 3146 ἀπερμφη,

454 3280 716 3354 Ejusdem
763 3282 1083 3353 protecdico
1116 3293 1172 3339 et
1212 3284 1598 3356 nomophylaci
1636 3282 1872 3356 domino
1923 3279 2042 3336 Ari-

795 3363 980 3420 steno,
1007 3355 1210 3410 iterum
1249 3355 1729 3426 orphanOtropho.

2148 673 2362 736 Ἀλλως
2391 690 2450 728 τε
2481 672 2578 726 καὶ
2605 669 2722 732 πῶς
2747 670 2776 723 δ
2815 664 3168 738 Σταγειρίτου
3193 664 3354 731 λόγος
3386 674 3404 692 ο

2144 763 2308 830 Οἶδας
2334 765 2426 820 τὸν
2461 765 2654 835 ἄνδρα,
2687 761 2920 833 καὶγὰρ
2951 756 3234 830 ὲστόμωσέ
3259 772 3320 810 σε
3352 767 3368 784 ⁸

2143 860 2258 912 Ούκ
2297 857 2363 912 ἂν
2386 857 2625 925 σεϐασθῇ
2650 855 2745 910 καὶ
2780 856 2920 924 φανῇ
2948 852 3230 923 τιμητέος,

2143 948 2310 1019 Ὅρον
2339 949 2513 1016 λέγων
2538 947 2853 1016 σύμπαντος
2879 940 3019 998 εἶναι
3045 943 3113 996 τὰ
3135 939 3263 1012 τρία
3302 938 3440 1009 (55),

2144 1039 2269 1102 Πῶς
2299 1039 2346 1091 δ’
2373 1039 2432 1091 ού
2467 1037 2529 1091 τὸ
2558 1035 2741 1107 τρίτον
2767 1036 2878 1088 τῶν
2906 1034 3144 1088 ἐπαίνων
3174 1031 3411 1102 ἁρμόσει

2145 1131 2268 1184 Τῶν
2296 1130 2464 1196 ἀξίων
2489 1145 2585 1182 σου
2620 1127 2700 1197 τῷ
2721 1124 3070 1198 τρισαρίθμῳ
3105 1123 3314 1196 μέτρῳ,

2142 1215 2296 1273 Ἷσον
2333 1219 2469 1291 πρὸς
2501 1217 2620 1272 ἴσον
2651 1219 2830 1281 ίσὰκις
2860 1216 3280 1287 πεπλεγμένον;

2145 1313 2212 1366 Τί
2235 1313 2279 1365 δ’
2303 1313 2400 1383 οὐχ
2435 1315 2462 1366 ό
2491 1311 2724 1376 Παῦλος,
2754 1309 2850 1364 τοῦ
2883 1308 3018 1364 Θεοῦ
3057 1325 3160 1376 μου
3189 1307 3250 1362 τδ
3283 1308 3480 1378 στόμα,

2158 1406 2246 1459 Ἐν
2275 1406 2440 1459 παντί
2470 1423 2635 1476 φησιν
2664 1403 3023 1475 εὐχαριστίαν
3049 1402 3239 1470 νέμειν
3269 1416 3286 1466 ;

2145 1499 2271 1563 Πῶς
2299 1498 2393 1552 οὖν
2425 1498 2539 1567 ἐγώ
2577 1515 2682 1565 σοι,
2709 1499 2786 1567 τῷ
2815 1495 2967 1567 σοφῷ
2989 1494 3374 1566 πρωτεκδίκῳ,

2147 1594 2221 1648 Ού
2257 1593 2423 1646 παντὶ
2453 1591 2672 1656 πάντως
2700 1590 3088 1660 εύχαριστήσω
3111 1588 3320 1659 τρόπῳ,

2149 1685 2224 1738 Oi:
2249 1686 2410 1738 παντὶ
2443 1684 2648 1756 μέτρῳ,
2690 1683 2787 1738 καὶ
2826 1682 3001 1753 πλοκῇ
3031 1681 3236 1744 παντὸς
3256 1681 3419 1750 λόγου
3445 1697 3460 1746 ;

2222 1773 2384 1838 Ἴσως
2414 1775 2513 1845 μὲν
2532 1770 2626 1828 οὖν
2665 1790 2768 1845 μου
2799 1774 2894 1826 καὶ
2927 1769 3247 1840 καταγνῷέν
3279 1787 3446 1835 τινες,

2151 1868 2262 1920 Καὶ
2292 1866 2554 1938 φορτικὸν
2583 1866 2934 1936 φθέγξαιντο,
2971 1865 3069 1919 καὶ
3098 1865 3255 1932 φαῖεν
3281 1863 3468 1929 λάλον,

2073 1941 2119 1998 Β
2149 1959 2365 2030 Ὠσπερ
2392 1958 2752 2029 θεατρίζοντα
2773 1958 2898 2022 τοὺς
2931 1957 3100 2027 ἐμοὺς
3135 1955 3353 2024 λόγους,

2147 2049 2277 2115 Καὶ,
2319 2050 2551 2121 μηδενὸς
2573 2049 2870 2112 καλοῦντος
2901 2047 3086 2114 αὐτὸν,
3119 2046 3349 2103 αὐτόθεν

2143 2141 2356 2213 Χοροὺς
2395 2141 2621 2196 θέλοντα
2661 2141 2758 2196 καὶ
2789 2141 3132 2211 πανηγύρεις
3159 2139 3406 2194 πλέκειν.

2142 2235 2233 2305 Τῷ
2259 2235 2304 2288 δ’
2329 2233 2677 2308 Ἱπποκλείδῃ
2702 2232 2870 2287 τῶνδε
2909 2234 2984 2302 μὴ
3014 2231 3368 2304 φροντιστέον
3394 2231 3507 2303 (54)
3539 2247 3554 2261 ’

2142 2329 2286 2392 Ἕως
2321 2328 2388 2382 ἂν
2413 2328 2524 2399 είδῇ
2559 2329 2635 2399 μὴ
2670 2327 2832 2399 κενῆς
2855 2325 3014 2396 δόξης
3037 2325 3222 2396 χάριν,

2142 2419 2373 2474 Πλέκειν
2405 2418 2496 2470 τὸν
2523 2413 2698 2483 αἶνον,
2727 2417 3041 2489 εὐχαρίστῳ
3073 2417 3130 2470 δὲ
3154 2416 3362 2486 τρόπῳ.

2153 2509 2295 2564 Ἀλλ’
2317 2509 2472 2563 ἐνθεν
2499 2509 2658 2581 ἄθρει
2689 2515 2784 2563 καὶ
2815 2511 3016 2579 στίχων
3050 2509 3250 2579 καινὴν
3283 2509 3484 2579 μάχην.

2145 2605 2257 2658 Καὶ
2280 2605 2390 2674 γὰρ
2431 2604 2688 2657 συνελθὸν
2708 2599 2810 2658 ὦδε
2841 2605 2950 2657 πᾶν
2980 2604 3184 2673 μέτρου
3207 2604 3383 2671 γένος,

2146 2700 2316 2769 Κοινῇ
2344 2697 2434 2750 τὸν
2463 2696 2635 2767 θμνον
2667 2696 3105 2768 συμμερίζεσθαι
3148 2695 3313 2750 θέλει.

2159 2787 2372 2858 Ἰαμϐὶς
2404 2786 2523 2857 (sic)
2563 2787 2715 2840 ἔνθεν
2750 2787 2969 2842 ἵσταται
2996 2788 3304 2860 Καλλιόπη,

2156 2880 2356 2948 Ἢρωῒς
2380 2879 2534 2933 ἔνθεν
2556 2882 2590 2950 ἡ
2624 2878 2764 2951 σοφὴ
2795 2880 3168 2953 μυθογράφος,

2147 2974 2258 3028 Καὶ
2293 2976 2442 3028 πᾶσα
2465 2973 2670 3045 κύκλῳ.
2697 2975 2808 3027 Καὶ
2833 2975 2956 3028 τίνα
2980 2973 3205 3047 πρώτην
3227 2976 3411 3045 λά6ω;

2146 3067 2282 3122 Μῶν
2306 3066 2406 3136 τὴν
2436 3066 2830 3136 Ἀνακρέοντος
2854 3084 2870 3136 ;
2896 3067 3010 3120 ἀλλ’
3038 3070 3255 3122 ἐναντία

2140 3279 2273 3348 festo
2311 3278 2448 3332 sicut
2477 3294 2570 3332 vas
2601 3275 2810 3343 inutile,
2859 3286 2918 3330 ut
2959 3293 3092 3332 onus
3123 3278 3511 3334 incommodum
3541 3281 3732 3338 δασείας

2141 3373 2303 3427 ditur.
2340 3371 2501 3426 Aliud
2549 3371 2760 3443 quidem
2792 3371 3130 3442 philosophus
3157 3369 3419 3442 Stagirita
3459 3375 3587 3428 dicit
3619 3377 3724 3447 (oi-

528 3467 665 3533 Quid
719 3468 879 3533 dicis,
943 3469 1305 3524 illustrissime
1363 3469 1841 3540 orphanotrOphe?
1898 3445 2034 3534 Quid
2061 3473 2105 3534 α
2141 3483 2258 3520 rum
2295 3467 2516 3530 novisti,
2551 3467 2744 3538 quippe
2790 3467 2881 3536 qui
2919 3474 2970 3519 te
2999 3466 3244 3522 doctrina
3282 3484 3382 3522 sua
3433 3445 3646 3540 imbuit)
3679 3478 3733 3524 et

455 3559 758 3627 respondes,
798 3560 940 3628 juris
989 3567 1040 3613 et
1093 3560 1268 3629 legum
1307 3562 1509 3615 arbiter
1538 3604 1554 3626 ,
1595 3563 1734 3632 quod
1765 3572 2046 3630 utrumque

456 3665 648 3703 nomen
699 3649 792 3703 tibi
831 3651 990 3720 fecit?
1038 3650 1197 3705 Prius
1227 3653 1458 3722 pedestri
1497 3664 1552 3707 te
1591 3670 1835 3707 sermone
1857 3653 2050 3722 praedi-

456 3740 595 3806 cavi,
641 3741 779 3810 justi
813 3741 860 3794 si
915 3743 1176 3797 sermonis
1223 3745 1432 3798 nomine
1489 3745 1631 3799 dicta
1666 3761 1782 3799 mea
1818 3743 2049 3814 proferri

457 3840 700 3901 possunt,
759 3848 853 3885 nec
901 3834 1078 3902 potius
1133 3850 1288 3904 nugae
1340 3851 1404 3889 ac
1461 3837 1596 3890 navi
1631 3844 1755 3890 sunt
1804 3835 2046 3890 habenda

458 3923 644 3977 otiosa:
678 3921 896 3994 linguas,
925 3941 1044 3995 qua:
1071 3928 1295 3981 auribus
1323 3944 1442 3982 cum
1471 3927 1716 3982 molestia
1741 3928 2048 3998 obstrepunt

458 4021 511 4067 et
561 4013 733 4068 cordis
768 4014 909 4068 male
969 4017 1090 4069 sani
1145 4017 1511 4073 testimonium
1561 4018 1809 4074 reddunt.
1852 4017 2047 4073 Postea

455 4103 663 4171 scriptis
715 4113 764 4157 te
811 4105 1133 4160 carminibus
1189 4107 1410 4161 laudavi
1458 4107 1745 4162 secundum
1799 4125 2046 4163 normam

459 4195 940 4264 grammaticorum
994 4199 1298 4268 confusam.
1355 4198 1566 4253 Dictum
1609 4201 1752 4272 enim
1791 4199 1931 4254 illud
1959 4216 2049 4253 sa-

459 4287 673 4356 pientia:
701 4326 716 4351 ,
753 4286 842 4340 Bis
899 4289 954 4342 in
1003 4277 1304 4358 pulchrum,
1349 4291 1612 4344 honorare
1651 4290 1832 4354 didici,
1878 4300 1927 4344 et
1969 4290 2046 4344 bis

461 4376 676 4431 laudem
723 4385 871 4432 tuam
927 4379 1282 4451 promulgavi.
1321 4379 1434 4436 Cur
1473 4383 1637 4452 igitur
1677 4383 1850 4437 media
1882 4384 2045 4438 invia

458 4472 740 4536 stabimus,
787 4475 868 4526 vir
903 4475 1094 4542 Optime
1153 4474 1351 4538 indole,
1385 4475 1663 4544 dignitate,
1692 4491 1903 4545 genere,
1933 4475 2045 4530 elo-

460 4563 704 4628 quentia,
763 4564 846 4616 cui
896 4565 1368 4633 prwstantissimas
1405 4563 1546 4618 Deus
1574 4565 1788 4620 divitias
1824 4566 2047 4623 tribuit?

461 4650 573 4705 Cur
633 4652 888 4722 hymnum
936 4655 1305 4724 imperfectum
1358 4653 1765 4726 relinquemus?
1817 4655 1921 4711 Sed
1959 4657 2046 4711 ubi

460 4751 583 4798 sunt
633 4759 816 4800 versus
869 4747 1160 4810 numerosi,
1212 4746 1300 4800 ubi
1328 4748 1483 4801 metri
1517 4750 1715 4818 gratia,
1759 4749 1848 4802 ubi
1879 4747 2045 4803 dulcis

363 4869 402 4912 ,ι
461 4832 730 4906 CalliOpes
771 4835 1108 4907 applausus!
1146 4836 1270 4894 (hec
1303 4837 1446 4893 enim
1491 4839 1590 4894 dea
1621 4842 1746 4896 mihi
1769 4841 1896 4911 jure
1919 4858 2048 4912 quo-

460 4925 585 4980 dam
623 4926 1023 4999 indignabunda
1067 4945 1176 4984 esse
1197 4930 1406 4985 videtur
1435 4938 1486 4986 et
1513 4932 1709 5001 o/fensa
1740 4948 1880 5002 cegre
1908 4933 2048 5002 ferre

461 5026 845 5090 contemptum.
877 5019 1020 5074 Dum
1052 5022 1191 5076 enim
1221 5029 1314 5075 tua
1343 5021 1461 5076 laus
1488 5023 1696 5092 scriptis
1727 5031 1778 5076 et
1809 5023 2046 5079 recitatis

461 5111 786 5167 carminibus
845 5123 1080 5180 resonat,
1124 5115 1241 5184 ipsa
1295 5112 1507 5168 silentio
1563 5117 1950 5184 pratermissa,
2011 5135 2044 5172 α

1757 5199 1774 5224 θ

466 5319 647 5442 (agit)
678 5323 886 5381 Alludit
911 5324 979 5380 ad
1001 5325 1220 5381 titulum
1270 5325 1572 5382 Protecdici
1617 5333 1674 5382 ct
1735 5321 2045 5398 Nomophyo

491 5407 632 5445 acu.

535 5463 654 5533 (52)
679 5464 1043 5521 Proverbinm
1077 5465 1251 5533 [quod
1287 5463 1566 5521 chobius
1606 5465 1688 5520 sic
1711 5462 1870 5519 alert
1905 5465 2040 5528 εΔὶς

465 5531 561 5582 καὶ
587 5533 708 5606 ep};
754 5535 1037 5606 ἐδ-καλόν.
1066 5531 1254 5606 ,Οὕτω
1279 5535 1384 5606 χρὴ
1416 5536 1548 5606 περὶ
1582 5534 1692 5588 τῶν
1715 5533 1914 5606 καλῶν*
1950 5533 2039 5606 λέτ

465 5615 605 5674 γειν.
626 5601 790 5657 Coni.
809 5601 1014 5660 Zenob.
1040 5605 1232 5674 Adag.,
1252 5601 1467 5659 céhtur.
1492 5601 1580 5669 in,
1605 5603 1865 5674 adag.33.
1891 5603 2048 5673 Apud

471 5668 750 5727 Platonem
808 5688 919 5727 non
974 5668 1452 5731 semel'o'ccurrit.
1496 5668 1658 5729 (Iani.
1707 5668 1951 5727 Platonﬁ
1985 5675 2042 5727 in

470 5735 685 5809 Gorgia.
729 5742 860 5798 edit.
894 5743 1055 5800 Mart.
1086 5743 1425 5813 Jos.Routh,
1457 5743 1616 5800 Oson
1679 5742 1838 5811 1784,
1870 5742 1898 5814 ς
1949 5743 2039 5810 42,

2149 3557 2410 3628 quomodo
2441 3573 2546 3611 non
2578 3559 2775 3612 honore
2800 3565 2849 3611 et
2877 3556 3236 3612 admiratione
3263 3559 3456 3630 dignus
3485 3561 3735 3615 videatur

2149 3648 2328 3703 dicens
2375 3648 2432 3703 in
2479 3649 2646 3703 tribus
2698 3649 2850 3703 rebus
2907 3651 3144 3704 omnium
3192 3650 3355 3718 ﬁnem
3403 3655 3736 3710 consistere?

2152 3738 2423 3804 Quomodo
2449 3758 2607 3812 porro
2637 3741 2852 3796 tertium
2878 3750 3046 3796 metro
3066 3741 3264 3814 triplici
3298 3742 3518 3798 laudum
3541 3745 3733 3815 quibus

2151 3832 2346 3901 dignus
2375 3849 2450 3897 es,
2476 3850 2581 3888 non
2611 3834 2964 3903 respondebit,
2993 3835 3188 3905 quippe
3211 3836 3350 3906 quod
3381 3836 3583 3890 similia
3609 3854 3727 3892 cum

2147 3922 2405 3978 similibus
2429 3923 2763 3994 cquabiliter
2798 3925 3116 3996 conjungit?
3148 3925 3338 3980 Nonne
3381 3925 3608 3992 Paulus,
3636 3923 3734 3984 Dei

2149 4015 2254 4070 mei
2299 4032 2377 4076 os,
2411 4025 2625 4086 gratum
2657 4017 2712 4070 in
2759 4015 3000 4070 omnibus
3027 4017 3269 4070 animum
3316 4019 3560 4072 exhibere
3586 4035 3732 4088 pra:-

2147 4107 2364 4162 scribit?
2408 4105 2684 4172 Quomodo
2723 4107 2886 4177 igitur
2921 4121 3015 4176 ego
3039 4107 3154 4172 tibi,
3183 4107 3576 4177 sapientissime
3607 4126 3728 4163 cau-

2147 4200 2329 4265 sidice,
2374 4216 2484 4255 non
2533 4201 2676 4255 omni
2725 4210 2960 4269 tempore
3004 4207 3055 4254 et
3095 4201 3242 4254 omni
3294 4203 3500 4255 ratione
3551 4211 3734 4270 grates

2151 4289 2378 4361 referam
2401 4292 2427 4346 7

2219 4382 2478 4437 Forsitan
2538 4379 2709 4452 aliqui
2751 4381 3008 4436 molestia:
3039 4391 3089 4436 et
3128 4381 3474 4452 garrulitatis
3514 4397 3737 4437 accusa-

2148 4475 2276 4530 bunt
2307 4490 2405 4534 me.
2462 4491 2616 4544 quasi
2645 4474 2812 4528 verbis
2846 4474 2975 4527 meis
3007 4473 3236 4543 speciem
3282 4473 3601 4528 theatralem
3633 4474 3736 4528 da-

2149 4585 2262 4622 rem
2302 4577 2371 4628 et.
2411 4568 2618 4621 nemine
2653 4567 2965 4637 instigante,
2999 4567 3054 4621 in
3097 4565 3338 4621 tribunal
3368 4570 3734 4621 ascenderem.

2149 4661 2256 4714 Sed
2286 4658 2618 4731 Hippoclides
2649 4658 2726 4714 nil
2765 4659 2820 4713 id
2859 4667 3030 4723 curet,
3058 4658 3225 4712 donec
3254 4673 3336 4712 me
3364 4674 3516 4712 vana
3540 4657 3732 4728 gloria

2148 4769 2312 4807 causa
2368 4751 2704 4806 taudationes
2749 4759 2800 4806 et
2844 4751 3081 4804 encomia
3145 4756 3322 4804 texere
3371 4749 3580 4805 viderit.
3623 4747 3732 4804 Sed

2150 4859 2398 4898 versuum
2427 4859 2662 4913 pugnam
2715 4858 2912 4897 vanam
2947 4841 3142 4910 aspice.
3173 4841 3378 4895 Cuncta
3401 4842 3542 4894 enim
3570 4842 3730 4895 metri

2148 4952 2346 5008 genera
2370 4952 2430 4990 eo
2473 4934 2698 4988 tendunt
2734 4942 2792 4988 ut
2823 4936 3049 5004 hymnus
3067 4931 3162 4986 sub
3190 4949 3300 4986 una
3325 4934 3496 5002 [arma
3516 4948 3732 5002 compo-

2145 5028 2282 5081 situs
2331 5033 2610 5097 appareat.
2660 5024 2900 5093 CalliOpe
2943 5024 3141 5078 iambis
3186 5031 3237 5076 et
3281 5024 3470 5094 mythis
3518 5021 3728 5094 cgclici,

2147 5115 2364 5190 gaudet.
2423 5114 2539 5182 Quo
2586 5132 2668 5170 me
2721 5116 2972 5172 vertam?
3035 5115 3455 5170 Anacreontisne
3507 5116 3584 5170 vis
3642 5130 3729 5168 me

2140 5340 2266 5396 pag.
2296 5324 2424 5396 2‘26.
2454 5323 2716 5396 νοοηῄ
2766 5334 2820 5381 et
2878 5325 2934 5396 in
2974 5322 3225 5396 Philebo,
3285 5323 3722 5396 gdit._$erraqi,

2143 5389 2372 5483 Ξοιῖὶιμ,
2401 5411 2530 5483 ρει.
2564 5397 2653 5462 59,
2679 5395 2752 5464 E;
2787 5403 2842 5451 et
2875 5395 2946 5450 De
2963 5394 3185 5465 legibus,
3217 5395 3254 5450 Ι.
3285 5389 3375 5458 Ἦ,
3411 5393 3548 5449 ibid.
3587 5403 3626 5448 ι.
3651 5392 3728 5459 ll,

2145 5465 2460 5606 μῶἷξῖέέἶ
2479 5534 2708 5606 Aristot.
2740 5535 2821 5590 De
2849 5532 2999 5606 εσειο,
3028 5533 3069 5588 ι.
3103 5547 3218 5606 περ.
3250 5533 3297 5606 ι,

2218 5601 2331 5673 (54)
2364 5606 2525 5661 Coni.
2574 5605 2837 5661 Herodot.
2886 5603 3096 5665 Erato.
3146 5605 3242 5658 lib.
3286 5601 3378 5665 IV,
3416 5601 3448 5674 §
3487 5601 3612 5658 129.
3647 5601 3726 5674 οὐ

2149 5671 2371 5800 (gravet;
2417 5675 2788 5748 Ἱπποκλείδῃ.
2827 5674 2888 5729 ν.
2966 5674 3188 5738 Suidas,
3251 5690 3307 5730 ν.
3367 5671 3443 5729 Οὖ
3498 5671 3727 5758 φροντὶς

2211 5746 2532 5812 πποκλείδυ.
2566 5776 2636 5788 -
2668 5744 2876 5803 Zenob.
2899 5745 3074 5809 Adaq.
3114 5753 3258 5801 cont.
3309 5762 3380 5807 ν.
3445 5743 3605 5810 adag.
3629 5741 3726 5797 3t.
