4078 6382
253 358 381 423 ΗΠ

259 472 322 527 Ἦ
344 471 451 526 τῶν
476 469 694 541 ίάμδων
728 472 1118 526 ἀντανίσταται
1147 469 1335 543 χάρις.

251 563 378 621 Μῶν
398 564 498 636 τὴν
541 563 757 633 Ἱάμδιν
798 565 919 633 (sic)
955 581 971 630 ;
1005 562 1148 620 Ἀλλ’
1201 565 1451 638 Ὀμήρου
1492 566 1553 621 τὸ
1585 567 1766 640 στόμα

249 657 589 728 Βρυχήσεται
615 656 876 728 μέγιστον
901 656 962 723 ἐξ
987 656 1150 713 ἄλλου
1185 657 1391 730 μέρους

250 752 354 806 Καὶ
381 749 466 814 τίς
488 748 845 823 βρυχηθμοὺς
866 753 993 817 τοὺς
1024 751 1237 807 ἐκείνου
1267 752 1558 822 βαστάσοι,

249 842 386 911 Μηδ’
407 841 474 895 ἂν
511 843 698 911 χανεῖν
725 840 948 909 εὔξαιτο
969 843 1068 914 τὴν
1102 844 1209 914 γῆν
1237 845 1440 900 αὐτίκα
1465 862 1481 912 ;

249 929 456 984 Οὐκοῦν
477 931 540 984 τὸ
566 928 829 1003 λαμπρὸν
856 932 1084 1003 φθέγμα
1114 936 1216 1006 τῆς
1243 937 1479 1009 ἠρωῖδος

257 1023 672 1095 ’Υμνηγορείτω
701 1023 798 1080 νῦν
828 1024 922 1081 τὸν
972 1026 1382 1100 ὀρφανοτρόφον
1409 1046 1425 1062 ·

250 1116 321 1171 To
346 1117 393 1171 δ’
417 1117 549 1172 ἄλλο
576 1117 801 1192 μέτρον,
831 1119 913 1184 είς
940 1120 1002 1174 τδ
1029 1121 1228 1192 μέλλον
1258 1123 1520 1195 ἀρκέσει.

484 1211 595 1267 Τοῦ
631 1212 819 1268 αὐτοῦ
850 1214 952 1270 ἐπί
980 1214 1105 1282 τοῖς
1133 1217 1363 1284 αὐτοῖς,
1396 1217 1599 1287 We.

249 1302 557 1376 Μαρτύρετ’
583 1304 790 1375 ἠελίοιο
815 1305 984 1375 φόως.
1020 1308 1117 1361 ἐπί
1141 1306 1189 1361 δ’
1218 1308 1420 1380 δμνυσι
1450 1311 1610 1379 γαῖα,

252 1395 484 1463 Ὀμνυσι
516 1395 612 1450 καὶ
646 1395 890 1467 ἀτρεκὴς
920 1396 1085 1468 γαίης
1112 1397 1522 1472 βροτομήτορος
1545 1402 1731 1472 ὅρκος,

248 1487 461 1558 Μήποτ’
500 1488 580 1542 ἐνὶ
600 1487 844 1560 χθονίοις
876 1490 1231 1563 εύφράδμονα
1266 1496 1415 1548 τοῖον
1441 1494 1673 1563 ἰδέσθαι,

249 1576 389 1647 Μήτ’
418 1576 512 1631 ἐπὶ
539 1579 791 1636 δικ.......
830 1583 1172 1654 κεκασμένον
1217 1583 1390 1655 ἄνδρα
1429 1585 1632 1656 νόημα,

249 1665 369 1732 Οἴος
399 1669 642 1736 ’Δλὲξιός
669 1673 822 1727 ἐστιν
864 1673 1186 1746 Ἀριστηνδς
1224 1677 1513 1747 γενεῆθεν,

250 1759 355 1813 Καί
382 1776 443 1814 τε
479 1762 668 1833 νόμοιο
696 1763 898 1833 φύλαξ,
935 1768 1315 1838 πρωτέκδικός
1342 1770 1394 1825 τ’
1416 1771 1513 1827 ἐπὶ
1540 1773 1704 1838 τοῖσι,

251 1851 354 1904 Καί
383 1852 434 1906 τ’
453 1854 882 1928 όρφανοτρόφος,
916 1858 1076 1920 ξυνὸν
1103 1861 1312 1927 ἐσθλὸν,
1339 1863 1529 1918 ἐσθλὸν
1555 1865 1833 1921 ἀπάντων.

249 1942 348 1999 Τόν
384 1949 455 2019 ῥα
482 1947 620 2013 νεώς
655 1967 714 2005 τε
736 1950 914 2021 μέγας
941 1953 1034 2007 καὶ
1061 1952 1343 2025 ἀνάκτορα
1372 1959 1768 2027 κοιρανεόντων

248 2037 500 2112 Διχθαδῐῃ
530 2042 834 2113 μερίσανθ’,
857 2044 946 2098 ὁδ’
972 2045 1032 2110 ἐς
1061 2045 1233 2117 ἄμφω
1259 2047 1447 2121 θαῦμα
1475 2050 1764 2121 πυθέσθαι,

258 2127 461 2199 Ἀρκεῖ,
482 2125 596 2197 οἶος
629 2133 733 2187 ἐών
756 2133 904 2206 περ’,
947 2137 1257 2207 ἀκαμάτοις
1287 2140 1395 2195 ὑπὸ
1420 2140 1655 2209 νεύροις.

1422 360 1746 424 SCRIPTA
1779 361 2335 431 MISCELLANEA.

1862 477 1909 533 Α
1936 477 2139 548 Νηοὺς,
2178 478 2274 544 οὓς
2306 479 2405 549 μὲν
2440 466 2626 544 ἔτευξε
2655 476 2836 548 πέτρῃ
2892 475 3238 548 θεμέθλοισιν
3275 476 3522 551 ἀρηριὶςο

3384 363 3521 425 1278

1940 564 2037 632 Οἷς
2066 568 2120 621 δὲ
2140 569 2365 639 γέρουσι
2386 568 2587 623 δέδωκε
2619 566 2897 637 μετήλυδα
2924 567 3134 639 γήραος
3155 566 3321 639 ἥϐην,

1940 657 2038 725 Οἷς
2061 660 2108 715 δ’
2136 661 2489 732 ἐπιπρόσθετ⁹
2508 661 2715 733 ἄπειρα
2734 660 3101 731 θυηπολέουσι
3135 663 3380 717 τάλαντα
3400 677 3417 693 ·

1955 754 2117 809 Ἀλλά
2153 753 2262 808 τόδ’
2288 757 2357 829 ἀρ
2387 755 2701 827 παρέλασσε
2732 753 2953 825 πρόπαν
3006 755 3292 827 βασιλήϊον
3325 754 3517 825 ἔργον,

1947 848 2013 900 '0
2043 847 2210 917 φρεσὶ
2239 846 2654 917 πευκαλίμοισι,
2694 845 2871 916 φύλαξ
2896 845 3089 914 νόμου,
3112 847 3259 917 ἀμφὶ
3285 847 3346 900 σέ
3373 844 3524 916 ῥέξε,

1941 940 2149 995 Χωλῶν
2175 957 2233 994 τε
2265 940 2486 1011 ρυσσῶν
2504 957 2564 995 τε
2590 939 2983 1011 παραδλὼπων
3012 941 3061 995 τ’
3089 939 3356 1011 ὀφθαλμὼ
3378 939 3526 1013 (sic),

1953 1031 2145 1101 Ἀρχδς
2187 1028 2497 1100 Ἀλεξιαδης
2524 1029 2734 1097 ἁλέξιον
2760 1030 2938 1102 ἄλκαρ
2967 1030 3244 1096 ὀπάσσας.

1942 1122 2187 1178 Τοῠνεκά
2218 1140 2302 1177 σοι
2329 1121 2548 1194 γήθησε
2584 1122 2976 1194 προερχομένῳ
2999 1122 3140 1178 ἔθνε’
3161 1122 3399 1194 ἀνδρῶν,

1951 1215 2210 1286 Ἦμιόνου
2232 1215 2279 1270 θ’
2319 1214 2586 1287 ὑπένερθε
2610 1214 2789 1268 ποδῶν
2816 1215 2954 1269 πόδα
3006 1214 3180 1285 βάπτε
3207 1214 3492 1277 νοσεῦντα,

1942 1305 2533 1377 Προπροκυλινδόμενα
2578 1305 2703 1377 (sic)
2738 1304 2943 1376 ζαθέης
2974 1304 3318 1377 προόδοιο....
3346 1304 3469 1375 τῆς.

1941 1388 2069 1449 Ὧδε
2105 1397 2164 1450 δέ
2195 1414 2279 1460 τις
2304 1396 2589 1463 είπεσκεν,
2617 1397 2700 1450 ἀν’
2721 1395 2920 1468 αἰθέρα
2941 1397 3140 1467 χεῖρας
3174 1395 3369 1467 ἀείρας
3391 1410 3407 1427 ·

1940 1492 2136 1560 Χαῖρε,
2169 1490 2331 1562 τριὰς
2361 1490 2617 1560 βασίλεια
2661 1490 2788 1561 μέγ’
2837 1480 3019 1562 ἔξὸχε,
3079 1492 3114 1562 ἦ
3170 1508 3275 1562 μευ
3329 1490 3532 1562 ἐέλδωρ

1943 1585 2228 1656 Κρήηνας,
2259 1584 2325 1638 ἰδ’
2347 1585 2600 1648 δπασσας
2626 1585 2783 1656 ἐμοῖς
2814 1582 3172 1656 βλεφάροισιν
3196 1584 3408 1639 ἰδέσθαι

1954 1676 2369 1751 ’Δριστηνιάδαο
2412 1677 2653 1745 Ἀλεξίου
2677 1677 2778 1747 ἡδὺ
2815 1676 3068 1748 μύθημα,

1952 1771 2043 1834 Ὠς
2075 1770 2143 1836 δ’,
2172 1770 2377 1824 ὁπόταν
2407 1772 2548 1840 μετὰ
2576 1771 2743 1841 χεῖμα
2779 1769 3109 1840 δυσήνεμον,
3144 1763 3190 1838 ᾧ
3236 1771 3307 1841 ρα
3330 1768 3537 1841 νομῆες

1953 1863 2323 1936 Ἐχθαίρουσι,
2354 1863 2496 1933 πόην
2527 1863 2852 1933 ἁπαλόχροα
2881 1862 3066 1918 οὐκέθ’
3093 1862 3357 1935 δρῶντες,

1939 1950 2055 2027 Ἤρ
2087 1955 2251 2020 εὐθὺς
2283 1956 2530 2026 μετάεισι
2561 1955 2861 2025 ποηφόρον,
2885 1955 2943 2007 ἐν
2971 1954 3029 2009 δέ
3054 1953 3103 2007 οί
3146 1953 3341 2025 ἄνδρες

1939 2048 2186 2122 Γήθοντ’,
2218 2049 2397 2121 αὐτὰρ
2422 2048 2669 2119 ἄρουραν
2697 2048 2831 2118 ὃλην
2866 2047 2998 2119 περὶ
3031 2045 3198 2102 ἄνθεα
3227 2047 3463 2118 κοσμεῖ·

1944 2143 2065 2205 Ὣς,
2098 2141 2189 2196 σέο
2228 2139 2572 2212 ἐρχομένοιο,
2606 2140 2828 2211 πρόπας
2858 2137 3103 2209 γήθησεν
3145 2137 3360 2208 ὅμιλος.

248 2220 421 2275 Πολλὰ
482 2224 594 2295 γάρ
662 2226 713 2280 οἱ
768 2229 1102 2299 πραπίδεσσι
1180 2233 1436 2304 νοήματα
1462 2274 1479 2298 ,
1546 2235 1721 2292 πολλὰ
1777 2238 1836 2294 δὲ
1936 2233 2117 2286 Φώνεε
2151 2230 2504 2302 μογγιλάλος,
2535 2231 2631 2283 καὶ
2655 2229 2828 2300 ὴχέτα
2868 2225 3080 2298 φαίνετ’
3110 2224 3372 2289 ἄναυδος

1491 2324 1688 2398 [γλώττ

256 2401 486 2476 Ῥήματ⁹
517 2407 614 2462 ἀπ’
654 2410 971 2483 Οὐλύμποιο
992 2414 1127 2480 Θεδς
1150 2416 1329 2488 μέγας

247 2493 367 2562 Τοῖς
406 2499 547 2570 μετά
578 2499 736 2573 βῆμά
787 2502 836 2558 θ’
866 2504 1014 2576 ἱερὸν
1070 2507 1166 2561 καὶ
1215 2509 1398 2577 ἀγλαά
1441 2511 1656 2582 δώματ’
1703 2512 1836 2566 ἀνά-

1557 2610 1730 2677 [κτων

258 2682 471 2738 Ἠέλιον
496 2685 620 2739 κατ’
648 2687 863 2743 ἄνακτα
897 2689 1208 2759 φαείνεται,
1242 2699 1307 2749 ἐκ
1328 2695 1387 2750 δέ
1432 2698 1485 2752 oi
1515 2698 1692 2766 αὐγῆς

247 2772 350 2827 Καὶ
381 2773 595 2831 σελάων
625 2777 893 2848 μεγάλων.
936 2781 1144 2853 πληροῖ
1184 2787 1525 2859 μεγατείχεα
1574 2789 1825 2864 Ῥώμην.

314 2867 496 2923 Πολλὰ
521 2871 622 2939 μὲν
647 2870 737 2943 ἄρ’
762 2870 1049 2929 ἐτέλεσσεν
1079 2863 1343 2947 αίνέσιμα
1385 2879 1526 2951 ἔργα
1554 2863 1833 2953 βασιλεὺς,

247 2956 519 3030 Κοίρανος
542 2961 849 3029 Αὑσονίων,
882 2963 986 3018 ἀνὰ
1010 2964 1418 3039 τετράπλευρον
1444 2967 1687 3041 ἄρουραν
1707 2985 1725 3002 ⁸

244 3048 376 3103 Δάῑα
396 3050 623 3122 σύσχστ⁹
647 3054 853 3126 Ἄρηος
882 3054 1153 3126 ἀπείρονα
1184 3055 1343 3111 ἔθνεα
1375 3058 1549 3130 δουρὶ,

1939 2324 2128 2389 Χωλὸς
2158 2324 2204 2378 δ’
2230 2317 2352 2378 ἆλτ’
2385 2321 2640 2393 ἐλάφοισι
2664 2319 3132 2392 ταχυσκελέεσσιν
3169 2319 3337 2391 ὁμοῖα
3360 2333 3376 2350 ο

1940 2421 2050 2472 Καί
2070 2437 2129 2472 τε
2147 2418 2326 2490 γέρων
2348 2415 2710 2488 κροτάλισσεν
2733 2414 2992 2486 ἀμύμονα
3029 2412 3277 2486 κόρδακα
3300 2408 3536 2474 παίζων.

1939 2511 2122 2565 Σείετο
2179 2512 2361 2565 πάντα
2405 2508 2656 2580 μέλαθρα
2689 2508 2827 2579 (55),
2852 2505 3012 2578 θρόος
3040 2505 3097 2559 δέ
3135 2504 3273 2559 λεὼν
3303 2502 3542 2574 ἐκολῴα,

1938 2604 2049 2660 Καί
2078 2604 2126 2658 θ’
2155 2604 2328 2674 ἱερεῖς
2353 2594 2627 2666 ἀλάλαζον
2649 2601 2739 2654 ἐπ’
2770 2599 3007 2668 εύαγέος
3043 2596 3322 2664 δαπέδοιο,

1950 2698 2111 2764 Ὀξέα
2145 2695 2518 2769 γηρυόωντες,
2554 2696 2586 2750 ό
2618 2695 2668 2747 δ’
2700 2692 2878 2746 ἔνδοθι
2911 2689 3115 2762 βόμσεε
3147 2690 3318 2761 σηκὸς

1938 2790 2137 2862 Βόμσῳ
2159 2789 2266 2843 ὑπὸ
2292 2776 2499 2859 ζαθέω,
2538 2787 2642 2855 ἀνὰ
2673 2785 2720 2840 δ’
2743 2784 2942 2856 αίθέρα
2964 2781 3179 2853 ὤρνυτο
3207 2781 3433 2846 δοῦπος.

1943 2885 2039 2948 Ὠς
2078 2883 2321 2951 ἀγαθοὺς
2377 2880 2659 2951 φιλέουσιν
2705 2877 2856 2934 ἅπαν
2910 2876 3068 2946 γένος
3094 2915 3109 2941 ,
3145 2873 3223 2939 ὣς
3277 2871 3548 2944 λαλαγοῦ-

3300 2966 3435 3040 [σιν.

1940 3071 2038 3133 Ὠς
2060 3070 2130 3140 ῥα
2154 3066 2614 3140 περικροτέουσιν
2642 3063 2902 3137 ὁμιλαδὸν
2925 3063 3157 3119 ἄλλοθεν
3188 3060 3363 3116 ἄλλοι.

249 3142 476 3233 θξδῗμῆς
505 3143 555 3198 τ’
586 3145 842 3217 ἀντολίης
869 3162 930 3200 τε
964 3147 1289 3219 πολύσπορα
1319 3149 1523 3218 ἔκγονα
1571 3151 1757 3224 πάσης
1775 3166 1791 3184 ⁸
1871 3156 1917 3216 C
1963 3162 2124 3218 Ἀλλὰ
2150 3162 2307 3233 βίοιο,
2336 3160 2548 3231 μάκαρ,
2575 3157 2877 3229 ἀπερείσια
2905 3155 3084 3211 κύκλα
3110 3153 3364 3226 περῴης,

260 3228 414 3304 Ῥἧξε
482 3235 683 3306 τόμους
734 3236 973 3308 χρεάων,
1019 3239 1116 3293 καὶ
1170 3239 1460 3309 όφλόντεσι
1508 3243 1689 3297 παῦσε
1750 3261 1846 3315 με·

1461 3333 1690 3407 [ρίμνας
1720 3353 1736 3368 ·

252 3574 463 3617 musam
538 3563 768 3618 sectari?
831 3564 935 3622 Sed
989 3565 1268 3621 contraria
1306 3568 1608 3625 iamborum
1649 3568 1852 3626 obsistit

251 3656 454 3723 gratia.
484 3655 594 3710 Aut
622 3655 878 3715 lambin?
932 3658 1002 3713 At
1057 3657 1275 3715 Homeri
1303 3677 1360 3716 os
1395 3676 1461 3716 ea:
1491 3661 1669 3718 altera
1703 3673 1857 3734 parte

254 3748 559 3813 resonabit;
585 3756 636 3802 et
660 3750 780 3818 quis
810 3751 971 3821 hujus
1001 3768 1180 3808 vocem
1208 3768 1466 3809 sonoram
1491 3757 1855 3828 supportabit,

255 3844 377 3907 quin
414 3839 777 3897 terramillico
819 3843 1085 3899 dehiscere
1122 3847 1415 3916 precetur?
1448 3846 1625 3918 Igitur
1659 3850 1860 3903 carmi-

257 3929 338 3982 nis
385 3929 593 3984 heroici
641 3946 801 3987 sonus
845 3934 1343 4006 orphanotrophum
1377 3936 1676 4005 celebrato;
1706 3937 1860 3994 aliud

257 4029 434 4076 autem
460 4030 695 4077 metrum
723 4039 820 4079 suo
855 4030 1093 4096 tempore
1124 4026 1486 4085 adhibebitur.

344 4111 608 4183 E;uedem
640 4113 709 4170 de
736 4115 934 4173 iisdem
957 4118 1459 4190 propositionibus.
1495 4118 1739 4177 Heroici.

324 4201 467 4260 Solis
519 4204 697 4260 lumen
751 4212 1002 4276 testatur,
1044 4217 1192 4264 terra
1234 4211 1421 4280 jurat,
1463 4211 1845 4281 juramentum

255 4309 456 4367 quoque
505 4296 711 4354 telluris
762 4298 923 4355 alma
975 4303 1168 4359 asserit
1216 4318 1495 4375 nunquam
1546 4319 1663 4360 sese
1704 4307 1846 4359 inter

255 4392 555 4464 terrigenas
592 4393 857 4449 hominem
883 4403 995 4449 tam
1036 4396 1319 4460 disertum,
1352 4404 1463 4452 tam
1497 4398 1734 4452 omnium
1761 4415 1848 4452 re-

1959 3256 2152 3329 Ἀρχὸς
2169 3253 2274 3308 ἐών
2313 3252 2361 3306 θ’
2383 3253 2612 3323 ἐτέρων,
2641 3250 2740 3304 καὶ
2761 3248 2938 3321 ἡμέας
2966 3246 3167 3302 οὔποτε
3202 3246 3430 3301 λείπων.

1954 3570 2159 3625 libellos
2192 3568 2419 3624 aboleuit
2449 3569 2573 3623 teris
2597 3566 2782 3632 alieni,
2811 3574 2861 3621 et
2891 3566 3151 3621 debitores
3182 3582 3215 3619 a
3245 3564 3387 3619 curis
3412 3563 3547 3619 eda-

1954 3661 2100 3715 cibus
2130 3659 2408 3724 liberauit;
2445 3656 2645 3727 templa
2679 3673 2815 3713 saxo
2845 3656 3015 3713 solido
3050 3655 3381 3722 construxit;
3405 3656 3551 3710 seni-

1956 3752 2053 3807 bus
2081 3760 2402 3806 senectutem
2424 3750 2651 3805 uiridem
2681 3750 2861 3816 dedit;
2889 3749 2986 3803 Dei
3007 3747 3301 3802 cultoribus
3327 3746 3545 3815 inﬁnita

1956 3843 2095 3898 bona
2129 3844 2401 3898 concessit.
2435 3840 2559 3896 lam
2613 3850 2795 3895 autem
2847 3840 3012 3911 oﬁicio
3043 3840 3178 3910 regis
3207 3840 3421 3903 omisso,
3447 3840 3548 3903 tui,

1959 3933 2138 4005 legum
2182 3941 2382 3999 custos,
2435 3949 2621 3987 curam
2653 3934 2813 4002 gessit
2862 3940 2914 3986 et
2942 3931 3165 3987 Alexius
3193 3929 3398 3984 auxilio
3422 3930 3546 4000 fuit.

1961 4027 2108 4084 Hinc
2146 4030 2239 4083 tibi
2271 4028 2556 4099 prodeunti
2588 4025 2773 4097 populi
2801 4023 3210 4097 applauserunt,
3242 4033 3293 4076 et
3318 4031 3368 4076 te
3401 4023 3554 4076 mulo

1949 4123 2269 4178 insidentem
2308 4120 2599 4189 honoriﬁce
2653 4124 2990 4190 exceperunt.
3033 4117 3127 4173 Sic
3170 4125 3353 4171 autem
3407 4115 3553 4169 alius

1953 4215 2025 4269 ad
2050 4215 2221 4269 alium
2253 4213 2478 4271 sublatis
2511 4215 2568 4268 in
2597 4212 2791 4266 caelum
2820 4212 3065 4266 manibus
3085 4208 3289 4264 dicebat
3314 4226 3332 4264 :
3365 4207 3548 4274 Salve,

1953 4313 2092 4367 trias
2147 4312 2318 4382 regia,
2383 4325 2521 4380 qua,
2575 4314 2754 4362 uotum
2811 4321 2988 4360 meum
3027 4305 3342 4369 exaudiens,
3385 4300 3554 4356 oculis

1953 4407 2080 4461 meis
2129 4405 2343 4460 uerbum
2394 4400 2548 4456 dulce
2586 4400 2762 4456 Alexii
2792 4398 3025 4453 Aristeni
3075 4396 3264 4450 audire
3337 4394 3551 4449 dedisti.

256 4497 376 4586 rum
435 4487 671 4556 peritum
708 4487 918 4553 uidisse,
964 4504 1128 4558 quam
1167 4488 1386 4545 Alean'us
1427 4498 1509 4545 est
1540 4492 1843 4556 Aristenus,
1878 4530 1923 4586 ὓ
1951 4495 2122 4561 Sicut,
2173 4502 2290 4567 post
2331 4493 2557 4548 hiemem
2599 4491 2872 4546 horridam
2907 4489 3212 4560 pastoribus
3254 4487 3557 4555 ingratam,

255 4572 432 4646 legum
467 4587 676 4647 custos,
729 4581 937 4650 primus
998 4583 1321 4650 causidicus,
1385 4584 1847 4655 orphanotrophns
1881 4572 1920 4586 ν
1950 4604 2173 4660 gramen
2221 4587 2433 4659 quidem
2481 4593 2709 4658 apparet
2766 4580 2972 4637 nullum
3000 4620 3015 4643 ,
3046 4597 3141 4635 ver
3181 4589 3361 4634 autem
3394 4578 3561 4643 redit,

253 4674 506 4722 strenuus
561 4685 625 4724 ac
674 4670 869 4742 probus
906 4679 969 4725 ut-
1015 4688 1173 4727 nemo
1204 4672 1365 4737 alius,
1393 4690 1549 4739 quem
1598 4673 1852 4741 templum

256 4761 554 4816 maximum
600 4769 654 4816 et
702 4779 889 4835 regum
911 4763 1101 4819 domus
1143 4763 1361 4820 alterna
1407 4766 1519 4820 uice
1547 4765 1854 4837 possident;

254 4850 365 4913 ipse
392 4862 578 4910 autem
609 4854 891 4926 indefessis
917 4857 1173 4926 prwditus
1208 4859 1403 4923 nervis,
1431 4856 1576 4912 solus
1603 4856 1723 4912 licet
1757 4859 1849 4927 sit,

258 4944 328 4999 ad
356 4949 630 5007 atascimas
662 4966 898 5022 quasque
936 4967 1021 5007 res
1056 4959 1219 5024 aptus
1244 4958 1342 5007 est.
1372 4951 1524 5008 Mens
1551 4952 1600 5008 ei
1629 4952 1852 5023 provida

259 5056 321 5093 ac
352 5038 525 5096 solers
563 5049 616 5097 et
652 5042 954 5114 eloquentia
981 5044 1224 5099 sublimis
1255 5061 1293 5100 a
1313 5043 1445 5099 Ioue
1474 5044 1725 5117 Olympio
1757 5047 1857 5102 da-

259 5138 337 5195 ta,
369 5132 560 5202 quibus
587 5142 834 5190 sanctum
868 5134 1105 5190 tribunal
1133 5144 1185 5190 et
1212 5135 1494 5206 splendida
1527 5153 1713 5209 regum
1745 5155 1849 5208 pa-

261 5223 397 5281 latia
447 5224 577 5281 solis
622 5227 799 5282 instar
858 5227 1099 5287 illustrat
1169 5235 1219 5282 et
1259 5226 1441 5283 Romae
1488 5227 1606 5284 alta
1653 5231 1850 5285 moenia

262 5332 581 5389 magnorum
609 5336 754 5376 more
782 5330 1051 5375 astrorum
1079 5322 1277 5375 visitet.

334 5409 446 5466 Rea:
465 5411 715 5467 Ausonias
760 5410 935 5467 multa
969 5411 1231 5482 praetore
1265 5412 1324 5465 in
1356 5411 1514 5465 terris
1539 5410 1699 5481 fecit:
1724 5427 1851 5484 gen-

262 5507 337 5556 tes
361 5518 483 5571 qua:
504 5502 732 5559 Martem
764 5519 1043 5573 nunquam
1070 5510 1302 5573 experta
1329 5502 1567 5572 fuerant,
1587 5510 1636 5555 et
1655 5500 1850 5557 Orien-

264 5593 330 5647 tis
354 5605 407 5649 et
433 5593 730 5651 Occidentis
778 5596 1003 5667 papulas
1038 5596 1204 5650 armis
1248 5593 1584 5665 perdomuit;
1634 5594 1753 5647 lites
1793 5609 1860 5650 ac

332 5791 451 5866 (55)
476 5794 630 5854 Conf.
662 5794 884 5855 Homer.
912 5794 1079 5852 Iliad.
1122 5796 1183 5867 Β,
1219 5795 1256 5852 i.
1283 5811 1345 5865 ιι,
1378 5812 1435 5853 ν.

1951 4688 2002 4734 et
2039 4680 2184 4734 brevi
2228 4694 2359 4733 arua
2390 4678 2611 4748 ﬂoribus
2656 4683 2858 4740 ornat;
2901 4673 2980 4728 sic
3004 4679 3053 4726 te
3076 4674 3133 4726 in
3164 4672 3393 4725 medium
3422 4683 3555 4739 pro-

1950 4772 2144 4826 deunte
2199 4778 2314 4825 tota
2357 4767 2642 4823 multitudo
2708 4764 2964 4821 exsultat.
3026 4761 3289 4833 Loquitur
3341 4759 3563 4824 balbus,

1953 4872 2174 4929 mutus;
2205 4860 2429 4918 claudus
2453 4874 2731 4915 cervorum
2777 4856 3031 4911 velocium
3048 4870 3194 4909 more
3227 4852 3429 4917 currit;
3465 4867 3556 4905 se-

1951 4970 2055 5010 nex
2105 4959 2382 5010 cordacem
2438 4952 2572 5021 pede
2611 4950 2787 5005 alacri
2833 4949 3039 5004 saltum
3084 4945 3323 4999 inchoat.
3359 4940 3559 4997 Omnia

1951 5046 2177 5115 aediﬁcia
2209 5045 2419 5110 labant,
2443 5041 2671 5114 papulas
2698 5056 2821 5096 cum
2850 5036 3084 5095 tumultu
3114 5035 3341 5096 clamat,
3373 5048 3560 5086 sacer-

1958 5138 2109 5192 dotes
2146 5139 2203 5192 in
2237 5135 2423 5192 limine
2451 5150 2606 5193 sacro
2630 5131 2926 5193 exsultant,
2956 5127 3072 5183 alta
3104 5140 3227 5180 voce
3278 5130 3559 5186 canentes,

1958 5245 1988 5284 e
2030 5229 2185 5283 domo
2236 5244 2361 5283 vero
2401 5227 2603 5281 sonitus
2661 5223 2841 5277 exiens
2886 5220 2955 5274 ad
2995 5228 3146 5273 astra
3194 5214 3422 5270 tollitur.
3462 5211 3564 5266 Sic

1959 5336 2118 5377 omne
2165 5335 2330 5392 genus
2377 5324 2526 5373 amat
2552 5316 2787 5371 homines
2834 5312 2976 5383 frugi
3006 5307 3346 5377 vociferando
3379 5304 3565 5359 extol-~

1957 5413 2086 5467 lere.
2121 5411 2202 5466 Tu
2256 5421 2432 5466 autem
2461 5407 2684 5479 feliciter
2741 5407 2916 5459 vivens
2949 5418 3044 5474 per
3086 5408 3289 5469 tempus
3333 5398 3569 5451 diutur—

1961 5519 2092 5560 num
2129 5503 2333 5559 cwteris
2374 5516 2467 5555 rex
2501 5506 2632 5564 esto,
2657 5511 2752 5552 nec
2778 5508 3018 5566 unquam
3052 5507 3147 5546 nos
3181 5490 3422 5544 deseras.
