4078 6408
513 341 656 408 1283

1736 323 2135 388 THEODORI
2179 318 2592 384 PRODROMI

3648 319 3788 384 1284

511 473 574 510 σε
619 455 715 508 καὶ
750 455 884 526 όρᾷν
919 452 1024 523 ἤδη
1074 449 1217 505 δοκῶ
1249 449 1326 512 ὡς
1373 447 1462 502 δια
1509 441 1716 516 πτεροῦ
1761 440 1858 496 τοῦ
1889 441 2098 512 χάρτου
2130 445 2174 501 Α
2204 436 2396 505 ὑγείας
2439 437 2556 500 τοῖς
2584 435 2970 526 ἀρχαιοτεροις
3004 431 3227 526 ,ἐρρέθη
3286 432 3492 526 σοφοῖς,
3551 432 3629 526 ως
3677 434 3790 506 ἄρα

511 549 650 618 πρὸς
681 547 741 600 σὲ
779 545 1060 615 πεμφθεὶς
1095 541 1454 605 ἀπαιτοῦντα,
1507 535 1953 609 δημοκοποῦντα,
1999 533 2093 586 λοο

2213 528 2408 600 χρῆμά
2446 527 2499 581 τί
2533 527 2654 582 ἐστι
2679 525 2957 580 θειότατον
2988 525 3022 596 ἡ
3051 523 3235 593 ὑγεία,
3276 523 3358 594 τῷ
3402 525 3659 596 παρεῖναι
3690 527 3793 595 μὲν

509 613 756 708 γέζοντα,
782 613 879 690 καὶ
905 613 986 698 οἷς
1022 635 1124 705 μὲν
1152 632 1505 703 ἠπιωτέρως,
1531 625 1616 693 οἷς
1647 629 1706 682 δὲ
1735 625 2096 698 ίταμωτέρως
2197 613 2588 691 ἀγνοούμενον,
2614 617 2692 690 τῷ
2717 618 2940 672 ἀπεῖναι
2962 617 3020 671 δὲ
3041 615 3628 686 καταλαμϐανόμενον.
3660 619 3795 672 Ἀν-

512 729 620 783 τῶν
651 727 926 782 ὑποτελῶν
966 726 1437 798 προσφερόμενον.
1470 724 1629 776 Ἔστι
1656 722 1714 774 δὲ
1748 719 1842 784 οὓς
1875 721 1969 775 καὶ
1997 718 2093 773 επὶ
2196 733 2390 786 τικρυς
2416 714 2574 768 τοῦτο
2597 715 2691 767 καλ⁸
2716 714 2810 767 ἐπὶ
2841 712 2958 766 σοῦ’
2985 711 3183 784 παρὼν
3214 712 3314 782 μὲν
3341 711 3451 783 γὰρ
3481 712 3605 783 μεθ’
3631 713 3795 784 ἡμῶν

510 818 781 888 τράχηλον
810 817 1068 870 ὠθεῖσθαι
1118 815 1416 869 κελεύοντα
1446 814 1544 867 καὶ
1590 811 1734 866 κατὰ
1761 811 2058 865 ἁπτεῖσθαι
2077 811 2096 830 '

514 909 766 963 καὶκατὰ
795 909 1000 979 κόρρης
1028 906 1384 979 ῥαπίζεσθαι.
1410 903 1600 960 Ταῦτα
1628 903 1694 974 δὴ
1714 903 1782 957 τά
1806 904 1906 974 τῆς
1937 919 2100 973 φορο-

513 1000 701 1068 λογίας
732 1003 844 1064 τοῖς
867 1001 1095 1067 πένησιν
1143 999 1417 1070 ἐπιτίμια.
1465 998 1626 1052 Ἀλλὰ
1675 997 1752 1068 μὴ
1809 999 1874 1049 σύ
1919 1013 2006 1065 γε,
2053 989 2098 1051 ὧ

514 1092 651 1163 πρὸς
687 1097 788 1162 τῆς
816 1093 1037 1164 τιθηνοῦ
1079 1091 1296 1160 σοφίας,
1326 1090 1638 1160 τυφωνικὸν
1675 1089 1946 1161 ἑπιπνὲῃς
1980 1091 2098 1153 τοῖς

517 1191 754 1259 πτωχοῖς
789 1188 952 1259 βαρύ.
1001 1188 1164 1242 Ἀλλὰ
1193 1188 1420 1250 τούτους
1447 1204 1508 1241 τε
1551 1186 1626 1249 ὼς
1674 1185 1815 1256 ἡπία
1840 1203 1925 1249 τις
1953 1181 2098 1255 αὖρα

515 1281 773 1350 περίπνει
803 1281 896 1334 καὶ
925 1279 1172 1350 μαλακὴ,
1196 1279 1294 1333 καὶ
1321 1278 1457 1350 πρὸς
1483 1280 1634 1348 ἡμᾶς
1659 1278 2104 1350 άντιπτερύσσου

513 1371 604 1426 διὰ
648 1371 743 1426 τοῦ
799 1372 919 1426 loco
969 1375 1196 1442 πτεροῦ.
1247 1373 1474 1436 Πάντως
1533 1371 1580 1424 δ’
1613 1371 1708 1425 ἐπὶ
1753 1372 1870 1425 τῶν
1901 1369 2104 1440 βίϐλων

517 1465 688 1536 εὕρῃς
737 1465 1173 1535 καθιζημένους,
1219 1465 1316 1518 καὶ
1354 1463 1449 1519 νῦν
1491 1463 1596 1534 μὲν
1639 1463 2001 1534 Ἀριστοτέλει
2030 1481 2094 1531 γε

518 1557 553 1629 ἢ
587 1557 837 1610 Πλάτωνι
873 1557 1330 1627 ἐντυγχάνοντας,
1363 1555 1458 1608 νῦν
1485 1555 1546 1609 δὲ
1573 1557 1669 1610 καὶ
1700 1554 1916 1609 οἴκοθέν
1951 1572 2007 1608 τι
2034 1558 2100 1626 τῇ

516 1651 614 1706 τοῦ
648 1651 810 1719 λόγου
847 1652 1024 1719 σκηνῇ
1059 1648 1553 1719 προσκομίζονταςσ
1589 1648 1686 1703 καὶ
1716 1647 1810 1702 νῦν
1841 1647 1944 1717 μὲν
1969 1648 2104 1702 ἀπο-

523 1741 772 1811 ροῦντας,
800 1738 894 1792 νῦν
927 1739 986 1791 δὲ
1034 1741 1104 1792 τὰ
1163 1739 1520 1811 ἀπορούμενα
1575 1739 1804 1803 λύοντας
1831 1755 1850 1773 ο
1879 1739 1977 1792 καὶ
2008 1737 2104 1791 νῦν

2200 808 2296 861 καὶ
2349 806 2738 878 ξυνδιατρίϐων
2792 806 2889 860 καὶ
2937 805 3008 859 τὰ
3042 803 3362 875 καθήκοντα
3406 804 3583 874 φίλοις
3613 804 3793 868 διδοὺς

2201 899 2296 954 καὶ
2330 897 2752 968 ἀντιλαμϐάνων
2784 897 2848 951 οὐ
2894 895 3154 952 τοσοῦτον
3205 896 3463 966 αἴσθησιν
3518 899 3792 968 παρεῖχες

2202 990 2403 1045 σαυτοῦ
2427 1007 2439 1022 ο
2473 991 2794 1062 ἐκδημήσας
2827 989 2886 1043 δὲ
2907 989 3005 1043 νῦν
3033 989 3132 1045 καὶ
3163 989 3455 1061 μακρύνας
3473 989 3554 1054 ὡς
3587 991 3800 1046 tatas!

2201 1086 2482 1156 παρέσχες
2530 1085 2846 1139 κατανοεῖν.
2885 1079 3014 1147 Οἷος
3039 1083 3118 1138 ὢν
3155 1085 3310 1156 ἡμᾶς
3354 1083 3652 1156 “dilecte,
3693 1087 3796 1140 καὶ

2204 1178 2266 1233 ὃν
2295 1178 2516 1248 ἔχουσιν
2541 1179 2646 1232 οὐκ
2689 1177 3068 1249 ἐγινώσκομεν
3103 1177 3388 1249 θησαυρὸν
3419 1178 3528 1233 ἀπὸ
3565 1178 3665 1248 τῆς
3695 1177 3795 1248 ζη-

2210 1273 2348 1343 μίας
2395 1274 2739 1344 ἐπέγνωμεν.
2802 1275 3233 1346 Ἀπαρηγόρητα
3289 1275 3402 1344 γὰρ
3453 1273 3549 1327 τοῦ
3597 1274 3792 1328 λοιποῦ

2204 1367 2298 1418 καὶ
2329 1366 2631 1421 ἀνεύτεκτα
2685 1369 2756 1420 τὰ
2791 1365 3083 1438 ἡμέτερα,
3119 1369 3216 1420 καὶ
3261 1367 3442 1430 οὐδεὶς
3489 1367 3519 1419 ό
3573 1368 3794 1435 πρωίας

2203 1459 2488 1530 ἐπιδημῶν
2536 1461 2569 1530 ἢ
2610 1460 2854 1531 ἑσπέρας
2887 1460 3093 1528 φοιτῶν
3139 1461 3278 1531 πρὸς
3326 1461 3515 1530 ἡμᾶς,
3549 1460 3685 1532 πρδς
3731 1461 3796 1514 ὃν

2203 1549 2330 1614 τοὺς
2363 1553 2462 1621 τῆς
2497 1551 2725 1623 καρδίας
2763 1551 3141 1624 άναφλέξομεν
3188 1553 3496 1624 ἄνθρακας,
3529 1555 3625 1607 καὶ
3652 1547 3696 1622 ᾧ
3724 1555 3796 1608 τὰ

2205 1646 2320 1706 τοῖς
2352 1643 2533 1708 ἄλλοις
2563 1646 2857 1717 ἀπόρρητα
2906 1646 3314 1715 κοινωσόμεθα.
3371 1646 3470 1710 Τίς
3502 1642 3598 1700 οὖν
3634 1647 3796 1702 ἔσται

2205 1735 2414 1790 τούτων
2440 1738 2534 1790 καὶ
2561 1737 2770 1806 πηνίκα
2804 1739 2901 1791 καὶ
2928 1736 3094 1790 πόθεν
3115 1737 3408 1808 ἀπαλλαγὴ
3429 1738 3464 1810 ἢ
3497 1741 3544 1792 εἰ
3562 1741 3798 1810 γραφοιο

523 1807 622 1902 μὲν
657 1829 1080 1894 ὲποποιοῦντας,
1112 1829 1208 1884 νῦν
1235 1807 1291 1885 δέ
1327 1807 1832 1902 πεζογραφοῦνταςο
1863 1831 1958 1884 καί⁵
1988 1829 2104 1884 ἔστι
2131 1807 2180 1868 Β
2211 1829 2311 1900 μέν
2330 1847 2388 1882 τε
2414 1830 2600 1894 ἄλλοις
2629 1832 2728 1885 καλ⁸
2753 1831 3193 1902 ἀντιγράφοιμεν
3223 1807 3654 1904 θαμινωτέρως;
3685 1807 3798 1888 Καὶ

523 1922 620 1992 μὲν
647 1920 741 1983 οὓς
770 1921 881 1974 τῶν
926 1920 1210 1991 όμιλητῶν
1257 1924 1370 1984 τοῖς
1403 1924 1501 1993 τῆς
1537 1921 1841 1994 ῥητορικῆς
1882 1921 2106 1990 θεσμοῖς

518 2010 939 2082 ἄμϐιϐάζοντας,
970 2011 1088 2067 ἔστι
1121 2014 1181 2066 δὲ
1210 2013 1305 2076 οὒς
1335 2014 1405 2066 τὰ
1433 2013 1533 2082 τῆς
1556 2011 1876 2082 φιλοσοφίας
1910 2012 2108 2083 μυοῦνο

519 2118 619 2166 τας
654 2103 965 2176 ἀπόρρητα.
1013 2104 1414 2174 ’Δνεμνήσθης,
1455 2100 1597 2170 οἶδα,
1642 2102 1738 2156 τοῦ
1781 2103 1928 2173 ἱεροῦ
1975 2121 2106 2156 συν·

521 2197 703 2267 εδρίου
739 2199 835 2252 καὶ
867 2197 968 2268 τῆς
997 2198 1325 2252 διδασκάλου
1376 2196 1647 2267 γλώττης,
1682 2197 1780 2250 καῖ⁷
1815 2195 1911 2250 τοῦ
1971 2197 2106 2268 συρ-

526 2289 754 2359 ρήτορός
808 2306 890 2343 σοι
945 2289 1043 2344 καὶ
1078 2289 1491 2361 συμφιλοσόφου
1543 2288 1806 2358 συλλόγου
1829 2325 1845 2351 ,
1884 2285 1979 2352 οὒς
2013 2289 2108 2342 καὶ⁵

519 2380 792 2450 ἀχθεταί⁹
823 2399 917 2435 σου
973 2383 1308 2454 διασχισθεὶς
1353 2382 1456 2437 καὶ
1513 2381 1592 2452 τῷ
1645 2381 1956 2453 διδασκάλῳ
2008 2381 2108 2451 τὴν

522 2473 680 2528 ἀνίαν
713 2474 962 2541 ὲπαύξει.
1006 2475 1066 2528 '0
1095 2476 1195 2544 μὲν
1230 2475 1396 2540 καλὸς
1443 2475 1540 2528 Κω
1595 2473 1757 2546 (forte
1807 2475 2106 2528 Κωνσταν-

521 2564 688 2635 τῖνος)
719 2565 921 2634 μικροῦ
951 2567 1046 2620 καὶ
1073 2568 1303 2636 δακρύει
1334 2582 1420 2634 γε,
1454 2565 1549 2620 καὶ
1579 2566 1680 2618 οὐκ
1719 2566 1835 2618 ἔστι
1873 2564 1976 2633 μὲν
2010 2565 2110 2618 ὅσα

525 2660 620 2714 καὶ
651 2658 842 2730 ἔραται
876 2663 1142 2732 σταλῆναι
1173 2663 1272 2734 τὴν
1303 2663 1431 2730 περὶ
1462 2661 1522 2714 σέ
1547 2677 1562 2693 ο
1619 2661 1875 2731 ὲπέχεται
1914 2660 1972 2714 δὲ
2018 2660 2110 2730 ὑφ’

526 2750 682 2821 ὐμῶν
711 2766 724 2781 ’
760 2751 921 2824 ἄχρις
957 2753 1026 2807 ἂν
1065 2754 1228 2817 αὐτὸς
1256 2753 1317 2807 τὸ
1352 2753 1608 2823 σύνθημα
1637 2752 1764 2823 δῷς.
1797 2753 1894 2815 Δὸς
1932 2751 1989 2805 δὲ
2011 2752 2110 2806 τά-

526 2859 667 2912 χιον,
684 2842 786 2897 οῦκ
809 2845 1006 2917 ἄχαρις
1027 2846 1159 2916 γὰρ,
1189 2846 1311 2901 οὐδὲ
1339 2847 1538 2918 ἄχαριν
1562 2844 1796 2916 ὑποδέξῃ
1812 2845 1904 2899 τὸν
1930 2843 2106 2915 φίλον.

529 2937 803 3008 Ἐρῤωσο.

879 3027 1062 3086 lA'.—
1093 3031 1205 3086 Τοῦ
1234 3030 1424 3087 αὑτοῦ
1457 3029 1537 3098 τῷ
1574 3029 1761 3096 αὐτῷ.

2208 1919 2270 1986 ἐξ
2302 1919 2460 1990 ἡμῶν
2495 1922 2593 1992 μὲν
2629 1923 2743 1977 ίδού
2779 1941 2863 1977 σοι
2903 1923 3164 1992 δεύτερον
3206 1927 3370 1982 τοῦτο
3402 1931 3643 2001 γράμμα
3673 1931 3799 1985 δια-

2208 2013 2573 2084 κεχάρακται,
2616 2015 2680 2068 ἑκ
2705 2015 2764 2069 δὲ
2792 2017 2887 2070 σοῦ
2915 2016 3030 2070 οὐδ’
3063 2018 3546 2092 ἡμιγραμμάτιον.
3596 2025 3799 2079 Καίτοι

2208 2103 2274 2173 νὴ
2305 2105 2395 2158 τὸν
2449 2105 2604 2174 φίλον
2658 2107 2852 2177 ἀπορῶ
2903 2111 3002 2162 καὶ
3045 2111 3148 2164 οὐκ
3199 2111 3310 2182 ἔχω
3357 2113 3665 2183 συμϐαλεῖν
3693 2118 3800 2188 τὴν

2208 2196 2414 2263 αἰτίαν,
2443 2199 2492 2251 εί
2535 2199 2610 2268 μή
2645 2216 2750 2253 που
2784 2199 3099 2271 διαμέλλεις
3147 2204 3283 2268 ίσως
3321 2206 3794 2279 οίκονομούμενος

2211 2291 2484 2361 συμμίξαι
2508 2295 2576 2362 τῇ
2608 2294 2870 2365 ἐπιστολῇ
2893 2294 2996 2358 τὰς
3024 2297 3353 2362 ἀποστολὰς·
3383 2299 3566 2354 καίτοι
3594 2302 3655 2355 οὐ
3683 2304 3800 2374 γάρ

2213 2401 2280 2455 με
2306 2385 2429 2438 οὐδὲ
2477 2384 2638 2439 τοῦτο
2685 2385 2956 2442 διέλαθεν.
3000 2389 3324 2445 Ἀποστολαὶ
3379 2393 3518 2462 πρὸς
3570 2394 3798 2465 ἑτέρους

2209 2477 2459 2546 ὶγένοντο
2485 2479 2513 2532 ὅ
2551 2495 2612 2531 τε
2646 2480 2738 2532 καὶ
2789 2481 3169 2553 ἀρνοϐάκχους
3216 2483 3248 2555 ἢ
3291 2486 3686 2558 χοιροϐἀκχους
3730 2491 3798 2543 ἐκ

2209 2569 2304 2623 τοῦ
2358 2570 2686 2640 πράγματος
2742 2575 2878 2644 ἡμῖν
2908 2574 3262 2648 ὼνομάσθη⁶.
3308 2578 3472 2634 Ἀλλὰ
3499 2580 3661 2635 τοῦτο
3695 2583 3798 2652 μέν

2211 2682 2295 2720 σοι
2327 2665 2532 2719 κείσθω
2577 2668 2804 2740 ἀφορμὴ
2846 2670 3229 2741 μειδιάματος.
3273 2672 3333 2728 ’0
3383 2673 3442 2727 δὲ
3491 2675 3657 2737 καλὸς
3699 2678 3800 2732 κω

2211 2759 2558 2812 ἐπισπεύδων
2591 2760 2771 2814 ἐλθεῖν
2813 2763 2966 2833 παρὰ
3008 2763 3068 2816 σὲ
3101 2765 3196 2817 καὶ
3218 2765 3355 2834 ἡμῖν
3388 2767 3483 2820 ἐπὶ
3517 2768 3697 2838 τούτῳ
3726 2770 3798 2824 δι’

2209 2844 2376 2917 ὄχλου
2402 2848 2691 2919 γινόμενος
2719 2850 2937 2906 όνάσθω
2969 2853 3069 2923 τῆς
3099 2855 3513 2922 ὲπισπεύσεως·
3544 2861 3801 2927 συναρεῖ-

2209 2961 2299 2999 ται
2327 2944 2435 3016 γάρ
2483 2962 2566 2999 σοι
2614 2947 2722 3001 τῶν
2773 2949 2952 3004 πόνων
2982 2950 3158 3005 ἐλθὼν
3203 2952 3300 3006 καὶ
3341 2954 3444 3018 τὰς
3475 2954 3615 3025 πρὸς
3648 2957 3802 3026 ἡμᾶς

2212 3037 2520 3108 ὑπομνήσει
2548 3039 2864 3104 ἐπιστολὰς,
2898 3042 2998 3112 οὐχ
3021 3044 3104 3097 ὅτι
3125 3045 3223 3098 καὶ
3253 3045 3485 3101 αὐτόθεν
3513 3047 3616 3102 οὐκ
3649 3048 3803 3118 ἔχεις

595 3124 750 3178 Τοῦτ’
779 3127 978 3190 ἐκεῖνο,
1012 3125 1136 3195 φίλε
1185 3125 1452 3198 Θεόδωρε,
1509 3125 1656 3180 κάπὶ
1710 3125 1795 3178 σοὶ
1845 3122 2106 3196 περιῆλθέ
2134 3155 2182 3217 c
2211 3128 2302 3181 τὸν
2341 3129 2614 3200 μνήμονα,
2630 3131 2746 3184 ἀλλ’
2781 3129 2930 3197 οἶδας
2965 3135 3144 3188 ἐκεῖνό
3173 3153 3238 3203 γε
3256 3135 3662 3210 τὺὈμηρικδν,
3689 3140 3802 3194 Σύν

526 3233 618 3288 μοι
648 3217 745 3271 καὶ
783 3218 1038 3290 δννοῆσαι
1069 3219 1163 3273 καὶ
1190 3217 1555 3288 φθέγξασθαι,
1586 3218 1614 3272 ὃ
1646 3217 1810 3272 πάλαι
1845 3217 1976 3288 περὶ
2005 3217 2104 3288 τῆς
2211 3237 2270 3273 τε
2293 3219 2372 3274 δύ’
2402 3222 2686 3295 ἐρχομένω
2708 3225 2804 3279 καί
2834 3243 2896 3280 τε
2928 3226 3036 3298 πρὸ
3081 3229 3207 3283 ὅτου
3249 3231 3496 3303 ἐνόησεν.
3520 3232 3799 3305 Ἔρρωσο.

524 3426 684 3489 atque
730 3419 906 3493 alapis
959 3421 1184 3492 percuti.
1223 3421 1348 3477 "ac
1398 3403 1738 3477 exaetionum
1787 3422 2108 3492 pauperibus

522 3525 714 3578 ptzna'.
767 3509 874 3565 Sed
919 3528 1025 3566 non
1075 3521 1132 3565 tu
1195 3510 1246 3580 (ο
1301 3513 1601 3567 educatoris
1635 3515 1713 3568 tui
1761 3515 2107 3584 sapientiam)

524 3598 808 3668 procellosi
837 3603 980 3655 venti
1009 3617 1156 3656 more
1181 3603 1357 3672 spiras
1385 3613 1436 3658 et
1457 3605 1638 3674 gravis
1669 3620 1724 3658 es
1747 3606 2105 3676 pauperibus;

520 3689 614 3742 sed
665 3691 757 3744 hos
813 3692 949 3746 lenis
1003 3694 1175 3748 instar
1227 3710 1378 3750 aurae
1438 3695 1720 3764 cujusdam
1778 3705 1828 3752 et
1880 3694 2109 3767 placide

523 3778 672 3848 aﬂlas
718 3780 842 3852 (sic)
885 3797 902 3847 ;
969 3798 1098 3853 erga
1146 3799 1240 3838 nos
1287 3799 1411 3839 vero
1457 3787 1592 3856 ﬂatu
1648 3786 1858 3855 aspiras
1913 3786 2004 3855 qui
2045 3800 2111 3839 ea:

521 3867 720 3936 aquati
751 3869 967 3924 alarum
1018 3880 1164 3925 motu
1209 3873 1471 3943 provenit,
1501 3888 1634 3943 quos
1671 3872 1882 3943 quidem
1911 3875 2111 3945 reperis

523 3955 673 4012 libris
713 3959 1063 4027 incubantes;
1109 3969 1160 4016 et
1194 3979 1333 4017 nunc
1358 3963 1570 4035 quidem
1605 3963 1874 4020 Aristoteli
1894 3979 2111 4036 operam

520 4049 706 4122 dantes
771 4050 854 4105 vel
923 4051 1180 4121 Platoni,
1217 4069 1358 4108 nunc
1427 4064 1608 4110 autem
1685 4054 1841 4109 domo
1908 4055 2107 4109 oratio-

523 4155 643 4192 nem
693 4142 749 4195 in
785 4157 1000 4197 scenam
1032 4146 1356 4214 proferentes
1394 4154 1444 4199 et
1485 4161 1626 4200 nunc
1662 4145 1822 4200 dubia
1856 4144 2107 4217 quadam

520 4244 824 4298 moventes,
874 4251 1015 4290 nunc
1083 4235 1272 4290 eadem
1331 4236 1610 4304 solventes,
1681 4237 1835 4292 modo
1887 4253 2106 4308 prosam

521 4324 815 4378 orationem
838 4363 853 4389 ,
911 4326 1065 4381 modo
1113 4343 1293 4382 versus
1344 4327 1698 4382 elaborantes.
1728 4327 1797 4382 Et
1829 4335 1954 4382 sunt
1979 4343 2108 4398 quos

2207 3425 2503 3496 ignoretur,
2529 3444 2650 3484 cum
2676 3429 2821 3484 abest
2842 3445 2966 3484 vero
3021 3435 3206 3503 magni
3230 3436 3542 3492 cstimetur.
3570 3434 3802 3492 Prorsus

2210 3517 2307 3570 hoc
2346 3527 2396 3572 et
2441 3527 2506 3572 tte
2565 3527 2616 3574 te
2676 3521 2781 3575 dici
2813 3531 3020 3592 potest;
3060 3541 3181 3578 cum
3215 3527 3406 3582 aderas
3439 3536 3489 3582 et
3527 3529 3799 3584 nobiscum

2211 3611 2512 3666 versaberis
2555 3621 2847 3686 mutuaque
2883 3616 3065 3687 ofﬁcia
3101 3620 3394 3688 accipiebas
3439 3621 3801 3692 reddebasqae

2215 3703 2421 3770 amicis,
2457 3720 2565 3758 non
2609 3712 2821 3760 tantum
2846 3709 2924 3762 tui
2948 3725 3161 3764 sensum
3185 3711 3388 3778 ciebas;
3421 3729 3559 3768 nunc
3583 3713 3800 3784 quando

2214 3807 2431 3865 peregre
2497 3797 2762 3867 profectus
2815 3799 3044 3854 reditum
3095 3801 3298 3872 diﬂ’ers,
3355 3808 3574 3858 omnino
3616 3813 3666 3857 te
3709 3819 3801 3857 eo-

2216 3888 2570 3957 gnoscendum
2622 3891 2846 3960 prtebes.
2897 3890 3042 3947 Talis
3090 3909 3208 3947 cum
3248 3909 3382 3949 esses
3421 3911 3526 3949 non
3570 3893 3798 3961 latebas,

2218 3993 2384 4050 neque
2411 3979 2659 4034 habentes
2697 3984 3004 4038 thesaurum
3040 3985 3453 4054 agnoscebamus
3481 4004 3502 4052 ;
3548 4003 3606 4041 eo
3659 3989 3802 4041 mul-

2214 4072 2314 4125 tati
2342 4073 2722 4143 cognoscimus.
2755 4072 3017 4129 Cteterum
3049 4085 3231 4130 nostra
3258 4077 3460 4132 damna
3502 4095 3596 4132 nec
3630 4079 3802 4134 solari

2214 4179 2308 4219 nec
2339 4162 2510 4219 levari
2544 4174 2762 4233 possunt
2795 4173 2845 4219 et
2872 4183 3024 4221 nemo
3055 4184 3216 4223 mane
3235 4179 3330 4223 aut
3355 4187 3569 4242 vespere
3600 4171 3669 4225 ad
3698 4188 3797 4226 nos

2212 4256 2372 4322 venit,
2401 4273 2623 4328 quocum
2673 4273 2765 4313 cer
2814 4259 3092 4314 incendere
3125 4262 3403 4330 possimus,
3446 4269 3498 4315 et
3562 4278 3801 4317 commu-

2216 4348 2396 4403 nicare
2423 4364 2540 4419 qua:
2577 4349 2700 4404 aliis
2730 4349 2929 4405 indicta
2959 4350 3222 4406 volumus.
3252 4351 3382 4418 Qua
3415 4353 3581 4424 igitur
3610 4355 3714 4408 erit
3744 4363 3798 4408 et

520 4418 969 4484 congredientium
1013 4420 1194 4473 videas
1252 4419 1321 4472 ad
1350 4418 1641 4478 Rhetorica:
1687 4421 1826 4491 leges
1865 4421 2106 4476 introdu-

2219 4418 2440 4512 quando
2479 4451 2529 4495 et
2580 4441 2720 4496 unde
2753 4443 3019 4498 mutatio?
3078 4441 3284 4498 Saltem
3337 4418 3478 4516 serpe
3524 4447 3665 4500 inter
3705 4463 3799 4501 nos

521 4513 721 4567 centes,
755 4513 877 4558 sunt
904 4523 1032 4577 quos
1058 4524 1244 4562 cernas
1281 4508 1624 4579 philosophia:
1643 4509 1852 4564 arcanis
1881 4510 2112 4565 initiari.

523 4592 858 4662 Recordaris,
884 4601 1024 4663 novi,
1055 4602 1195 4654 sacri
1225 4617 1493 4657 consessus
1541 4609 1591 4657 et
1619 4603 1860 4674 magistri
1901 4601 2115 4672 lingutz,

521 4685 734 4755 ejusque
751 4689 840 4757 qui
871 4698 1040 4743 tecum
1071 4691 1134 4743 de
1161 4691 1442 4747 Rhetorica
1474 4701 1567 4746 aut
1624 4692 1958 4763 philosophia
2003 4693 2116 4748 col-

521 4774 857 4847 loquebatur,
901 4782 990 4850 qui
1019 4789 1068 4836 et
1109 4783 1249 4836 dolet
1277 4801 1309 4836 a
1345 4792 1392 4838 te
1421 4785 1703 4839 distractus
1743 4793 1794 4840 et
1853 4787 2112 4855 magistro

521 4869 792 4924 tristitiam
824 4880 1001 4942 auget.
1041 4873 1269 4929 Pulcher
1296 4874 1677 4931 Constantinus
1727 4879 1814 4932 vix
1857 4877 2110 4935 lacrimas

517 4961 740 5026 cohibet,
791 4980 885 5017 nec
932 4965 1038 5019 dici
1065 4976 1232 5036 potest
1264 4977 1524 5038 quantum
1557 4980 1711 5023 aveat
1743 4972 1881 5024 mitti
1921 4971 1992 5024 ad
2035 4979 2107 5026 te.

519 5051 628 5110 Nos
671 5055 842 5108 adhuc
871 5071 989 5111 eum
1028 5059 1326 5114 cohibemus
1358 5058 1521 5112 donec
1564 5060 1676 5128 ipse
1708 5060 1870 5114 veluti
1897 5065 2108 5132 signant

519 5146 631 5199 des.
670 5144 751 5198 Da
783 5147 879 5200 hoc
906 5149 1181 5212 continuo,
1212 5164 1316 5201 non
1355 5149 1678 5218 injucundus
1705 5149 1849 5204 enim
1875 5152 2108 5204 amicum

521 5252 625 5292 non
659 5237 1007 5306 injucundum
1031 5239 1276 5309 emcipies.
1317 5237 1464 5295 Vale.

940 5352 1036 5409 XI.
1072 5385 1144 5394 -—
1167 5354 1428 5426 Ejusdem
1467 5355 1673 5410 eidem.

590 5446 700 5500 Hoc
728 5447 863 5500 illud
893 5456 994 5514 est,
1024 5449 1194 5502 amice
1241 5448 1526 5514 Theodore,
1569 5449 1709 5516 quod
1749 5450 1876 5504 mihi
1917 5449 2106 5505 accidit

519 5541 752 5610 cogitare
795 5547 844 5592 et
880 5540 1056 5594 dicere
1085 5541 1149 5593 de
1179 5549 1268 5607 te;
1314 5541 1456 5612 quod
1497 5541 1751 5596 nimirum
1780 5542 1844 5596 de
1873 5543 2108 5596 sanitate

519 5631 716 5683 dictum
747 5637 824 5684 est
856 5629 985 5684 olim
1028 5635 1094 5683 ab
1144 5633 1378 5702 antiquis
1427 5632 1785 5704 sapientibus,
1826 5649 1938 5688 rem
1977 5633 2108 5687 divi-

523 5737 650 5776 nam
720 5737 828 5776 esse
880 5724 1171 5787 quamdam
1231 5727 1522 5780 sanitatem
1592 5741 1710 5782 auat
1759 5742 1877 5780 cum
1932 5725 2100 5783 adest.

2222 4543 2404 4587 mutuo
2430 4533 2726 4589 scribamus
2755 4545 2802 4590 et
2835 4537 3187 4592 rescribamus
3209 4555 3228 4603 ;
3269 4549 3318 4593 et
3355 4556 3388 4594 a
3417 4539 3561 4594 nobis
3587 4541 3798 4612 quidem

2217 4642 2282 4680 en
2323 4627 2413 4681 tibi
2465 4626 2639 4681 altera
2692 4631 2803 4682 lucc
2849 4627 3074 4698 epistola
3119 4640 3349 4684 exarata
3383 4641 3459 4684 est
3481 4647 3502 4697 ;
3542 4649 3576 4686 a
3604 4639 3655 4684 te
3678 4647 3800 4687 vero

2218 4733 2284 4770 ne
2318 4717 2547 4787 epistolii
2581 4717 2792 4788 quidem
2829 4720 3131 4773 dimidium.
3163 4718 3232 4772 Et
3279 4721 3513 4790 profecto
3561 4738 3631 4775 an
3664 4723 3805 4776 ami-

2215 4824 2304 4862 cus
2321 4809 2390 4861 sis
2419 4808 2597 4862 dubito
2627 4818 2677 4863 et
2703 4825 2920 4863 causam
2951 4810 3158 4874 nescio;
3189 4811 3292 4865 nisi
3322 4811 3457 4881 forte
3484 4813 3583 4866 hac
3605 4829 3801 4866 usurus

2218 4900 2506 4954 aconomia
2547 4915 2622 4965 es,
2667 4907 2727 4952 ut
2765 4897 2954 4955 litteris
2984 4916 3213 4956 munera
3245 4902 3590 4971 permisceas.
3618 4901 3803 4972 Neque

2216 4990 2310 5044 hoc
2334 5005 2418 5042 me
2443 4989 2611 5056 latet,
2655 5007 2877 5045 munera
2916 4993 3056 5047 mitti
3087 5009 3203 5062 qua
3228 4993 3578 5062 agnibacchi,
3611 4995 3802 5064 porci-

2216 5082 2411 5137 bacciii
2442 5097 2505 5136 ex
2538 5098 2594 5136 re
2625 5083 2742 5154 ipsa
2772 5083 3041 5139 dicuntur.
3078 5083 3184 5138 Sed
3221 5086 3318 5138 hoc
3346 5084 3557 5153 quidem
3591 5085 3802 5139 ridendi

2215 5185 2588 5244 argumentum
2628 5174 2986 5230 dimittamus.
3035 5174 3266 5230 Pulcher
3310 5174 3690 5232 Constantinus
3721 5178 3801 5248 fe-

2213 5270 2424 5322 stinans
2456 5269 2526 5322 ad
2561 5275 2608 5320 te
2631 5269 2830 5333 venire,
2857 5285 2976 5322 cum
3013 5269 3157 5322 nobis
3188 5271 3283 5323 hoc
3311 5269 3562 5324 molestia!
3589 5285 3801 5324 creave-

2213 5359 2306 5423 rit,
2335 5359 2570 5429 gaudeat
2603 5360 2961 5428 festinationis
2994 5374 3105 5414 sua:
3146 5359 3346 5428 fructu.
3383 5358 3606 5414 Veniens
3648 5361 3800 5415 dolo-

2216 5465 2296 5504 res
2341 5449 2546 5519 auferet
2593 5450 2691 5502 tibi
2735 5460 2782 5504 et
2824 5450 2887 5504 de
2936 5449 3170 5520 epistolis
3216 5451 3288 5503 ad
3319 5466 3412 5504 nos
3459 5449 3797 5515 admonebit;

2213 5557 2318 5594 non
2351 5539 2491 5609 quod
2543 5555 2638 5610 per
2697 5547 2746 5593 te
2805 5555 2914 5593 non
2974 5539 3189 5610 futurus
3226 5549 3358 5594 esset
3388 5541 3574 5593 honuni
3614 5543 3800 5595 memi-

2211 5631 2374 5695 nisse,
2434 5630 2526 5685 sed
2572 5631 2708 5684 nosti
2757 5629 2893 5684 illud
2942 5630 3334 5686 Homericum:
3378 5628 3596 5684 Duobus
3633 5631 3800 5684 simul

2209 5724 2450 5779 euntibus
2471 5726 2624 5780 etiam
2649 5721 2785 5778 alter
2808 5733 2930 5778 ante
2947 5723 3180 5780 alterum
3209 5723 3608 5779 animadvertit.
3639 5721 3798 5782 ναις.
