4078 6434
376 348 519 410 1285

902 456 1005 514 lB'.
1020 489 1088 501 —
1120 457 1205 525 Τῷ
1228 456 1439 519 Amm.

448 574 565 627 Οὐκ
592 571 800 642 ἀγαθόν
837 588 897 624 σε
932 571 1119 637 παῖδα,
1173 570 1761 642 μεγαλεπιφανέστατε
1802 568 1963 637 Λξζιξ

380 668 522 738 (sic),
560 668 593 735 ἠ
631 663 944 735 φιλοσοφία,
973 664 1050 727 ὡς
1090 663 1289 727 ἔοικεν,
1319 664 1566 735 ἔτρεφεν,
1596 664 1643 715 εί
1667 661 1812 716 οὕτω
1844 662 1962 732 (sic)

374 758 517 829 ταχὺ
571 756 682 810 τῶν
734 756 1050 826 συντρόφων
1099 756 1522 826 ὲπιλελήσεσθαι
1558 754 1837 824 ἔμελλες,ο
1867 756 1963 809 καὶ

376 854 907 925 καθυπερφρονῆσαι
949 854 1086 907 ὅλων
1113 852 1466 924 Προδρόμων,
1499 854 1559 919 ἐξ
1592 846 1668 907 ὧν
1696 852 1964 917 πολλάκις

376 946 595 1016 ἐναργῆ
650 944 721 997 τά
774 944 875 1014 τῆς
910 943 1095 1012 φιλίας
1130 944 1377 1013 ἐκομίσω
1420 945 1720 1014 τεκμήρια.
1760 942 1960 1013 Ὅμως

376 1037 560 1100 καλῶς
582 1037 757 1089 ἐκεῖνο
774 1034 978 1106 ἐρρέθη
999 1034 1076 1105 τῷ
1100 1035 1349 1105 Πριηνεϊ,
1379 1034 1552 1105 Ἀρχὴ
1576 1035 1747 1106 ἀνδρα
1767 1034 1956 1100 δείξει.

376 1127 477 1179 Διά
526 1125 632 1195 γὰρ
666 1123 873 1194 ταύτην
923 1124 1018 1176 καὶ
1058 1123 1123 1175 σὺ
1174 1122 1273 1193 τὴν
1320 1122 1522 1194 ἀρχὴν,
1563 1124 1661 1194 τὴν
1709 1124 1809 1176 οὐκ
1858 1118 1957 1176 οἷδ’

374 1218 574 1289 ἡλίκην
608 1218 702 1269 καὶ
732 1217 885 1286 ὅσην,
920 1214 1043 1267 οὐδὲ
1078 1215 1400 1285 μονοστίχου
1435 1213 1568 1281 γοῦν
1604 1216 1754 1286 ἡμᾶς
1785 1214 1953 1284 ἠξίω-

379 1326 479 1371 σας
537 1310 895 1378 γράμματος,
944 1307 1039 1358 καὶ
1091 1306 1339 1368 εἰκότως.
1388 1306 1446 1359 Ὀ
1491 1309 1598 1378 γὰρ
1644 1306 1820 1374 λόγων
1864 1306 1963 1360 καὶ

374 1400 725 1470 γραμμάτων
755 1400 1202 1469 καταφρονήσας,
1239 1402 1334 1453 καὶ
1377 1400 1481 1469 τῆς
1515 1400 1735 1470 τιθηνοῢ
1768 1396 1964 1465 σοφίας

375 1492 474 1563 τὴν
517 1493 627 1545 τῶν
661 1493 1004 1563 πραγμάτων
1048 1491 1257 1561 τύρϐην
1310 1492 1804 1561 ἀνταλλαξάμενος,
1856 1492 1955 1544 καὶ

374 1582 535 1636 τοῦτο
563 1580 627 1652 δὴ
659 1583 718 1635 τὸ
771 1581 866 1635 τοῦ
916 1583 1233 1649 σοφωτάτου
1274 1581 1541 1635 Ἰταλικοῦ
1589 1582 1659 1634 τά
1708 1580 1963 1652 ζιγούριά

375 1688 437 1724 τε
474 1670 568 1725 καὶ
595 1672 663 1724 τὰ
687 1671 1021 1741 κουφότερα,
1053 1672 1169 1734 πῶς
1192 1671 1259 1726 ἂν
1287 1673 1588 1750 γράψοιτῷ
1611 1675 1742 1740 περὶ
1766 1672 1961 1740 λόγους

377 1763 474 1817 καὶ
519 1763 863 1833 γράμματα;
901 1764 1048 1835 Πλὴν
1094 1763 1257 1818 ἄλλον
1310 1766 1414 1819 κάν
1464 1767 1528 1820 σὺ
1582 1766 1678 1837 τὴν
1726 1764 1957 1835 Διζικὴν
1991 1798 2033 1854 Β

379 1855 659 1925 σημασίαν
710 1855 977 1926 παρώσω,
1014 1855 1249 1918 ἄπιστός
1306 1873 1397 1927 μοι
1443 1856 1596 1923 φίλος
1625 1856 1955 1926 γενόμενος,

375 1945 495 1999 ἀλλ’
527 1944 627 1998 οὐκ
666 1942 775 2014 ἐγὼ
804 1943 907 2014 τὴν
937 1944 1341 2015 προδρομικήν·
1373 1942 1662 2014 προτρέχω
1684 1943 1793 2012 γάρ
1827 1942 1960 1996 κάν-

375 2035 553 2090 ταῦθα
592 2036 686 2091 καὶ
733 2037 831 2106 τὴν
869 2035 1154 2105 παροῦσαν
1185 2038 1555 2107 προχαράττω
1602 2034 1849 2105 γραφήν.
1892 2034 1957 2090 El

381 2131 480 2203 μὲν
504 2125 597 2184 οὖν
620 2130 855 2200 γράφειν
877 2129 1046 2200 ἔχεις,
1080 2129 1178 2183 καὶ
1207 2130 1271 2183 σὺ
1289 2128 1522 2199 ἀμείϐου
1549 2128 1618 2181 τά
1649 2129 1959 2199 γράμματα

377 2223 589 2294 χρύσεα
621 2222 892 2291 χαλκείων
924 2222 1444 2291 ἀνταλλαττόμενος.
1484 2222 1762 2294 Ἔρρωσθ.

735 2358 926 2416 Π”’.-
958 2359 1072 2415 Τοῦ
1097 2357 1291 2415 αὐτοῦ
1320 2358 1402 2426 τῷ
1422 2357 1607 2425 αὐτῷ.

462 2476 765 2547 ’Υπέρφευ,
823 2475 1002 2543 Αίζιξ,
1054 2476 1113 2541 ἐξ
1147 2476 1281 2547 ὅσης
1328 2475 1480 2545 ἡμᾶς
1516 2471 1813 2542 συναφείας
1866 2470 1962 2525 καὶ

382 2568 628 2633 συζωίας
650 2570 729 2631 εἰς
751 2569 875 2622 ὅσον
904 2569 940 2638 ἡ
971 2567 1289 2637 παλαμναία
1308 2567 1443 2637 τύχη
1468 2565 1722 2635 διέστησε
1743 2564 1756 2617 I
1785 2564 1961 2619 Πάλαι

385 2662 484 2732 μὲν
516 2663 623 2733 γάρ
654 2663 751 2716 καὶ
796 2661 857 2714 οὐ
904 2663 1045 2715 πάνυ
1080 2659 1248 2714 πάλαι
1296 2660 1449 2727 παρά
1494 2659 1608 2722 τοῖς
1641 2658 1829 2721 αὐτοῖς
1861 2656 1959 2710 τοῦ

382 2754 546 2821 λόγου
579 2753 929 2824 καθηγεμόσι
955 2754 1024 2807 τά
1052 2753 1194 2806 αὐτά
1223 2751 1326 2804 τῶν
1358 2749 1750 2820 παιδευμάτων
1773 2748 1964 2802 τελού-

386 2845 542 2910 μενοί
583 2862 642 2897 τε
674 2848 770 2897 καὶ
801 2843 1219 2913 συντελούμενοι
1253 2842 1349 2896 καὶ
1390 2841 1660 2911 ἀλλήλους
1688 2841 1770 2905 είς
1802 2841 1959 2910 φιλο-

386 2936 583 3005 σοφίαν
620 2936 949 3007 στομοῦντες
988 2936 1176 3005 ἡλίκον
1206 2933 1370 3004 βαϐαὶ
1416 2934 1511 2986 καὶ
1534 2934 1659 2987 ὅσον
1684 2934 1764 2997 είς
1793 2932 1964 3003 ἀλλή-

384 3027 508 3093 λους
534 3029 625 3081 τὸν
646 3028 814 3081 πόθον
843 3027 1155 3099 ἐθρέψαμεν
1183 3027 1195 3079 I
1223 3025 1437 3097 Μικροῦ
1460 3026 1569 3096 γὰρ
1599 3025 1759 3078 τοῦτο
1785 3026 1963 3078 ἐκεῖνο

938 3192 1055 3247 xu.
1090 3221 1158 3236 -
1191 3189 1409 3262 Lyzico.

457 3283 573 3339 Non
598 3284 793 3340 bonum
820 3294 869 3340 te
896 3287 1195 3350 alumnum,
1221 3283 1542 3355 amplissime
1568 3281 1776 3354 Lysice,
1800 3281 1971 3354 philo-

385 3378 592 3446 sophia,
624 3388 678 3432 ut
709 3379 937 3446 videtur,
966 3378 1204 3433 educavit
1222 3378 1301 3442 ;si
1339 3376 1576 3446 futurum
1606 3384 1721 3430 erat
1751 3385 1811 3429 ut
1837 3376 1969 3430 adeo

389 3468 630 3522 celeriter
686 3470 877 3523 matris
927 3467 1307 3522 obliviscereris
1346 3474 1505 3536 atque
1550 3464 1802 3531 aliorum,
1837 3481 1969 3535 quos

390 3562 561 3614 nescio
592 3577 664 3614 an
698 3569 951 3630 cognatos
996 3557 1303 3629 compellem
1332 3574 1402 3611 an
1434 3560 1791 3621 convictores;
1845 3572 1971 3610 con-

392 3661 649 3706 temneres
679 3653 839 3705 etiam
872 3648 1193 3704 Prodromos
1224 3664 1425 3712 omnes,
1482 3663 1545 3701 ex
1600 3647 1784 3718 quibus
1834 3662 1972 3717 sape

391 3743 676 3811 manifesta
730 3742 996 3796 retuleras
1052 3741 1301 3796 amicitia:
1350 3748 1693 3810 argumenta.
1748 3739 1971 3810 Egregie

389 3834 653 3888 enimvero
680 3833 815 3888 illud
847 3850 881 3886 a
908 3830 1131 3886 Prieneo
1174 3832 1373 3886 dictum
1404 3839 1480 3885 est
1508 3845 1527 3885 :
1556 3828 1844 3901 Imperium
1877 3831 1971 3883 ho-

391 3927 589 3979 minem
642 3926 889 3981 ostendit.
938 3925 1078 3979 Nam
1114 3932 1170 3978 tu
1194 3939 1400 3995 quoque
1429 3923 1490 3977 ob
1518 3925 1613 3977 hoc
1667 3924 1970 3993 imperium,

306 4068 313 4073 .
392 4017 531 4087 quod
584 4025 841 4087 quantum
893 4024 943 4070 et
976 4014 1135 4086 quale
1160 4018 1229 4069 sit
1266 4016 1476 4086 ignoro,
1511 4030 1679 4086 neque
1706 4032 1799 4068 nos
1830 4016 1975 4071 brevi

392 4109 613 4178 epistola
656 4110 840 4179 dignos
871 4124 979 4162 esse
1009 4109 1230 4178 putasti.
1280 4107 1350 4161 Et
1376 4108 1503 4176 jure
1551 4106 1805 4177 profecto.
1836 4104 1973 4159 Nam

393 4203 483 4269 qui
534 4199 781 4271 loquendi
805 4198 1169 4268 scribendique
1199 4206 1370 4251 artem
1393 4196 1728 4266 contempsit,
1759 4196 1976 4265 sapien-

394 4293 629 4359 tiamque
659 4292 994 4361 praeceptoris
1039 4291 1121 4343 sui
1152 4305 1270 4342 cum
1300 4290 1629 4359 negotiorum
1653 4289 1805 4342 turba
1833 4304 1978 4341 com-

396 4387 655 4449 mutavit,
710 4384 867 4454 idque
917 4382 1057 4452 quod
1085 4381 1492 4451 crepundiorum
1555 4389 1602 4434 et
1661 4381 1979 4434 vanissima-

353 4459 359 4463 I
395 4492 513 4527 rum
546 4490 722 4527 rerum
774 4473 885 4526 loco
938 4474 1151 4526 haberet
1184 4488 1301 4541 qua:
1328 4473 1428 4527 viri
1458 4481 1609 4525 erant
1635 4472 1888 4542 sapientis
1926 4476 1977 4523 et

395 4568 651 4633 modesti;
684 4568 774 4637 qui
803 4567 1030 4620 scribere
1064 4568 1132 4621 ad
1155 4567 1307 4621 illum
1340 4567 1533 4635 poterit
1563 4566 1653 4636 qui
1691 4565 1746 4617 in
1777 4564 1975 4618 oratio-

396 4660 547 4713 nibus
582 4668 629 4711 et
678 4657 866 4711 litteris
892 4658 1101 4711 assidue
1139 4656 1424 4710 versatur?
1458 4653 1563 4710 Sed
1593 4655 1832 4724 quamvis
1863 4652 1974 4724 Lg-

392 4752 493 4804 zici
550 4749 870 4819 cognominis
900 4751 975 4803 tui
1002 4747 1193 4801 oblitus
1238 4747 1419 4817 fueris,
1469 4745 1667 4799 amicus
1699 4745 1825 4798 mihi
1854 4743 1978 4811 inﬁ-

394 4842 527 4896 delis
555 4842 747 4911 factus,
784 4859 889 4895 non
924 4851 1101 4896 tamen
1129 4857 1221 4911 ego
1258 4842 1357 4893 mei
1380 4838 1703 4909 cognominis
1744 4836 1976 4891 Prodro-

394 4935 488 4987 mi.
544 4929 823 4986 Praecurro
874 4947 1019 5003 ergo,
1053 4938 1209 5000 atque
1242 4932 1376 4983 hanc
1417 4930 1618 4995 primus
1667 4927 1760 4981 tibi
1805 4926 1977 4980 scribo

394 5023 700 5093 epistolam.
737 5022 796 5076 Si
818 5024 979 5093 igitur
1004 5023 1161 5077 habes
1183 5021 1322 5092 quod
1352 5020 1574 5084 scribas,
1602 5020 1806 5073 litteras
1833 5018 1977 5072 litte-

394 5117 471 5169 ris
523 5125 827 5182 commuta;
874 5116 920 5169 si
978 5132 1082 5169 non
1118 5115 1295 5177 habes,
1331 5131 1427 5185 pro
1461 5115 1681 5185 negotiis
1728 5111 1979 5184 epistolas

398 5210 593 5279 accipe,
620 5212 795 5264 aureis
826 5223 965 5262 aerea
991 5214 1339 5263 commutans.
1383 5204 1530 5261 Vale.

811 5296 954 5355 XIII.
980 5327 1050 5336 -—
1079 5297 1337 5369 Ejusdem
1369 5297 1571 5351 eidem.

476 5390 613 5457 lleu,
644 5393 760 5458 heu,
797 5388 1001 5461 Lyzice,
1040 5406 1103 5445 ex
1131 5399 1333 5461 quanta
1363 5391 1741 5444 necessitudine
1774 5398 1825 5444 et
1859 5407 1985 5445 con-

391 5483 667 5552 junctione
719 5498 811 5535 nos
848 5498 961 5535 sors
1007 5483 1192 5552 iniqua
1242 5481 1512 5537 distraxit.
1540 5480 1776 5546 Pridem,
1816 5498 1984 5553 neque

399 5576 476 5629 ita
529 5573 733 5643 pridem
793 5572 936 5643 apud
983 5572 1192 5627 eosdem
1236 5572 1546 5643 eloquentiae
1594 5573 1750 5625 duces
1795 5572 1981 5626 iisdem

401 5664 675 5737 praceptis
722 5664 1168 5734 informabamur,
1212 5664 1476 5735 simulque
1532 5663 1979 5733 informabamur,

404 5768 453 5814 et
494 5768 693 5825 mutuo,
729 5757 1090 5829 philosophica
1118 5760 1171 5814 in
1203 5776 1259 5815 os
1287 5759 1451 5815 velati
1492 5759 1781 5813 inserentes
1808 5772 1983 5825 quan-

1480 346 1806 409 SCRIP‘I‘A
1852 344 2416 409 MISCELLANEA.

1991 468 2037 521 Α
2066 456 2127 510 τὸ
2156 456 2467 527 βιαιότερον
2497 454 2593 510 καὶ
2622 455 2705 509 ὅτι
2759 452 2999 525 μητέρες
3047 454 3181 525 ἡμῖν
3224 454 3321 510 καὶ
3355 455 3431 527 μὴ
3466 458 3654 530 μήτηρ

2005 4532 2051 4585 D

3520 345 3657 410 1286

2073 548 2562 617 ἠγανακτήκαμεν.
2586 547 2670 600 Τά
2708 544 2808 616 μὲν
2836 546 2930 599 οὖν
2955 545 3260 617 τηνικαῦτα
3284 548 3554 603 τοιαῦταο
3585 553 3652 605 τά

2066 640 2124 693 δὲ
2150 640 2245 694 νῦν
2284 635 2409 707 οἵας
2444 641 2537 693 Σοὶ
2588 640 2688 711 μὲν
2726 634 2819 693 οὖν
2851 640 3101 710 ἧνοικται
3132 640 3287 711 βῆμα
3334 643 3430 696 καὶ
3460 642 3651 714 θρόνος

2066 731 2307 802 ἐπῆρται
2356 733 2452 787 καὶ
2485 734 2881 803 δημοκοπεῖται
2929 732 3001 786 τά
3056 733 3369 802 λογοθέσια,
3406 736 3647 790 καὶτῶν

2064 824 2312 894 ἐσθήτων
2344 826 2442 894 τὴν
2474 825 2575 895 μὲν
2606 824 2878 895 χλιδῶσαν
2918 825 3257 895 περίκεισαι,
3312 826 3414 897 τὴν
3450 826 3508 880 δέ
3543 844 3653 897 μα-

2064 914 2244 986 λακὴν
2273 915 2715 982 ἐγκαταθάπτεις
2736 916 2814 986 τῷ
2869 916 3136 987 κιϐωτίῳ,
3178 917 3275 971 καὶ
3306 919 3403 971 ἐπὶ
3442 935 3651 989 τρυφε·

2068 1007 2177 1075 ρῶν
2210 1009 2524 1079 πομπεύεις
2551 1009 2662 1062 τῶν
2684 1008 2950 1078 ἡμιόνων,
2984 1011 3078 1063 καὶ
3110 1011 3221 1063 τῶν
3251 1011 3652 1082 ἀργυρηλάτων

2065 1099 2332 1170 φαλάρων
2381 1102 2494 1163 τοῖς
2548 1101 2649 1170 μὲν
2686 1099 3113 1169 ἐπιθεατρίζεις,
3166 1102 3294 1166 τοὺς
3351 1103 3410 1156 δέ
3463 1102 3652 1157 πλεῖον

2066 1193 2233 1264 ἄχθος
2262 1195 2382 1256 ταῖς
2408 1193 2657 1263 ἡμιόνοις
2691 1194 2959 1264 ἐπιτεχνᾷ
2985 1209 2999 1224 ·
3060 1192 3155 1245 καὶ
3188 1193 3517 1263 φλεγμαίνει
3566 1212 3651 1248 σοι

2069 1283 2168 1354 μὲν
2196 1284 2229 1353 ή
2260 1284 2532 1354 τράπεζα·
2566 1285 2635 1338 τά
2659 1284 2706 1337 δ’
2746 1284 2995 1355 ἡμέτερα
3025 1285 3388 1355 ἀλουτοῦμεν,
3416 1286 3650 1357 αὐχμῶο

2068 1391 2192 1443 μεν,
2227 1376 2554 1446 πεζεύομεν.
2607 1377 2672 1429 Τί
2702 1379 2764 1430 τὸ
2807 1378 2899 1430 ἐπὶ
2942 1376 3161 1438 τούτοις
3192 1379 3517 1443 ἁνέσπακας
3547 1379 3649 1449 τὴν

2064 1466 2238 1537 ὀφρὺν
2276 1468 2491 1536 μεγάλα
2522 1472 2651 1536 περὶ
2677 1469 2877 1523 σαυτοῦ
2918 1471 3339 1540 φαντασάμενος
3371 1472 3467 1526 καὶ
3491 1472 3652 1542 ἡμῶν

2069 1559 2381 1630 μικρότητα
2424 1562 2953 1632 καταψηφισάμενος
2980 1582 2995 1629 ;
3031 1564 3270 1634 Ἔχομεν
3302 1558 3383 1627 οἷς
3412 1564 3653 1635 αὑχήσοο

2070 1666 2173 1719 μεν
2204 1649 2298 1703 καὶ
2334 1652 2521 1721 ἡμεῖς,
2560 1652 2652 1707 τὸν
2680 1655 3003 1725 περίπατον,
3034 1654 3134 1725 τὴν
3159 1656 3493 1727 ἀκαδημίαν,
3521 1657 3652 1720 τοὺς

2064 1742 2125 1795 ἐν
2154 1741 2443 1812 φιλοσοφίᾳ
2474 1742 2810 1813 ἐνθεασμοὺς
2850 1746 2959 1799 τῶν
2992 1748 3192 1816 βίϐλων
3214 1787 3229 1812 ,
3254 1748 3321 1812 ἃς
3361 1764 3422 1801 τε
3450 1748 3652 1819 ὼδινη-

2062 1828 2252 1895 θείσας
2308 1835 2424 1896 τοῖς
2482 1832 2741 1897 παλαιοῖς
2790 1835 3123 1905 ἠγασάμεθα
3182 1839 3279 1891 καὶ
3325 1836 3391 1900 ἀς
3436 1838 3651 1891 ἐκεῖθεν

2060 1920 2355 1988 ὠδίναντες
2385 1925 2759 1997 άπετέκομεν.
2786 1928 2977 1981 Ἔστιν
3010 1929 3141 1999 ἡμῖν
3172 1930 3254 1993 είς
3285 1928 3651 1999 σεμνολογίαν

2061 2013 2157 2067 καλ⁵
2182 2012 2411 2069 Πλάτων
2465 2014 2735 2084 θεολογῶν
2765 2018 2862 2069 καὶ
2922 2018 3309 2089 Ἀριστοτέλης
3344 2019 3646 2089 φυσικευό-

2064 2122 2252 2175 μενος,
2310 2107 2407 2160 καὶ
2451 2107 2713 2173 Ἰταλικὸς
2742 2108 3012 2163 διδάσκων
3059 2112 3158 2163 καὶ⁵
3203 2111 3457 2181 γράφων.
3496 2112 3650 2182 Ἕχω

2063 2197 2218 2269 βῆμα
2251 2199 2407 2267 κάγὼ
2446 2201 2629 2272 πολλῷ
2680 2200 2777 2254 τοῦ
2831 2202 2925 2255 σοῦ
2978 2204 3309 2274 σεμνότερον
3357 2203 3605 2276 βήματος
3630 2243 3647 2268 .

2060 2289 2171 2359 ὅσῳ
2225 2292 2285 2343 τὸ
2332 2290 2434 2361 μὲν
2470 2291 2564 2344 σὺν
2598 2294 2729 2362 περί
2773 2310 2834 2345 τε
2866 2292 3122 2365 βάρϐαρα
3160 2296 3523 2364 καταγίνεται
3553 2299 3651 2351 καὶ

2064 2380 2366 2452 βαρϐάροις
2400 2380 2475 2447 ὡς
2502 2383 2564 2436 τὸ
2603 2384 2856 2437 πλεῖστον
2882 2386 3327 2455 ἐκκλησιάζεται,
3353 2387 3413 2441 τὸ
3442 2387 3489 2441 δ’
3513 2388 3650 2460 ἐμὸν

2065 2473 2378 2544 φιλοσόφων
2404 2476 2519 2539 τοῖς
2552 2476 3008 2547 εὐδοκιμωτάτοις
3041 2478 3513 2549 συναπαρτίζεται
3552 2482 3651 2533 καὶ

2062 2564 2163 2629 τὰς
2192 2566 2300 2618 τῶν
2345 2566 2516 2619 ὄντων
2548 2566 2743 2635 φύσεις
2777 2572 2991 2622 σκοπεῖ.
3029 2568 3095 2621 Τί
3152 2585 3235 2622 σοι
3286 2569 3651 2641 κατεσπάσθη

2062 2656 2124 2711 τὸ
2148 2658 2509 2729 ἐπισκήνιον;
2551 2659 2949 2731 Ἀνεμνήσθης,
2984 2657 3163 2731 οἴμαι,
3206 2660 3315 2714 τῶν
3346 2662 3404 2715 ἐν
3434 2662 3653 2732 φιλοσο-

2065 2750 2166 2821 φίᾳ
2197 2749 2491 2822 διατριϐῶν
2516 2753 2613 2805 καὶ
2641 2753 2742 2822 τῆς
2778 2754 2985 2824 σεμνῆς
3006 2752 3267 2824 ἀσχολίας
3304 2754 3522 2826 ἐκείνης
3547 2757 3649 2809 καὶ

2064 2840 2261 2911 ἕρασαί
2286 2857 2350 2908 γε
2396 2841 2512 2910 (sic)
2547 2841 2657 2894 τῶν
2709 2844 2999 2914 προτέρων
3045 2844 3346 2915 διατριϐῶν
3398 2845 3651 2913 ἐκείνων,

2065 2931 2432 3002 φαντάζομαι,
2452 2932 2527 2996 ὡς
2556 2932 2767 3001 γένοιτό
2800 2950 2859 2986 σε
2885 2936 2979 2988 καὶ
3011 2933 3158 3007 ἔργῳ
3184 2936 3277 2990 τὸν
3310 2934 3438 3008 ἔρον
3471 2954 3656 3008 παρα-

2069 3023 2441 3096 μυθήσασθαι.
2479 3025 2755 3096 ”Ερῤωσο.

1994 3192 2042 3255 C
2075 3198 2186 3245 tum
2215 3188 2465 3259 (papae!)
2494 3197 2751 3259 quantum
2805 3192 2946 3245 inter
2990 3208 3085 3247 nos
3116 3209 3350 3249 amorem
3384 3196 3652 3252 nutrieba-

2072 3298 2218 3347 mus;
2261 3298 2453 3348 parum
2480 3282 2664 3337 aberat
2694 3285 2818 3353 quin
2852 3286 2907 3337 in
2930 3284 3165 3354 furorem
3190 3287 3432 3341 evaderet
3459 3306 3481 3355 ;
3516 3291 3657 3344 indi-

2070 3375 2369 3443 gnabamur
2427 3378 2588 3429 etiam
2633 3377 2770 3445 quod
2814 3384 2919 3431 n‘on
2962 3393 3026 3431 ea:
3068 3394 3177 3433 una
3236 3396 3450 3437 eramus
3482 3391 3653 3438 matre

2071 3469 2355 3539 progeniti.
2409 3472 2540 3524 11ωο
2574 3471 2784 3540 quidem
2839 3478 2964 3524 tunc
3001 3480 3153 3525 erant
3170 3488 3189 3538 ;
3240 3472 3425 3539 qualia
3476 3484 3654 3529 autem

2072 3560 2256 3613 nunc?
2304 3560 2377 3615 Tu
2416 3561 2625 3630 quidem
2654 3561 2885 3615 scholam
2917 3564 3094 3631 aperis
3121 3570 3170 3616 et
3208 3564 3456 3618 thronum
3495 3568 3654 3637 erigis

2073 3660 2123 3703 et
2146 3652 2353 3706 divinas
2381 3655 2646 3708 orationes
2673 3653 2876 3725 publice
2900 3653 3170 3711 habendas
3197 3655 3412 3723 scribis;
3434 3660 3654 3713 vestium

2074 3757 2197 3796 vero
2216 3742 2552 3812 splendidam
2583 3745 2748 3799 aliam
2777 3745 2979 3809 induis,
3004 3745 3291 3802 delicatam
3319 3747 3487 3805 aliam
3528 3768 3656 3805 arca

2074 3837 2232 3904 quasi
2281 3837 2488 3906 sepelis,
2525 3846 2574 3890 et
2623 3839 2844 3908 pingues
2897 3836 3069 3893 mulos
3104 3849 3369 3907 ostentus;
3406 3842 3659 3912 phalera-

2075 3944 2194 3981 rum
2248 3945 2370 3983 vero
2399 3946 2462 3983 ea:
2494 3946 2692 4000 magna
2725 3931 2936 3998 argenti
2978 3931 3029 3985 vi
3073 3942 3471 4002 compactarum
3516 3934 3656 3991 alias

2077 4020 2230 4088 quasi
2259 4020 2312 4072 in
2342 4022 2547 4072 theatro
2581 4021 2821 4088 exponis,
2852 4017 2989 4073 alias
3014 4022 3236 4087 majoris
3271 4024 3430 4075 etiam
3462 4026 3658 4093 ponde-

2076 4110 2150 4162 ris
2187 4111 2511 4163 rnachinaris
2534 4152 2549 4175 ,
2595 4117 2751 4179 atque
2784 4112 3196 4165 instructissima
3225 4113 3318 4165 tibi
3342 4130 3523 4168 mensa
3558 4126 3655 4172 est.

2076 4202 2301 4255 Assidue
2356 4202 2449 4255 tibi
2499 4217 2686 4271 corpus
2746 4202 3026 4258 lotionibus
3074 4212 3286 4269 manat,
3337 4222 3458 4275 quia
3520 4207 3660 4263 illud

2078 4291 2372 4356 mundent;
2424 4300 2663 4344 nostrum
2689 4308 2809 4345 vero
2840 4302 2992 4357 aret,
3041 4301 3091 4346 et
3122 4295 3341 4363 pedibus
3384 4297 3485 4350 iter
3530 4300 3663 4367 faci-

2079 4398 2219 4437 mus.
2255 4381 2397 4447 Quid
2425 4399 2585 4453 grave
2623 4384 2678 4436 in
2707 4383 2785 4436 his
2824 4384 3170 4454 supercilium
3205 4387 3432 4451 inducis,
3465 4406 3661 4459 magna

2080 4472 2144 4527 de
2175 4482 2223 4526 tc
2255 4472 2515 4543 cogitans,
2556 4489 2649 4526 nos
2680 4489 2797 4526 vero
2827 4474 3049 4527 humiles
3097 4474 3430 4545 despiciens?
3482 4476 3663 4532 Habe-

2082 4581 2196 4619 mus
2252 4573 2302 4617 et
2353 4580 2445 4617 nos
2505 4565 2690 4633 quibus
2741 4563 3056 4633 gloriemur,
3084 4564 3420 4637 Peripatum,
3467 4572 3663 4623 acade-

2082 4659 2270 4722 miam,
2329 4657 2580 4711 librorum
2622 4656 3102 4727 philosophicorum
3133 4661 3380 4727 oracula,
3438 4671 3487 4715 et
3534 4678 3663 4733 quos

2084 4750 2151 4805 ab
2200 4751 2433 4819 antiquis
2489 4759 2669 4820 partos
2724 4750 2981 4804 admirati
3014 4768 3219 4817 sumus,
3273 4768 3504 4823 quosque
3561 4755 3662 4823 ipsi

2084 4841 2442 4911 parturientes
2468 4841 2737 4899 emisimus
2766 4842 2820 4895 in
2845 4841 3032 4897 lucem.
3070 4842 3171 4897 Est
3192 4852 3243 4896 et
3270 4845 3414 4897 nobis
3441 4845 3512 4898 ad
3530 4860 3663 4914 gra-

2084 4933 2304 4986 vitatem
2329 4932 2539 4986 dicendi
2570 4930 2729 4986 Plato
2751 4933 3044 5004 theologus,
3069 4934 3378 4989 Aristoteles
3398 4936 3661 5005 physicus,

2085 5021 2306 5079 Italicus
2357 5023 2537 5079 doctor
2586 5031 2634 5077 et
2671 5025 2920 5095 scriptor.
2961 5024 3030 5077 Et
3067 5041 3163 5095 ego
3196 5024 3433 5079 tribunal
3472 5026 3661 5093 habeo.

2085 5114 2254 5169 multo
2303 5114 2653 5168 venerabilius
2711 5132 2871 5183 quam
2925 5124 3095 5179 tuum,
3118 5118 3259 5185 quod
3307 5118 3557 5171 nimirum
3606 5128 3663 5174 tu

2080 5211 2220 5262 circa
2274 5223 2356 5261 res
2402 5208 2755 5262 barbarorum
2784 5209 3033 5270 versaris,
3073 5208 3417 5278 barbarisque
3448 5220 3505 5263 ut
3537 5211 3663 5276 plu-

2083 5300 2275 5353 rimum
2309 5300 2661 5352 concionaris.
2707 5297 2885 5351 Meum
2933 5314 2965 5351 a
3011 5298 3395 5367 probatissimis
3435 5298 3666 5370 philoso-

2080 5392 2300 5460 phorum
2348 5387 2641 5460 perﬁcitur,
2693 5397 2741 5441 et
2794 5404 2972 5443 rerum
3011 5404 3201 5443 causas
3229 5398 3486 5446 sectatur.
3522 5392 3664 5456 Quid

2079 5477 2418 5545 supercilium
2465 5476 2766 5531 contrahis.’
2818 5475 3155 5533 Recordaris.
3190 5479 3402 5548 opinor,
3443 5480 3664 5537 illarum

2078 5572 2134 5624 in
2187 5570 2517 5640 philosOphia
2569 5571 3002 5623 exercitationum
3028 5612 3042 5635 ,
3081 5569 3475 5638 desiderasque,
3514 5582 3662 5643 puto,

2076 5661 2327 5732 graviora
2379 5658 2477 5712 illa
2507 5660 2707 5723 studia,
2732 5667 2782 5712 et
2813 5660 3064 5728 pristinas
3098 5665 3533 5730 exercitationes;
3562 5666 3666 5718 uti-

2078 5772 2203 5810 nam
2235 5753 2492 5806 desiderio
2522 5770 2649 5815 opus
2677 5754 3009 5809 respondeat.
3059 5753 3203 5810 Vale.
