4078 6440
391 362 527 433 1287

749 473 923 530 ῙΔ⁹.-
958 470 1071 528 Τοῦ
1099 469 1291 528 αὐτοῦ
1318 467 1398 535 τῷ
1427 467 1620 538 Musa.

1586 349 1986 413 THEODORI
2025 345 2434 413 PRODROMI

2005 472 2056 529 Α
2083 463 2218 534 πῦρ,
2252 460 2490 516 τοιοῦτοι
2515 458 2574 514 δὲ
2604 458 2714 516 ἀπὸ
2742 457 2842 531 τῆς
2873 458 3126 531 γλώττης
3155 459 3386 526 ἐξαίσιοι
3411 466 3686 534 κεραυνοί·

3551 343 3690 412 1288

462 565 634 624 Φασὶν
655 567 706 621 οἱ
726 565 1260 638 πεπειραμένοι,καὶ
1278 560 1390 631 ἐγὼ
1409 561 1694 632 πείθομαι,
1714 559 1980 614 θεσπεσία
2089 557 2169 627 Τῇ
2213 555 2313 625 μὲν
2339 553 2434 608 οῦν
2464 554 2738 635 παροιμίᾳ
2774 554 2849 625 μὴ
2882 553 3018 625 πυρὶ
3049 553 3162 625 πῦρ
3214 555 3448 623 ἐπάγειν
3499 555 3682 609 δοκεῖ·

400 680 492 734 μοι
520 661 598 730 τῷ
629 661 746 715 ὄντι
776 659 947 730 ψυχή.
983 658 1181 730 μικρὸν
1237 654 1488 726 ἀψίνθιον
1535 652 1721 724 πολλῷ
1750 651 1982 722 ὲγχυθὲν
2089 648 2200 719 ἐγὼ
2226 649 2272 702 δ’
2316 647 2576 712 ἐναντίως
2621 647 2654 719 ἢ
2711 648 2896 717 ἐκείνη
2952 646 3228 716 βούλεται,
3289 646 3461 719 φαίην
3493 649 3560 702 ἀν
3592 664 3691 701 σου

401 759 496 809 καὶ
539 753 825 824 ’Υμηττίῳ
856 751 935 822 τῷ
971 751 1149 822 μέλιτι
1183 749 1471 820 (Ἀττικῆς
1507 746 1562 800 δὲ
1578 746 1704 816 ϐρος
1722 740 1873 807 οἱδας
1889 744 1983 797 τὸν

408 846 685 917 Ὑμηττὸν
738 844 1094 915 μελιτουργδν
1169 843 1263 896 καὶ
1315 841 1533 912 μέλιτος
1581 838 1676 892 τοῦ
1731 833 1981 906 ἀρίστου)

401 940 648 995 ἀλλοιοῦν
684 955 742 991 τε
778 939 871 990 τὸν
902 935 1116 990 ἐκείνου
1161 934 1336 1006 χυμὸν
1377 920 1580 1002 καὶτῷ
1626 930 1824 984 ἑαυτοῦ
1860 945 1986 981 συν-

401 1033 704 1104 εξομοιοῦν.
760 1031 871 1084 Καὶ
915 1029 1016 1099 τὴν
1049 1027 1235 1081 αἰτίαν
1263 1025 1365 1079 οὐκ
1396 1024 1600 1093 ἀγεννῆ
1633 1021 1756 1076 οὐδὲ
1790 1021 1986 1087 ἄλογον

404 1127 480 1198 μὴ
511 1127 592 1179 ὅτι
629 1139 691 1193 γε
719 1123 816 1176 καὶ
846 1122 990 1175 πάνυ
1033 1117 1356 1188 σοφωτάτην
1382 1115 1735 1170 ἀποδιδόασιν
1763 1112 1864 1165 οὐκ
1889 1107 1988 1164 οἷδ’

400 1222 511 1274 εἴτε
543 1218 759 1274 οἴκοθεν
808 1217 1025 1278 ἑλόντες
1063 1213 1174 1267 εἴτε
1209 1212 1375 1265 πόθεν
1403 1207 1815 1277 δανεισάμενοι,
1857 1205 1988 1276 ῥᾷον

402 1314 460 1366 δέ
495 1329 629 1381 φασι
680 1309 880 1371 κακίας
938 1304 1343 1378 μεταδιδόναιῆ
1381 1301 1608 1373 ἀρετῆς.
1664 1297 1779 1351 Νῦν
1825 1296 1881 1350 δὲ
1927 1297 1990 1348 τὸ

407 1403 647 1461 ἐναντίον
678 1401 825 1457 ἅπαν
846 1401 1173 1471 ὲνήργηται’
1200 1399 1262 1450 τὸ
1283 1397 1391 1466 γὰρ
1428 1393 1626 1465 μικρὸν
1652 1390 1748 1445 τοῦ
1772 1393 1993 1444 έπιστου

404 1500 523 1554 λὶου
555 1515 649 1552 σου
679 1495 802 1567 μέλι
832 1495 892 1548 τὸ
911 1495 1002 1548 ναὶ
1041 1495 1116 1562 μὰ
1141 1493 1233 1545 τὸν
1267 1489 1362 1544 καὶ
1391 1489 1536 1561 πέρα
1557 1486 1652 1540 τοῦ
1691 1483 1992 1554 Ὑμηττίου

408 1593 584 1662 γλυκὺ
615 1592 695 1654 εἰς
723 1588 824 1659 τὴν
852 1585 1174 1657 κακόχυμον
1201 1583 1430 1654 πικρίας
1461 1581 1558 1635 καὶ
1577 1577 1860 1649 ἀνὶιινθώδη
1893 1592 1994 1646 μου

406 1683 589 1754 ψυχὴν
621 1679 895 1752 ἐμϐληθὲν
923 1678 1024 1731 οὐκ
1051 1676 1202 1729 ἐστιν
1231 1676 1332 1729 ὅσα
1359 1670 1568 1743 ταύτην
1624 1668 1999 1740 κατεμελίτω-

413 1796 526 1841 σεν,
558 1775 700 1829 ὥστε
750 1790 816 1844 με
855 1771 948 1825 καὶ⁸
991 1768 1424 1840 ἀντιστρέψαντα
1477 1765 1742 1819 δύνασθαι
1789 1763 1993 1830 λέγειν,

412 1873 542 1942 ῤ’ᾷον
601 1865 944 1939 μεταδιδόναι
996 1862 1200 1934 ἀρετῆς
1251 1861 1286 1932 ἢ
1337 1861 1562 1923 κακίας.
1602 1858 1711 1918 Καὶ
1766 1855 2004 1927 χαιρέτω

413 1979 496 2015 σοι
545 1962 643 2029 μὲν
692 1959 720 2011 ὁ
775 1954 1115 2027 τηλικούτων
1159 1953 1446 2022 γεννήτωρ
1495 1951 1790 2021 νοημάτων
1827 1947 1955 2010 νοῦς
1985 1962 1998 1978 ⁸

411 2052 653 2125 χαιρέτω
693 2049 752 2104 δὲ
787 2048 883 2102 καὶ
922 2048 956 2116 ή
1006 2045 1235 2116 τοιαύτη
1291 2045 1402 2096 τῶν
1437 2041 1748 2112 νοηθέντων
1780 2038 2007 2108 γλῶσσα

416 2144 709 2216 μηνύτρια,
744 2143 839 2194 καὶ
885 2140 946 2192 τὸ
993 2138 1211 2208 σύναμα
1259 2135 1422 2207 χαῖρέ
1455 2134 1548 2205 μοί
1581 2150 1678 2187 σου
1714 2131 2008 2203 χαιρήσειν

411 2233 534 2292 οἶδα
559 2237 655 2289 καὶ
693 2236 786 2288 τδν
825 2233 1072 2304 παρόντα
1105 2231 1354 2300 ποιήσων
1401 2230 1469 2300 τῇ
1503 2223 1872 2293 παραπτώσει
1907 2223 2006 2293 τῆς

415 2326 703 2399 ἡμεδαπῆς
737 2322 1040 2390 ἀξιώσεως.
1069 2322 1348 2394 Ἔρρωσθ.

953 2434 1054 2491 IE'.
1077 2466 1148 2476 —
1183 2434 1274 2501 Τῷ
1303 2434 1488 2501 αὐτῷ.

489 2553 662 2608 Τοῦτο
686 2552 898 2605 ὲκεῖνο·
933 2549 1163 2604 Γλῶσσα
1212 2549 1453 2603 πνέουσα
1503 2547 1664 2620 μένος
1720 2543 2011 2615 Ἀθηναίου

419 2645 614 2715 πυρὸς,
650 2643 818 2713 πυρὸς
864 2635 926 2695 οἶ)
959 2645 1056 2696 καὶ
1098 2642 1200 2711 τὴν
1252 2641 1418 2710 φύσιν
1450 2639 1716 2694 διιδέσθαι
1752 2638 1853 2692 οὐκ
1881 2636 2013 2708 ἔχω.

422 2731 518 2798 οἷς
550 2735 659 2805 γὰρ
714 2734 779 2787 ἀν
830 2733 1050 2804 ἐμπέσῃ
1097 2731 1477 2802 ποθεινότερον
1526 2731 1800 2800 φαίνεται,
1830 2729 1927 2782 καὶ
1953 2727 2015 2781 οὐ

427 2826 628 2898 μᾶλλον
657 2825 767 2894 πῦρ
805 2824 838 2896 ἢ
864 2825 1053 2896 δρόσος
1103 2825 1313 2888 τούτοις
1342 2825 1508 2886 δοκεῖ,
1558 2823 1634 2886 ὡς
1656 2821 1753 2876 καὶ
1775 2822 1842 2892 τῇ
1873 2821 2020 2875 Χαλ-

423 2919 586 2990 δαῖκῇ
617 2916 778 2971 τοῦτο
806 2918 869 2970 τὸ
919 2916 1082 2988 μέρος
1110 2915 1422 2981 ἐξισοῦσθαι
1459 2914 1694 2986 καμίνῳ,
1729 2907 1796 2988 ἧς
1820 2915 1881 2968 τὸ
1907 2915 2021 2985 πῦρ

421 3011 498 3074 ὡς
527 3010 746 3080 πνεῦμα
767 3009 962 3081 δρόσου
1010 3008 1352 3081 διασυρίζειν
1397 3010 1510 3072 τοῖς
1541 3006 1814 3077 θεολόγοις
1857 3006 2022 3061 παισὶ

428 3102 853 3176 μεμαθήκαμεν.
900 3101 1156 3156 Τοιοῦτόν
1206 3117 1299 3155 σου
1355 3100 1417 3155 τδ
1448 3099 1558 3154 ἀπὸ
1609 3099 1706 3154 τοῦ
1752 3098 2023 3170 στόματος

829 3290 974 3347 XIV.
1007 3320 1080 3332 —
1109 3287 1370 3360 Ejusdem
1420 3286 1602 3358 Mylae.

502 3387 698 3442 Dicunt
736 3385 825 3456 qui
856 3385 1058 3450 experti
1082 3391 1226 3446 sunt,
1259 3390 1418 3451 atque
1445 3395 1537 3450 ego
1567 3378 1723 3432 credo
1752 3375 1804 3448 (ο
1833 3377 2017 3432 anima

431 3481 558 3538 mihi
605 3496 725 3534 vere
767 3478 994 3544 divina),
1045 3490 1237 3540 parum
1297 3471 1543 3526 absinthii
1579 3470 1747 3524 multo
1782 3469 2019 3538 infusum

429 3575 696 3647 Hymettia
722 3571 867 3625 melli
897 3569 1104 3635 (Atticae
1146 3575 1377 3620 montem
1412 3565 1549 3618 nosti
1581 3580 1690 3617 esse
1714 3563 2020 3633 Hymettum

430 3671 520 3723 uti
569 3667 670 3720 mel
725 3663 1002 3732 conﬁcitur
1032 3669 1081 3714 et
1113 3661 1370 3729 optimum
1407 3657 1558 3726 mel),
1589 3657 1874 3710 immutare
1900 3671 2022 3710 eum

429 3777 643 3816 succum
685 3765 840 3828 atque
882 3758 938 3809 in
987 3754 1260 3826 proprium
1302 3757 1641 3816 convertere;
1698 3764 2023 3820 causamque

433 3870 540 3908 non
593 3850 880 3923 ignobilem
923 3863 1090 3917 neque
1150 3844 1440 3900 absurdam
1485 3842 1734 3913 afferunt,
1785 3841 1892 3895 imo
1934 3858 2023 3896 sa-

431 3946 837 4019 pientissimum,
885 3941 1061 3994 nescio
1115 3954 1185 3991 an
1225 3939 1382 3990 domo
1426 3952 1545 3990 eam
1579 3934 1908 4008 proferentes
1950 3948 2024 3988 an

431 4040 650 4096 aliunde
685 4045 1034 4092 mutuantes:
1065 4034 1278 4106 facilius
1309 4049 1420 4088 esse
1455 4033 1607 4088 aiunt
1636 4030 1766 4086 mali
1809 4029 2028 4102 partici-

433 4149 552 4203 pem
579 4131 699 4200 fieri
731 4147 895 4200 quam
930 4128 1072 4182 boni.
1110 4125 1264 4182 Nunc
1290 4140 1413 4179 uero
1452 4125 1783 4178 contrarium
1809 4122 2025 4176 omnino

430 4223 514 4292 ﬁt.
577 4215 841 4292 Exiguum
873 4218 1010 4273 illud
1063 4215 1365 4289 epistolium
1415 4226 1588 4281 tuum,
1624 4213 1730 4269 mel
1759 4215 2024 4286 profecto,

433 4331 483 4375 et
529 4319 799 4390 Hymettia
846 4316 1003 4370 melle
1047 4313 1252 4369 dulcius
1309 4313 1543 4385 infusum
1597 4315 1653 4368 in
1708 4315 2029 4368 amaritudi-

436 4428 556 4466 nem
613 4426 730 4481 qua:
781 4408 1101 4462 absinthium
1167 4406 1438 4476 aequabat,
1495 4406 1691 4460 anima:
1731 4421 1882 4471 mea,
1925 4407 2030 4461 dici

437 4523 543 4560 non
577 4513 747 4575 potest
785 4511 988 4571 quanta
1024 4501 1198 4557 mellis
1231 4501 1509 4556 dulcedine
1553 4517 1675 4556 eam
1703 4500 2025 4572 perfuderit,

438 4609 497 4655 ut
525 4601 854 4654 contrarium
883 4598 1054 4652 dicere
1082 4599 1278 4669 possim
1310 4612 1328 4650 :
1358 4595 1569 4665 facilius
1611 4610 1722 4649 esse
1749 4594 1872 4648 boni
1903 4610 2030 4665 par-

2093 740 2240 811 πρὸς
2269 737 2368 811 τὴν
2415 738 2588 810 σοφὴν
2651 737 2908 807 γλῶσσαν
2939 739 3037 794 καὶ
3084 739 3354 810 κεφαλὴν,
3411 739 3548 810 πυρὶ
3580 737 3695 809 πῦρ

2093 834 2289 904 ἔπαγε,
2321 835 2416 888 καὶ
2465 833 2783 905 πρηστῆρσι
2817 836 2936 907 (sic)
2971 839 3298 909 πρηστῆρας
3343 835 3690 908 προστίθεσο.

2093 927 2210 998 Οὐχ
2261 927 2644 998 άφθησόμεθα,
2709 928 2785 1000 μὴ
2822 928 3013 995 δέδιθι,
3073 930 3134 984 οὐ
3197 929 3691 1002 πυρπολησόμεθα,

2093 1019 2570 1090 δροσισθησόμεθα
2621 1022 2720 1075 καὶ.
2778 1022 2914 1075 πολὺ
2952 1023 3116 1076 πλέον
3168 1023 3265 1076 καὶ
3305 1023 3698 1093 ἀναψυχθηοό-

2099 1108 2265 1178 μεθα,
2325 1109 2402 1173 ὡς
2469 1110 2583 1164 εῐθε
2642 1112 2738 1165 καὶ
2775 1112 2805 1165 ό
2856 1112 2953 1166 τοῦ
3010 1113 3342 1186 γράμματος
3404 1115 3695 1186 κομιστής.

2109 1195 2270 1251 Ἀλλά
2304 1198 2382 1270 μὴ
2428 1201 2510 1262 εἱς
2570 1201 2786 1272 μακρόν
2820 1220 2885 1272 γε
2926 1206 3004 1276 μὴ
3035 1198 3081 1259 ὧ
3121 1205 3260 1274 πρὸς
3319 1205 3431 1259 τῶν
3467 1204 3696 1276 βίϐλων.

2101 1291 2374 1362 Ἐρῤωσω
2405 1292 2545 1366 (sic).

2613 1413 2734 1480 ις’.
2765 1442 2837 1455 —
2868 1411 2954 1480 Τῷ
2993 1413 3183 1480 αὐτῷ.

2173 1522 2246 1575 Σὺ
2289 1522 2388 1593 μὲν
2438 1525 2575 1594 ἡμῖν
2615 1525 2716 1589 τὰς
2758 1530 3091 1598 παρυπάτας
3121 1530 3215 1582 καὶ
3251 1529 3352 1594 τὰς
3378 1529 3614 1593 ὑπάτας,
3650 1528 3703 1581 εἱ

2107 1613 2288 1680 βούλει
2319 1614 2400 1680 δὲ,
2425 1617 2521 1670 καὶ
2563 1617 2664 1680 τὰς
2697 1620 2869 1689 νήτας
2896 1625 2990 1674 καὶ
3018 1627 3145 1686 τοὺς
3163 1622 3558 1694 ὑπερϐολαίους
3606 1622 3705 1676 καὶ

2104 1707 2204 1770 τὰς
2225 1707 2397 1778 λύρας
2424 1711 2521 1762 καὶ
2557 1710 2656 1774 τὰς
2706 1711 2968 1784 κιννύρας
3000 1715 3278 1785 ὲπίγραφε
3314 1716 3408 1768 καὶ
3437 1715 3533 1777 τὰς
3564 1730 3705 1783 χρυ-

2037 1833 2078 1889 B
2110 1798 2240 1863 σέας
2263 1799 2540 1869 γλώσσας,
2573 1806 2668 1857 καὶ
2695 1799 2853 1868 αὖθις
2887 1807 2985 1870 τάς
3029 1805 3439 1877 βροντοφώνους
3465 1822 3480 1837 ·
3514 1806 3706 1877 φιλίαν

2109 1892 2219 1964 γὰρ
2275 1895 2382 1948 κάν
2421 1896 2602 1968 τούτῳ
2653 1898 3004 1967 πρεσϐεύεις,
3055 1900 3162 1954 τῶν
3206 1902 3425 1956 οἰκείων
3456 1902 3704 1973 χαρίτων

2107 1989 2222 2049 τοῖς
2254 1987 2429 2057 φίλοις
2474 1989 2861 2061 κοινούμενος·
2907 1993 3020 2062 ἐγὼ
3048 1993 3301 2049 δὲταῦτα
3335 1994 3704 2063 παραλιπὼν,

2109 2081 2203 2132 καὶ
2251 2080 2470 2151 ἀπόχρη
2523 2084 2634 2155 γάρ
2687 2075 2792 2152 σοι’,
2832 2086 3059 2155 μέλιττα
3085 2086 3315 2159 μούσης,
3351 2091 3488 2159 πρὸς
3516 2091 3705 2143 πᾶσαν

2111 2172 2473 2242 σεμνολογίαν
2502 2175 2573 2228 τὰ
2595 2175 2923 2248 πράγματα,
2963 2178 3142 2232 ἐκεῖνο
3165 2179 3258 2232 ἐπὶ
3287 2181 3373 2233 σοὶ
3410 2181 3471 2234 τὸ
3502 2198 3707 2251 παροι-

2116 2265 2315 2334 μιῶδες
2356 2267 2796 2337 προσφορὼτατα
2823 2269 3234 2342 μεταλήψομαι.
3260 2271 3334 2324 Τδ
3358 2275 3512 2327 ποῖον
3535 2274 3707 2344 ὲρεῖςς

2112 2359 2188 2413 Τὸ
2223 2359 2430 2431 ἀναμὶξ
2457 2361 2714 2430 ἀγκύλων
2746 2362 2980 2427 ἱππότας
3003 2363 3431 2435 ἀποκρινοῦμαι.
3461 2366 3621 2429 Γένος
3648 2367 3713 2421 δὲ

2115 2454 2166 2507 οἱ
2197 2453 2426 2522 ἀγκύλοι
2453 2453 2736 2524 φάλαγγος
2765 2455 3003 2526 πεζικῆς
3031 2457 3131 2521 τῆς
3159 2458 3392 2526 ἱππικῆς
3423 2461 3714 2531 προμαχό-

2121 2565 2303 2620 μενον.
2325 2547 2418 2618 Τῷ
2445 2547 2560 2601 δντι
2578 2549 2688 2619 γὰρ
2717 2549 2921 2619 ἀναμὶξ
2942 2549 3200 2618 ἀγκύλων
3226 2550 3337 2606 τῶν
3359 2553 3714 2624 πραγμάτων

2120 2637 2372 2708 στροφῶν
2427 2639 2523 2694 καὶ
2577 2639 2948 2709 σκολιοττῖτων
3011 2643 3248 2707 ἱππότας
3294 2644 3406 2713 ὁρῶ
3457 2662 3552 2698 σου
3579 2647 3718 2711 τοὺς

2118 2727 2336 2798 λόγους,
2359 2727 2435 2792 ὡς
2460 2728 2560 2798 μὲν
2584 2729 2714 2783 ἱδεῖν
2771 2730 3062 2804 σοϐαροὺς,
3098 2732 3176 2796 ὡς
3213 2733 3269 2785 δὲ
3292 2733 3523 2804 δραμεῖν
3557 2751 3720 2806 ταχι-

2121 2821 2269 2885 νούς.
2340 2820 2480 2874 Ἀλλ’
2539 2821 2633 2874 ἐπὶ
2693 2824 2790 2892 μὲν
2824 2824 2934 2878 τῶν
2989 2825 3371 2896 στρατοπέδων
3424 2825 3652 2893 ἀταξίαν
3677 2831 3716 2900 ἠ

2121 2914 2350 2985 τοιαύτη
2396 2914 2509 2968 τῶν
2564 2914 2823 2984 ἀγκύλων
2869 2917 2964 2971 καὶ
3009 2918 3121 2972 τῶν
3175 2919 3424 2974 ἱπποτῶν
3458 2921 3720 2991 ἐμφαίνει

2079 3043 2084 3050 η
2123 3005 2402 3076 ἀναμιγή·
2460 3006 2553 3058 ἐπὶ
2590 3005 2649 3060 δέ
2703 3023 2796 3060 σου
2825 3007 2921 3062 καὶ
2953 3008 3164 3073 τάξεων
3205 3009 3306 3081 τὴν
3351 3011 3585 3083 ἀρίστην
3619 3014 3722 3066 καὶ

2127 3099 2611 3170 ὕπερφυεστάτην.
2651 3099 2724 3153 Ἣ
2749 3099 2860 3172 γὰρ
2893 3093 2938 3154 ὦ
2978 3101 3108 3172 πρὸς
3137 3101 3245 3156 τῶν
3277 3103 3454 3172 λόγων
3485 3104 3547 3158 οὗ
3574 3104 3723 3174 πέρα

2049 3283 2094 3346 C
2130 3282 2270 3354 ignis
2301 3283 2512 3352 prodit;
2552 3283 2688 3338 talia
2723 3300 2786 3338 ea:
2817 3292 2909 3340 tua
2935 3283 3119 3360 lingua
3146 3284 3444 3356 singularia
3472 3289 3725 3357 quietiam

2125 3377 2378 3448 fulmina.
2401 3376 2571 3433 Juxta
2601 3379 2917 3448 parwmiam
2967 3380 3122 3433 illam
3152 3380 3290 3451 ignis
3312 3380 3423 3450 igni
3448 3380 3727 3437 addendus

2124 3487 2231 3525 non
2281 3470 2510 3525 videtur.
2558 3470 2672 3541 Ego
2726 3486 2848 3525 vero
2877 3472 3229 3534 contrarium,
3273 3487 3435 3541 quam
3469 3470 3564 3525 illa
3597 3489 3732 3542 par-

2122 3564 2280 3618 wmia
2317 3563 2452 3629 vult,
2481 3563 2710 3618 dicerem
2743 3564 2807 3617 de
2835 3566 3075 3634 sapiente
3110 3562 3295 3635 lingua
3321 3574 3370 3618 et
3402 3573 3576 3619 mente
3603 3576 3726 3625 tua.

2123 3651 2272 3706 Adde
2323 3653 2434 3724 igni
2484 3654 2662 3723 ignem
2707 3661 2758 3706 ct
2811 3653 3122 3722 fulminibus
3183 3653 3415 3724 fulmina
3472 3672 3726 3727 appone:

2125 3763 2230 3801 non
2261 3763 2499 3813 uremur,
2523 3762 2589 3800 ne
2619 3749 2768 3814 time,
2805 3763 2912 3802 non
2944 3748 3313 3804 incendemur.
3351 3747 3518 3804 Multo
3548 3761 3727 3805 autem

2125 3842 2297 3911 magis
2336 3857 2455 3895 rore
2488 3843 2874 3912 perfundemur
2901 3853 2950 3896 et
3001 3842 3442 3916 refrigerabimur
3461 3863 3480 3911 ;
3511 3847 3726 3902 utinam

2126 3934 2437 3990 tabellarius
2483 3937 2580 3990 hoc
2625 3936 2826 4006 faciat,
2858 3944 2907 3990 et
2939 3945 3018 4001 tu,
3055 3937 3135 3992 vir
3167 3937 3484 4005 doctissime,
3520 3956 3629 3994 rem
3670 3942 3732 3997 in

2128 4032 2348 4099 longum
2395 4043 2504 4083 non
2564 4029 2878 4100 protrahas,
2930 4030 3037 4084 sius
3088 4028 3160 4083 ad
3218 4031 3382 4085 libros
3443 4032 3727 4088 amandes.

2131 4121 2280 4179 Vale.
3625 4119 3631 4124 ’

2677 4213 2820 4271 XVI.
2851 4245 2923 4255 —
2951 4215 3170 4271 Eidem.

2202 4327 2278 4384 Tu
2304 4327 2515 4398 quidem
2555 4327 2702 4380 nobis
2749 4329 2994 4384 inscribis
3033 4330 3297 4400 supremis
3347 4328 3558 4384 exordis
3591 4328 3730 4383 vici-

2131 4442 2230 4480 nas
2277 4433 2327 4480 et
2381 4440 2658 4496 supremas
2686 4426 2733 4478 si
2775 4427 2849 4480 vis
2878 4435 2928 4480 et
2971 4426 3186 4493 inﬁmas
3226 4437 3274 4482 et
3318 4428 3652 4482 acutissimas
3679 4443 3732 4488 et

2133 4517 2278 4588 lyras
2309 4527 2358 4571 et
2389 4518 2623 4572 citharas
2670 4525 2719 4572 et
2749 4519 2966 4573 titulum
3013 4521 3161 4574 nobis
3201 4537 3410 4592 appone
3439 4538 3734 4577 aurearum

2137 4611 2452 4681 linguarum
2507 4618 2557 4664 et
2592 4625 2805 4664 rursum
2847 4627 3031 4665 uocum
3081 4614 3305 4665 tonitru.
3361 4617 3489 4668 Ha'c
3519 4615 3733 4682 quidem

436 4693 644 4762 ticipem
696 4689 815 4756 ﬁeri
869 4703 1033 4757 quam
1069 4687 1224 4740 mali.
1278 4685 1522 4742 Gaudeat
1565 4701 1691 4756 ergo
1734 4702 1881 4740 metu
1939 4693 2031 4738 ενα
2064 4677 2109 4734 D
2138 4677 2453 4760 ornamenta
2487 4713 2580 4759 tua
2607 4712 2772 4770 sunt;
2829 4705 3124 4760 amicitiam
3152 4713 3331 4759 autem
3360 4707 3437 4759 sic
3463 4677 3752 4770 declaras,'

438 4782 633 4836 talium
685 4778 917 4849 genitria;
942 4778 1359 4848 cogitationum;
1388 4776 1620 4846 gaudeat
1647 4785 1695 4830 et
1731 4776 1912 4847 lingua
1949 4783 2032 4828 ta-

439 4873 506 4928 lis
559 4873 822 4936 interpres
868 4872 1252 4940 cogitatorum;
1304 4879 1354 4922 et
1393 4867 1556 4922 simul
1586 4880 1644 4924 tu
1689 4870 1817 4922 mihi
1857 4867 2031 4939 gaude

438 4973 622 5036 (atque
654 4963 707 5016 id
739 4961 1005 5031 facturum
1038 4969 1088 5013 te
1108 4961 1234 5014 bene
1258 4962 1400 5026 novi)
1435 4968 1752 5028 prasentem
1785 4959 2030 5014 exhibens

442 5058 508 5110 iis
538 5057 627 5126 qui
659 5054 874 5118 adsunt,
899 5052 1041 5106 domi
1074 5051 1221 5106 nobis
1253 5054 1502 5105 honorem
1531 5060 1742 5105 natum.
1773 5049 1922 5106 Vale.

1004 5163 1122 5220 XV.
1153 5194 1225 5204 —
1255 5162 1468 5218 Eidem.

508 5261 616 5318 Hoc.
665 5261 921 5314 nimirum
960 5257 1097 5313 illud
1145 5267 1222 5313 est
1273 5258 1458 5329 lingua
1500 5258 1721 5329 spirans
1770 5258 2028 5314 ardorem

445 5355 799 5410 Atheniensis
854 5353 1025 5424 ignis;
1084 5354 1220 5422 ignis
1283 5353 1507 5423 inquam
1566 5352 1717 5418 cuius
1779 5361 2031 5406 naturam

447 5459 756 5516 pernoscere
785 5460 888 5497 non
925 5459 1158 5513 possum.
1191 5442 1390 5509 Quibus
1416 5444 1557 5498 enim
1587 5444 1792 5510 incidit,
1833 5444 2035 5498 deside-

448 5536 672 5590 rabilem
702 5553 756 5590 se
785 5551 896 5591 esse
925 5539 1181 5603 ostendit;
1223 5555 1316 5591 nec
1361 5539 1530 5607 magis
1563 5538 1700 5609 ignis
1741 5555 1905 5609 quam
1945 5555 2032 5593 ros

2136 4799 2452 4854 domesticas
2507 4800 2736 4854 charites
2780 4814 2902 4852 cum
2943 4799 3126 4854 amicis
3170 4800 3586 4853 communicans.
3617 4798 3734 4868 Ego

2139 4895 2250 4947 haec
2299 4891 2541 4961 linquens
2573 4890 2789 4963 (etenim
2817 4891 3004 4962 sufficit
3047 4893 3139 4946 tibi
3175 4893 3290 4963 apis
3328 4907 3492 4946 musae
3524 4902 3628 4945 tum
3660 4893 3734 4945 ad

2139 4986 2374 5058 graviter
2394 4999 2732 5054 quascunque
2759 4999 2840 5038 res
2867 4983 3200 5050 tractandas)
3225 4983 3379 5037 illum
3407 4983 3731 5050 partemiam

2146 5077 2236 5132 tibi
2279 5077 2833 5130 convenientissimum
2879 5076 3162 5144 accipiam.
3209 5075 3340 5140 Qum
3366 5091 3430 5128 ea
3462 5073 3582 5128 est?
3625 5072 3734 5127 Re-

2143 5169 2464 5237 spondemus
2492 5167 2656 5220 simul
2688 5165 2898 5237 ancyles
2927 5172 2976 5216 et
3010 5166 3224 5234 equites.
3259 5163 3397 5218 Sunt
3424 5174 3601 5217 autem
3637 5181 3738 5216 an-

2144 5257 2285 5328 cyles
2330 5273 2494 5328 genus
2540 5258 2798 5327 pedestris
2832 5257 3116 5328 phalangis
3158 5256 3300 5326 quod
3335 5272 3456 5310 cum
3494 5257 3737 5325 equitatu

2141 5362 2366 5424 pugnat.
2412 5351 2543 5406 Vere
2587 5352 2729 5405 enim
2765 5369 2874 5405 una
2909 5367 3029 5404 cum
3078 5349 3351 5421 ancylibus
3404 5348 3738 5418 negotiorum

2141 5448 2522 5518 implexorum,
2587 5455 3067 5514 tortuosorumque,
3122 5444 3276 5514 quasi
3332 5447 3532 5513 equites
3584 5441 3738 5496 video

2142 5543 2412 5597 orationes
2460 5549 2603 5604 tuas,
2640 5538 2890 5592 sublimes
2925 5546 3162 5609 aspectu,
3192 5552 3347 5590 cursu
3389 5535 3605 5590 veloces.
3634 5534 3740 5590 Sed

447 5630 527 5682 his
592 5637 811 5698 apparet
848 5647 865 5695 ;
909 5640 963 5682 ut
1012 5645 1289 5698 extrquare
1344 5628 1528 5699 aliqua
1597 5640 1751 5701 parte
1797 5632 2043 5686 uideatur
2146 5643 2343 5706 prwter
2397 5634 2593 5704 pedites
2626 5649 2840 5704 sparsas
2883 5634 2937 5686 hi
2971 5631 3184 5702 ancyles
3239 5618 3286 5684 et
3343 5631 3539 5700 equites
3584 5630 3740 5683 mixti

448 5720 799 5778 Chaldaicam
827 5722 1095 5792 fornacem
1126 5722 1189 5776 de
1215 5739 1319 5793 qua
1359 5725 1595 5779 novimus
1622 5726 1795 5795 ignem
1822 5734 1878 5778 ut
1905 5726 2044 5779 roris
2149 5736 2434 5800 apparent,
2492 5726 2749 5779 nimirum
2801 5732 2996 5795 praeter
3039 5733 3159 5778 tuas
3209 5723 3438 5793 optimas
3476 5719 3740 5774 excellen-

443 5815 695 5891 gpiriturn
749 5816 953 5886 amasse
1004 5817 1207 5873 divinos
1253 5833 1460 5890 pueros.
1517 5817 1659 5874 Talis
1705 5835 1769 5874 ex
1819 5835 1910 5874 ore
1957 5828 2047 5875 tuo
2151 5822 2486 5876 tissimasoue
2536 5825 2765 5884 turmas,
2812 5815 3078 5872 hominem
3137 5813 3371 5876 profecto
3434 5812 3584 5866 video
3633 5827 3739 5867 nan
