4078 6390
386 343 520 430 1289

1540 351 1868 428 SCRIPTA
1909 345 2469 428 MISCELLANEA.

3505 365 3523 428 I
3542 366 3640 430 290

379 467 683 550 θαύματος,
715 478 1000 550 ἄνθρωπον
1025 478 1340 552 λογίσμασι,
1388 479 1486 534 καὶ
1521 479 1952 551 δημοκοπήμασι
1980 478 2028 537 Α
2056 480 2120 530 ἐκ
2174 459 2384 548 δρυμοῦ
2445 477 2473 530 ό
2507 475 2806 540 ἀντίπαλος
2833 492 2850 543 ;
2881 476 2949 532 Τί
2977 476 3033 530 δὲ
3081 475 3183 532 οὐκ
3221 477 3539 542 ἑπιὸλέπεις
3583 473 3643 547 ἐξ

381 575 477 628 καὶ
509 572 813 644 βασιλικοῖς
836 574 1110 644 ὁσημέραι
1156 574 1580 644 διαπονούμενον
1607 572 1953 645 πράγμασιν,

377 653 572 718 ἔπειτα
599 664 743 718 οὕτω
786 666 884 735 μὲν
915 665 1126 736 ὑψηλὴν
1177 665 1277 736 τὴν
1312 666 1574 727 διάνοιαν,
1603 665 1685 719 ἔτι
1717 665 1775 718 δὲ
1797 665 1954 718 ἀττι-

381 759 591 828 κουργῆ
617 757 712 826 τὴν
733 757 878 822 λέξιν
906 757 1170 811 ἐντιθέναι
1204 761 1316 820 τοῖς
1346 758 1692 829 γράμμασιν,
1715 758 1792 822 ὡς
1819 759 1885 812 ἂν
1907 757 1956 810 εἰ

385 851 572 922 μόναις
596 853 718 914 ταῖς
770 850 970 920 βίϐλοις
1001 853 1063 903 τὸ
1108 853 1215 904 πᾶν
1240 850 1335 904 τοῦ
1367 851 1483 921 βίου
1517 851 1952 920 ἀπονενέμηκεν.

391 932 537 1011 Ἒγὼ
569 943 667 1008 μὲν
717 939 868 1012 οἶμαι
908 942 1002 996 καὶ
1035 943 1095 995 ού
1123 944 1311 1014 πόρρω
1354 944 1484 1006 ίσως
1515 939 1674 1013 οἴμαι
1708 941 1911 996 σκοποῦ
1937 957 1950 972 '

378 1035 492 1089 ἀλλ’
529 1034 635 1087 ἔδει
681 1036 901 1096 πάντως
935 1035 1026 1087 καὶ
1075 1034 1201 1097 τοὺς
1234 1034 1512 1105 παρόντας
1547 1035 1730 1105 ἡλίους
1762 1036 1956 1104 καινήν

375 1142 499 1179 τινα
517 1125 677 1192 φύσιν
697 1125 774 1196 τῷ
795 1125 895 1196 βίῳ
919 1128 1303 1196 παρενεγκεῖν.
1324 1129 1418 1180 καὶ
1437 1127 1498 1195 δὴ
1522 1128 1617 1180 καὶ
1637 1127 1954 1196 παρήνεγκε

374 1217 467 1270 τὸν
498 1217 782 1271 κάλλιστον
817 1220 912 1271 καὶ
945 1218 1124 1286 λόγοις
1165 1221 1256 1271 καὶ
1293 1218 1588 1288 πράγμασι
1623 1217 1702 1278 σὲ.
1738 1219 1815 1278 ὠς
1855 1216 1954 1286 γέ-

375 1309 520 1363 νοιτό
567 1327 660 1363 σου
704 1310 798 1363 καὶ
838 1302 957 1373 τοῖς¹
1005 1297 1190 1374 καλοῖς
1236 1309 1470 1380 υίέσινῆ
1508 1309 1668 1378 φύσις
1699 1309 1953 1378 καθάπερ

375 1400 500 1454 εἴτι
533 1400 915 1472 κληροδότημα
943 1401 1402 1472 παραπόμπιμος,
1428 1401 1572 1455 ἴνόὐ
1600 1401 1715 1473 (sic)
1751 1399 1954 1469 μᾶλλον

372 1497 488 1558 τοῖς
518 1499 852 1566 σωματικοῖς
899 1497 1281 1568 χαρακτῆρσιν
1325 1496 1356 1562 ἢ
1385 1497 1498 1560 τοῖς
1525 1495 1776 1566 ψυχικοῖς
1808 1493 1951 1548 ίδιὼο

379 1591 511 1658 μασι
540 1588 632 1642 τὸν
662 1588 1068 1660 γεννησάμενον
1101 1588 1458 1654 ἀποσώζοιεν.
1499 1576 1772 1662 Ἐρῤωσο.

2061 570 2293 641 οὐρανοῦ
2318 568 2420 640 τῆς
2445 569 2609 640 νήσου
2633 568 2735 638 τῆς
2763 568 2905 624 κατά
2936 567 3017 633 σὲ,
3059 569 3155 622 καὶ
3177 570 3525 641 καταρτῐζεις
3542 573 3645 640 τὴν

2062 659 2308 730 ἄμπελον
2341 659 2548 731 ταύτην
2609 661 2676 729 ἢν
2709 661 2743 732 η
2800 660 2952 728 δεξιά
2995 679 3087 715 σου
3113 662 3415 730 ἑφύτευσες
3451 665 3644 717 Φιλιπ-

2063 753 2257 823 πήσιός
2292 756 2430 825 εἰμι,
2463 754 2752 824 Κορίνθιός
2782 757 2922 824 είμι,
2952 757 3222 830 Γαλάτης,
3259 759 3529 826 Ἐφέσιος,
3552 760 3641 813 διά

2061 845 2278 899 Παύλου
2311 847 2631 918 προσῆλθον,
2663 848 2753 901 διὰ
2783 848 2998 903 Παύλου
3025 851 3382 913 πεπίστευκα,
3419 851 3636 905 Παύλου

2061 938 2162 1008 τῆς
2195 937 2321 1001 Θέας
2361 939 2654 993 ἀπολαύειν
2689 941 2787 994 οὐκ
2811 939 2938 1012 ἔχω.
2969 943 3035 996 Τί
3063 943 3170 1012 μή;
3211 942 3313 996 κᾶν
3343 944 3450 996 τῶν
3493 942 3643 996 Παύο

2062 1029 2156 1082 λου
2194 1029 2454 1083 ἀπολαύω
2487 1032 2811 1087 ἐπιστολῶν,
2863 1033 3004 1086 Ἀλλ’
3034 1036 3196 1104 ἡμεῖς
3249 1037 3346 1105 μὲν
3376 1034 3468 1088 τὸν
3498 1036 3637 1105 ὑμέ-

2061 1136 2219 1188 τερον
2253 1120 2384 1172 Θεὸν
2415 1122 2511 1174 καὶ
2547 1121 2769 1190 βασιλέα
2801 1123 3009 1192 Ἰησοῦν
3039 1126 3408 1195 μιμησάμενοι
3454 1126 3545 1178 τὸν
3579 1123 3637 1191 ἑξ

2061 1210 2234 1265 ἀϊδίου
2288 1213 2388 1283 μὲν
2438 1215 2550 1278 τοῖς
2585 1215 2874 1284 πατρικοῖς
2903 1217 3391 1286 ἐπαναπαυόμενον
3419 1217 3638 1280 κόλποις

2061 1306 2118 1357 ὲν
2148 1304 2418 1374 οὐρανοῖς,
2455 1306 2788 1361 κατελθόντα
2807 1307 2852 1360 δ’
2885 1306 3112 1379 ὕστερον
3137 1311 3228 1362 καὶ
3257 1309 3384 1378 περὶ
3410 1307 3508 1378 τὴν
3534 1309 3638 1377 γῆν

2054 1396 2156 1448 ικαὶ
2215 1395 2335 1465 μεθ’
2399 1398 2624 1466 ἡμερῶν
2675 1399 2874 1468 ὀλίγων
2925 1401 3209 1472 διατριόἀς
3253 1400 3362 1453 ἀπὸ
3409 1401 3507 1468 τῆς
3535 1400 3640 1468 γῆς

2060 1486 2425 1540 ἐπανελθόντα
2467 1489 2631 1542 πάλιν
2677 1493 2758 1554 εἰς
2795 1493 2860 1544 τά
2894 1494 3122 1562 οὐράνια
3170 1492 3531 1554 καταϐάντες.
3562 1491 3641 1555 ὡς

2058 1578 2152 1630 ἀπ’
2188 1579 2423 1649 οὐρανοῦ
2442 1584 2540 1650 τῆς
2571 1583 2734 1652 νήσου
2766 1584 2865 1654 τῆς
2900 1584 3028 1655 περὶ
3066 1586 3210 1655 ὑμᾶς
3246 1587 3342 1640 καὶ
3363 1587 3515 1640 αὐτοὶ
3544 1586 3641 1655 καὶ

2056 1667 2212 1737 ὀλίγα
2260 1672 2371 1733 τοῖς
2420 1675 2546 1742 περὶ
2610 1676 2758 1744 ἡμᾶς
2795 1675 3260 1746 ένδιατετριφότες
3311 1679 3638 1745 πράγματα.

379 1743 1156 1840 ξῇλῖςηῖεσξρλόξὶ
1177 1743 1951 1840 ζξξῃῃέρξῇνλξοζξιρκ-ὸζηξξίιξ
1985 1738 2026 1794 Β
2060 1762 2186 1830 περὶ
2221 1760 2315 1814 τὸν
2345 1738 2757 1834 ὑμέτεροννκαὶ
2818 1769 2981 1822 πάλιν
3016 1738 3248 1840 ούρῄανὸν
3273 1738 3637 1836 ὲπετάσθητε.

445 1816 896 1904 καθῃγούτιυιενςρι
924 1816 1033 1904 τῇς
1053 1816 1158 1904 ῥιπὶ
1188 1814 1586 1904 ﬁge/axium
1615 1818 1953 1904 σεϐασζμῖις

438 1882 634 1954 μονῆς
666 1882 787 1939 τῶν
826 1885 1208 1955 Βουλγάρων,
1252 1886 1352 1939 ὅτε
1380 1882 1530 1954 ἦλθε
1577 1886 1730 1952 πρὸς
1757 1882 1819 1938 τὸ
1849 1903 1956 1952 νη-

444 1958 588 2008 σίον
618 1959 649 2009 ό
678 1955 1004 2025 ἀγριώτατος
1029 1954 1197 2022 ἡμῶν
1227 1954 1531 2022 δεσπότης
1554 1956 1675 2009 ἀπὸ
1708 1955 1814 2009 τοῦ
1841 1971 1953 2008 πα.

447 2028 784 2094 τριαρχείου
810 2026 1212 2094 ἀρῤωστήσας
1250 2027 1349 2079 καὶ
1369 2028 1918 2094 παραιτησάμενος.

440 2135 639 2205 Οἴμοιί
687 2135 949 2188 θεσπέσιε
996 2139 1091 2190 καὶ
1124 2137 1254 2205 σοφέ
1291 2154 1395 2208 μου
1437 2138 1620 2207 Πάτερ
1648 2139 1742 2191 καὶ
1774 2138 1950 2210 σῶτερ

375 2227 520 2298 μέγα
574 2227 864 2298 Γρηγόριε,
923 2228 1007 2281 ὅτι
1060 2229 1377 2283 ἐκλέλοιπεν
1432 2230 1581 2293 ὅσιος
1631 2229 1726 2299 ἀφ’
1765 2229 1946 2300 ἡμῶν,

375 2317 574 2388 μᾶλλον
604 2320 659 2372 δὲ
711 2321 811 2389 οὐχ
843 2315 943 2386 εἷς,
1003 2320 1140 2374 ἀλλὰ
1173 2321 1264 2374 δύο
1311 2321 1452 2374 κατὰ
1480 2321 1678 2375 ταυτὸν
1707 2321 1947 2374 ἐκλελοίο

374 2412 537 2464 πατε.
568 2408 767 2479 Οἴμοιῐ
803 2411 883 2463 ὅτι
923 2400 1142 2482 μακράν
1163 2401 1270 2464 ἀπὸ
1302 2410 1648 2480 ἁμαρτωλῶν
1680 2411 1946 2480 σωτηρία

367 2502 554 2571 οἴμοιῐ
587 2503 670 2556 ὃτι
709 2503 1048 2572 ἐγενήθημεν
1096 2503 1171 2566 ὼς
1219 2505 1280 2555 τὸ
1333 2503 1608 2573 ἀπαρχῆς.
1657 2502 1766 2555 Ποῦ
1819 2520 1946 2556 ποτε

371 2592 691 2662 φυγαδεύων
748 2592 1048 2664 μακρύνεις
1081 2594 1176 2646 καὶ
1205 2593 1340 2664 πρὸς
1387 2593 1550 2646 ποίαν
1578 2592 1820 2657 αύλίζεις
1847 2592 1946 2662 τὴν

371 2674 469 2756 ἕρη
479 2703 578 2756 μον
601 2704 615 2752 ;
647 2687 894 2757 Ἕρημον
917 2686 1170 2756 βοηθείας
1193 2686 1285 2739 τὸν
1308 2678 1350 2738 Π
1360 2685 1620 2757 ρόδρομον
1641 2685 1944 2753 προλιπὼν.

374 2777 654 2846 ’Δμπελον
706 2779 762 2845 ἐξ
797 2778 1073 2846 Αἰγύπτου
1115 2778 1357 2848 μετῆρας
1381 2778 1481 2848 τὴν
1513 2779 1650 2849 ἐμὴν
1671 2776 1849 2848 ψυχὴν
1883 2779 1948 2830 ὲκ

367 2870 469 2934 τῆς
504 2871 781 2943 ἁμαρτίας
801 2873 896 2924 καὶ
919 2875 982 2942 τῇ
1007 2873 1078 2942 γῇ
1107 2872 1206 2942 τῆς
1236 2870 1575 2938 ἐπαγγελίας
1600 2857 1768 2939 αύτὴν
1794 2871 1946 2939 ὲνερ·

370 2959 608 3028 ῥίζωσας
653 2962 748 3014 καὶ⁹
812 2959 890 3032 τῷ
919 2954 1130 3032 θριγγῷ
1179 2962 1274 3014 σου
1324 2957 1433 3013 τῶν
1459 2961 1806 3030 διδαγμάτων
1837 2959 1946 3013 τῶν

369 3049 598 3117 ἡλίκων,
617 3051 760 3122 ἦλιε,
784 3052 1048 3106 κυκλόθεν
1077 3053 1608 3123 περιεφράγμωσας.
1635 3054 1753 3104 Ἵνα
1777 3051 1830 3104 τί
1859 3068 1942 3104 σοι

2052 1850 2126 1903 Τὸ
2159 1849 2216 1904 δὲ
2241 1850 2368 1919 ἑξῆς
2396 1854 2497 1907 οὐκ
2528 1854 2608 1908 ἔτι
2637 1859 2896 1927 συνάγειν
2927 1858 3197 1930 ἐχω,ούδὲ
3229 1861 3340 1923 τοῖς
3371 1860 3464 1913 τοῦ
3499 1861 3636 1930 Χρι-

2053 1941 2180 1994 στοῦ
2224 1942 2608 2014 συνεξομοιοῦν
2632 1963 2646 1978 ο
2698 1952 3114 2021 τεσσαράκοντα
3140 1954 3246 2020 γάρ
3271 1953 3486 2022 ἡμέρας
3541 1953 3636 2006 καὶ

2053 2031 2194 2102 ὑπὲρ
2224 2033 2429 2097 ταύτας
2491 2039 2710 2109 μικρὸν,
2757 2043 2896 2108 μετά
2948 2042 3045 2114 τὴν
3070 2043 3164 2096 τοῦ
3203 2044 3418 2113 πρώτου
3452 2048 3640 2117 [Iapetu-

2051 2126 2250 2192 κλήτου
2285 2127 2576 2198 ἀνάληψιν,
2616 2131 2706 2183 καὶ
2736 2133 2974 2202 οὐδαμοῦ
3023 2137 3157 2204 ἡμῖν
3184 2138 3211 2188 ὁ
3245 2138 3402 2200 ἀλλος
3452 2142 3635 2210 Παρά-

2051 2215 2270 2286 κλητοῖ,
2302 2218 2377 2281 ὡς
2409 2219 2521 2285 εἴθε
2553 2239 2641 2292 μοι
2670 2225 2734 2276 ἐκ
2762 2225 2856 2277 τοῦ
2888 2225 3055 2278 αὑτοῦ
3089 2228 3318 2294 οὐρανοῦ
3341 2231 3433 2282 καὶ
3459 2231 3487 2280 ὁ
3509 2230 3633 2284 δεύ-

2050 2323 2212 2378 τερος
2241 2309 2383 2379 μετὰ
2413 2311 2504 2366 τὸν
2535 2314 2753 2382 πρῶτον
2775 2317 3091 2386 καταπταίη
3124 2319 3499 2388 Παράκλητος,
3540 2321 3636 2374 καὶ

2053 2399 2233 2455 λαϐὼν
2284 2402 2494 2456 ἐκεῖθέν
2538 2403 2832 2472 ἀναγγελεῖ
2888 2407 3058 2477 κάμοῖ
3113 2407 3183 2462 τά
3237 2413 3480 2481 σωτήρια
3539 2414 3637 2465 καὶ

2051 2493 2270 2566 γλώσσῃ
2333 2497 2538 2568 πυρίνῃ
2581 2498 2762 2551 λαλεῖν
2826 2517 2892 2569 με
2948 2503 3441 2572 παρασκευάσειεν.
3470 2505 3632 2559 Ἀλλά

2054 2584 2230 2638 ταῦτα
2259 2586 2358 2655 μὲν
2387 2589 2510 2641 ὅποι
2540 2590 2618 2660 τῷ
2645 2591 2763 2660 Θεῷ
2793 2593 2944 2660 φίλον
2971 2593 3180 2661 ἄγοιτο.
3210 2596 3282 2648 Τὸ
3305 2597 3361 2648 δὲ
3384 2597 3478 2650 νῦν
3506 2598 3632 2667 ἕχον
3743 2663 3748 2666 _

2055 2675 2531 2749 λειποψυχοῦμεν,
2581 2684 2780 2752 μᾶλλον
2845 2686 2899 2738 δὲ
2956 2685 3307 2756 ἀψυχοῦμεν,
3347 2694 3638 2761 σοφωτάτη

2055 2767 2222 2841 ψυχὴ,
2275 2772 2481 2839 όσῶραι
2521 2775 2629 2827 τῶν
2663 2777 2770 2828 σῶν
2801 2779 3145 2848 μεμνημένοι
3181 2781 3542 2853 προρῤήσεὼν
3573 2801 3634 2836 τε

2055 2864 2150 2913 καὶ
2177 2864 2510 2935 ἀγαπήσεων
2573 2869 2668 2922 ἐπὶ
2711 2869 2844 2923 Θεοῦ
2896 2871 2990 2924 καὶ
3022 2873 3270 2940 ἀγγέλων
3301 2874 3398 2945 τὴν
3433 2875 3638 2946 ζημίαν

2053 2955 2157 3023 τὴν
2189 2958 2462 3028 κοσμικὴν
2489 2956 2999 3032 διαμαρτυρόμεθα,
3031 2966 3320 3034 μαχόμεθα
3347 2969 3467 3030 ταῖς
3495 2972 3638 3037 ἀχα-

2053 3045 2258 3113 ρίστοις
2289 3048 2580 3116 γλώσσαις.
2637 3055 2876 3124 Πρᾶγμα
2927 3056 3061 3124 μηδὲ
3106 3057 3188 3118 εἰς
3229 3056 3453 3121 ἐλπίδας
3497 3059 3635 3121 ὅλως

367 3139 508 3211 αῦτη
558 3142 979 3198 καταλέλειπται
1032 3143 1150 3206 νῦν,
1194 3146 1285 3196 καὶ
1321 3143 1640 3214 λυμαίνεται
1671 3142 1840 3214 αὐτὴν
1872 3134 1936 3204 ὗς
1966 3140 2010 3201 C
2047 3139 2210 3191 πεσὸν
2236 3140 2509 3214 ἀνθρώπῳ
2539 3143 2664 3197 νοῦν
2682 3145 2883 3215 ἔχοντι.
2927 3147 2999 3199 Τὸ
3046 3149 3262 3217 πρῶτον
3301 3149 3509 3203 τούτων
3535 3151 3633 3204 καὶ

372 3278 541 3334 solum
559 3275 893 3337 admirandis
924 3283 1271 3347 orationibus,
1290 3283 1379 3337 sed
1408 3291 1456 3336 et
1488 3283 1704 3353 operam
1733 3279 1948 3335 da'nte'm

372 3373 841 3427 consultationibus
888 3377 937 3426 et
972 3373 1191 3443 publicis
1223 3373 1513 3427 actionibus
1543 3382 1590 3426 et
1636 3372 1790 3442 regiis
1823 3383 1950 3440 quo-

369 3465 497 3518 tidie
547 3466 808 3532 negotiis;
848 3466 1035 3520 deinde
1083 3467 1214 3520 adeo
1273 3467 1523 3520 sublimia
1572 3483 1748 3530 sensa,
1797 3475 1954 3534 atque

367 3557 600 3613 Atticam
643 3560 936 3613 orationem
993 3560 1181 3615 litteris
1237 3563 1558 3630 inspersam,
1615 3561 1768 3631 quasi
1806 3559 1954 3615 libris

367 3650 493 3702 solis
524 3665 677 3703 omne
717 3651 837 3703 vita
870 3658 1075 3718 tempus
1111 3651 1483 3704 distribuissel.
1524 3650 1786 3720 Equidem
1833 3667 1954 3704 cen—

369 3756 481 3802 seo,
515 3748 564 3793 et
607 3741 836 3808 fortasse
877 3757 982 3794 non
1011 3740 1164 3810 longe
1194 3759 1224 3794 a
1256 3745 1476 3795 veritate
1509 3757 1692 3795 censeo
1737 3743 1846 3813 (sed
1880 3743 1954 3796 sic

370 3830 585 3882 omnino
620 3846 824 3884 necesse
858 3837 994 3900 erat)
1031 3841 1347 3900 praesentem
1392 3832 1530 3886 diem
1577 3849 1767 3888 novam
1797 3843 1956 3888 natu-

371 3930 489 3975 ram
542 3924 665 3976 vitte'
707 3923 980 3977 hominum
1032 3923 1297 3978 attulisse.
1353 3924 1420 3978 Te
1465 3941 1586 3979 vero
1632 3927 1953 3980 orationibus

366 4013 672 4076 scribendis,
712 4011 1035 4084 negotiisque
1057 4013 1353 4067 tractandis
1393 4014 1732 4068 excellentem
1763 4016 1951 4079 tulere,

367 4113 426 4157 ut
481 4103 601 4172 ﬁat,
657 4111 707 4157 et
761 4103 887 4172 filiis
941 4105 1062 4166 tuis,
1119 4105 1430 4158 [hereditate
1479 4105 1639 4159 veluti
1687 4109 1953 4176 quoddam

368 4195 566 4248 donum
613 4194 1004 4259 transmissum,
1035 4193 1143 4246 hwc
1174 4202 1403 4259 natura;
1454 4205 1510 4248 ut
1553 4203 1660 4249 novt
1700 4196 1872 4249 solum
1899 4199 1953 4251 in

372 4287 607 4356 Corporis
659 4285 1016 4349 lineamentis,
1044 4286 1134 4338 sed
1163 4295 1212 4338 et
1242 4286 1296 4338 in
1342 4285 1408 4340 iis
1438 4303 1641 4356 quoque
1682 4305 1799 4358 qua:
1836 4291 1954 4344 aui-

371 4393 473 4432 mte
502 4385 626 4431 sunt
657 4379 873 4449 propria
905 4378 1180 4447 progenies
1202 4385 1460 4432 servetur.
1488 4377 1632 4432 Vale.

375 4532 546 4588 XVII.
576 4565 640 4576 —
670 4532 931 4604 Ejusdem
982 4532 1050 4604 ard
1107 4531 1466 4604 Gregorium,
1503 4534 1834 4589 monachum
1894 4545 1952 4592 et

448 4603 1043 4658 abbatems'eneranili
1079 4603 1402 4657 monasterii
1447 4603 1838 4673 Bulgarorum,
1892 4607 1947 4661 in
1987 4610 2026 4664 D

445 4673 580 4728 Oxia
615 4673 795 4728 insula
847 4675 962 4736 siti,
997 4688 1122 4726 cum
1157 4675 1226 4728 ad
1264 4673 1501 4727 insulam
1536 4677 1787 4730 venisset
1826 4681 1946 4732 san-

444 4746 726 4817 ctissimus
777 4744 1044 4817 dominus,
1087 4751 1275 4799 noster
1324 4759 1392 4799 ex
1445 4743 1782 4814 patrial-chio
1824 4756 1950 4817 post

448 4813 702 4869 morbum
722 4823 778 4868 et
807 4813 1237 4867 abdicationem.

447 4927 546 4982 Hei
577 4931 703 4984 mihi
727 4931 747 4984 .'
769 4931 934 4986 Pater
980 4930 1052 4984 mi
1077 4931 1252 4984 divine
1283 4943 1332 4985 et
1378 4933 1587 5004 sapiens
1611 4943 1658 4987 et
1690 4942 1952 4998 servator,

373 5025 565 5090 inagna
588 5012 969 5092 Gregori,quia
996 5019 1185 5090 defecit
1222 5039 1254 5075 a
1286 5022 1431 5076 nobis
1461 5024 1700 5090 sanctus,
1726 5025 1833 5078 sive
1854 5041 1950 5093 p0-

375 5115 480 5168 tius
520 5131 626 5168 non
666 5132 807 5170 unus
849 5116 940 5170 sed
979 5115 1081 5170 duo
1119 5117 1301 5170 eodem
1345 5128 1579 5188 tempore
1633 5119 1952 5186 defecerunt.

374 5205 474 5260 Hei
501 5209 627 5264 mihi
651 5210 672 5263 !
715 5209 840 5279 quia
882 5209 1034 5276 longe
1061 5226 1094 5262 a
1123 5211 1482 5276 peccatoribus
1503 5210 1686 5276 salus;
1714 5213 1796 5265 hei
1829 5212 1956 5266 mihi

377 5307 507 5372 quia
557 5301 628 5355 ad
668 5300 948 5370 pristinum
994 5310 1196 5355 statum
1226 5300 1530 5352 redivimus.
1570 5298 1683 5364 Quo
1719 5309 1768 5352 te
1799 5298 1953 5370 longe

377 5391 528 5446 exsul
559 5392 767 5461 confers
785 5392 810 5444 7
837 5399 886 5444 et
910 5391 964 5444 in
992 5407 1096 5460 qua
1129 5392 1315 5460 degere
1338 5392 1415 5444 vis
1435 5389 1720 5444 solitudine
1741 5390 1766 5443 ?
1787 5390 1954 5444 desti-

376 5491 549 5537 tutum
603 5484 668 5538 ab
717 5481 916 5537 auxilio
965 5481 1321 5537 Prodromum’
1361 5489 1510 5533 tuum
1561 5479 1828 5550 linquens.
1865 5479 1953 5534 Vi-

379 5594 537 5634 neam
569 5579 635 5634 ab
661 5577 890 5649 zEgypto
914 5575 1260 5642 transtulisti,
1285 5591 1457 5630 meam
1492 5577 1732 5630 animam
1767 5590 1800 5630 α
1824 5593 1940 5647 pec-

379 5681 503 5727 cato
547 5673 720 5741 ipsam
761 5671 816 5724 in
857 5681 999 5723 terra
1030 5669 1395 5738 promissionis
1435 5666 1695 5738 plantasli
1729 5678 1778 5723 et
1806 5680 1955 5740 septo

381 5763 815 5819 documentorum
838 5770 1051 5816 tuorum
1075 5762 1298 5831 (quanta
1321 5761 1484 5831 fuere,
1515 5777 1544 5816 ο
1564 5762 1701 5832 sol!)
1729 5763 1958 5818 circum-

709 5861 983 5922 P.i'rn0L.
1031 5859 1150 5921 Gn.
1183 5855 1502 5920 CXXXIII

2055 3277 2290 3334 vallasti.
2337 3281 2447 3334 Cur
2486 3298 2607 3352 ergo
2639 3290 2780 3338 nunc
2816 3301 2878 3339 ea
2907 3303 2939 3338 a
2985 3278 3037 3338 t'e'
3066 3287 3366 3341 deseritur?
3388 3291 3620 3344 vastabit

2054 3383 2171 3421 eam
2201 3371 2446 3425 inimicus
2498 3386 2625 3444 aper
2655 3376 2717 3428 de
2743 3375 2898 3430 silva.
2927 3376 3038 3431 Cur
3086 3395 3189 3431 non
3225 3381 3416 3450 aspicis
3450 3396 3478 3434 e
3505 3381 3634 3436 caelo

2055 3462 2308 3522 insulam.
2335 3467 2578 3533 inquam,
2603 3477 2770 3529 tuam,
2794 3477 2842 3521 et
2861 3487 2964 3523 non
2997 3469 3204 3540 perﬁcis
3238 3474 3445 3527 vineam
3471 3477 3634 3542 quam

2055 3552 2316 3622 plantavit
2348 3555 2563 3609 dextera
2598 3565 2688 3611 tua
2713 3559 2736 3612 ?
2771 3559 2880 3628 Ego
2908 3560 3258 3631 Philippensis
3281 3571 3420 3624 sum.
3447 3563 3638 3618 Corin-

2057 3646 2195 3696 thius
2221 3661 2333 3714 ego,
2369 3663 2462 3714 ego
2491 3647 2708 3714 Galata,
2744 3647 3070 3718 Ephesinus;
3108 3669 3202 3722 per
3231 3651 3466 3706 Paulum
3489 3655 3630 3719 veni,

2055 3752 2151 3804 per
2202 3735 2437 3790 Paulum
2489 3741 2731 3806 credidi;
2779 3740 3011 3796 Paulum
3065 3751 3206 3797 nunc
3239 3746 3475 3814 aspicere
3529 3750 3633 3799 non

2056 3847 2288 3899 possum,
2321 3837 2440 3883 eum
2493 3831 2654 3885 Pauli
2703 3833 2979 3900 epistolam
3042 3837 3328 3903 accipiam;
3384 3839 3489 3892 imo
3535 3856 3632 3892 nos

2057 3925 2266 3994 quidem
2331 3924 2493 3977 Deum
2550 3930 2789 3980 nosti-um
2850 3937 2897 3982 et
2950 3945 3122 3998 regem
3155 3925 3332 3983 Iesum
3366 3933 3636 3986 imitemur

2055 4020 2148 4085 qui
2201 4025 2456 4070 a’ternum
2505 4018 2686 4072 Patris
2739 4021 2792 4071 in
2849 4021 2970 4072 sinu
3013 4022 3340 4088 requiescens
3373 4024 3427 4075 in
3467 4025 3630 4082 cte'is.

2057 4106 2269 4158 tandem
2299 4115 2347 4157 et
2374 4107 2430 4158 in
2462 4115 2661 4159 terram
2685 4110 2846 4170 venit,
2884 4118 2932 4159 et
2961 4093 3300 4177 paucos'dies
3329 4125 3634 4162 commora-

2058 4207 2140 4253 tus
2188 4217 2215 4253 e
2257 4210 2402 4254 terra
2446 4202 2640 4254 iterum
2672 4203 2727 4254 in
2772 4201 2928 4254 caelos
2965 4202 3170 4256 redivit.
3211 4199 3302 4256 Sic
3340 4219 3366 4255 e
3397 4203 3524 4256 caelo
3553 4205 3637 4256 ir.-

2053 4287 2187 4342 sulte
2223 4299 2278 4342 tu
2313 4301 2518 4359 quoque
2550 4289 2838 4352 descende,
2872 4292 2930 4342 ul
2969 4291 3107 4342 inter
3143 4307 3235 4343 nos
3257 4291 3368 4356 sis;
3401 4291 3487 4344 ubi
3513 4306 3636 4344 veto

2055 4394 2248 4442 parum
2295 4383 2377 4434 hic
2409 4385 2764 4434 commoratus
2809 4390 2890 4434 res
2924 4391 3134 4435 nostras
3189 4384 3479 4449 curaveris,
3515 4381 3636 4436 vola

2055 4471 2246 4522 iterum
2282 4469 2351 4522 ad
2395 4468 2583 4522 malum
2625 4477 2792 4522 tuum.
2849 4466 3000 4534 Quod
3038 4469 3280 4538 deinceps
3312 4471 3505 4523 addam
3531 4487 3637 4523 non

2056 4560 2258 4624 habeo;
2311 4575 2404 4612 nec
2443 4560 2570 4628 quid
2628 4577 2930 4630 comparent
2987 4561 3181 4616 Christi
3233 4562 3509 4632 exemplis.
3550 4566 3639 4630 qui

2055 4654 2417 4722 quadraginta
2461 4654 2570 4706 dies
2622 4661 2673 4706 et
2719 4651 2921 4722 aliquid
2969 4653 3200 4721 amplius
3232 4655 3312 4707 hic
3353 4655 3474 4724 fuit.
3512 4655 3638 4707 Post

2057 4745 2219 4813 primi
2253 4743 2522 4799 Paracliti
2553 4761 2832 4800 ascensum
2869 4762 2974 4799 non
3003 4755 3078 4799 est
3113 4748 3260 4800 nobis
3292 4746 3431 4801 alius
3461 4747 3638 4800 Parn-

2057 4837 2236 4891 clitus.
2301 4837 2519 4892 Utinam
2570 4853 2636 4891 ex
2683 4837 2862 4893 eodem
2893 4838 3023 4893 ctelo
3053 4839 3191 4893 alter
3244 4846 3361 4909 post
3404 4841 3638 4909 primum

2065 4925 2376 4983 Paraclitus
2413 4927 2790 4993 descendat,et
2818 4929 2943 4982 inde
2980 4930 3242 4996 accipiens
3278 4939 3324 4981 et
3354 4929 3482 4982 mihi
3520 4947 3638 4998 qua:

2059 5019 2250 5074 salutis
2280 5027 2406 5074 sunt
2437 5023 2640 5075 nuntiet
2673 5023 2930 5090 igneaque
2967 5019 3153 5090 lingua
3203 5020 3274 5074 ad
3314 5015 3639 5088 loquendum

2055 5117 2305 5170 idoneum
2338 5115 2548 5172 reddat.
2596 5114 2700 5169 Sed
2731 5117 2840 5168 haec
2873 5113 3103 5182 quidem,
3127 5113 3339 5182 quando
3375 5110 3483 5166 Deo
3519 5114 3639 5179 pla-

2059 5210 2222 5262 citum
2250 5211 2374 5274 erit,
2398 5190 2556 5275 ﬁant.
2589 5206 2740 5273 Quod
2782 5221 2895 5260 rem
2929 5214 3241 5276 prwsentem
3269 5212 3491 5274 spectat,
3520 5207 3643 5258 ani-

2062 5317 2149 5357 mo
2173 5301 2470 5369 deficimus,
2516 5301 2622 5355 sive
2671 5301 2848 5371 potius
2879 5301 3061 5353 anima
3093 5313 3370 5360 caremus,
3426 5298 3643 5363 sapien-

2062 5394 2267 5447 tissima
2299 5393 2508 5458 anima,
2549 5408 2666 5446 cum
2692 5391 2926 5463 quotidie
2961 5390 3016 5444 in
3043 5393 3269 5444 mentem
3294 5388 3432 5442 venit
3458 5385 3644 5439 verbo-

2063 5502 2183 5539 rum
2212 5494 2376 5553 atque
2406 5488 2608 5539 amoris
2656 5486 2756 5538 tui.
2803 5483 2998 5540 Coram
3031 5482 3138 5537 Deo
3163 5491 3213 5535 et
3239 5479 3443 5551 angelis
3479 5487 3642 5531 testi.-

2054 5591 2174 5629 mur
2234 5577 2348 5628 orbi
2417 5576 2660 5629 universo
2715 5573 2936 5629 illorum
2989 5574 3266 5628 damnum.
3326 5569 3640 5638 Pugnamus

2057 5677 2234 5722 tamen
2292 5668 2522 5738 ingratis
2583 5667 2797 5738 linguis.
2835 5667 2936 5721 Res
2971 5676 3046 5720 est
3091 5680 3251 5736 quam
3293 5662 3522 5730 prudens
3560 5661 3640 5713 vir

2054 5760 2226 5815 omnis
2256 5760 2588 5829 desperatam
2610 5767 2778 5831 putet.
2806 5759 3192 5829 Hocprimum,
3231 5755 3327 5808 hoc
3359 5749 3602 5807 ultimum
3620 5769 3642 5817 ,-

3236 5852 3304 5913 41
