4078 6438
418 413 558 481 1295

1610 416 2011 478 THEODORI
2054 418 2461 479 PRODROMI

3556 419 3696 489 1290

413 538 572 592 λείων
611 536 745 607 (12).
779 534 963 597 Οὕτως
994 534 1088 587 οὖν
1130 532 1191 585 οὐ
1224 531 1604 604 δυσχεραίνειν
1649 531 1779 593 ἔδει.
1812 532 1915 585 κᾶν
1939 535 2005 604 τῇ
2037 542 2082 598 Α
2111 535 2357 605 θρωπον,
2418 534 2674 606 κρονικόν
2709 533 2808 606 τὴν
2856 533 3098 606 ἡλικίαν,
3146 536 3334 608 ρικνὸν
3497 538 3697 595 ἀναδο-

414 627 667 699 παρούσῃ
696 624 1170 693 συνετελευτῶμεν
1202 622 1340 691 ζωῇ.
1388 621 1543 674 Ἐπεὶ
1566 622 1623 674 δὲ
1645 622 1915 676 ἀθάνατόν
1939 640 1995 677 τι

412 720 609 792 χρῆμα
639 720 773 790 ἡμῖν
802 720 835 789 ἡ
865 718 1034 787 ψυχὴ,
1067 714 1162 769 καὶ
1190 712 1336 782 ζωῆς
1359 714 1554 786 ἐτέρας
1583 714 1923 777 κατάστασις
1944 714 2002 768 ἐν

414 809 600 864 ιλπίσι
635 811 838 873 κεῖται,
875 809 971 861 καὶ⁵
1002 805 1188 861 ποιναὶ
1229 804 1455 873 κακίας,
1499 805 1597 858 καὶ
1623 807 1830 877 ἀρετῆς
1857 808 2003 859 ἀντιι

415 904 609 968 δόσεις,
640 904 791 973 πόσῳ
822 901 885 954 τὸ
916 901 1056 972 μετὰ
1085 900 1182 953 τοῦ
1207 899 1378 952 καλοῦ
1411 898 1672 952 πένεσθαι
1704 899 1799 952 τοῦ
1838 899 2021 951 πλου-’

413 996 528 1047 τείν
547 993 685 1063 μετὰ
711 991 1045 1060 φαυλότητος
1064 988 1393 1059 ὀλϐιώτερον
1419 1006 1433 1055 ;

487 1085 555 1138 Σὲ
580 1085 637 1138 δὲ
676 1084 813 1138 ἀλλὰ
852 1082 963 1137 τῶν
990 1082 1343 1153 πραγμάτων
1368 1082 1499 1144 ἴσως
1530 1083 1562 1153 ἡ
1585 1081 1840 1152 ἀνισότης
1874 1081 2007 1151 ἀνή-

418 1179 615 1234 νασθαι
655 1178 755 1250 τὴν
801 1178 1072 1250 Πρόνοιαν
1118 1177 1345 1242 Essenos;
1402 1178 1516 1230 Καὶ
1560 1177 1667 1249 μὴν
1703 1177 1791 1230 διὰ
1840 1176 2007 1230 τοῦτο

424 1270 629 1343 μᾶλλον
660 1271 905 1339 εἰσάγειν
959 1269 1132 1341 ἐχρῆν
1185 1269 1283 1340 τὴν
1320 1269 1606 1339 Πρόνοιαν.
1648 1269 1736 1332 Ὠς
1767 1269 1876 1338 γὰρ
1905 1269 2005 1322 οὐκ

422 1366 489 1418 ἄν
519 1379 651 1416 ποτε
705 1362 797 1415 ἐπὶ
851 1361 1122 1432 μουσικῆς
1158 1360 1365 1432 ῥυθμὸς
1412 1360 1643 1429 συσταίη
1693 1361 1787 1413 καὶ
1818 1360 2002 1428 μέλος,

420 1456 640 1527 βαρέων
669 1455 844 1527 μόνως
864 1454 1033 1507 ὄντων
1062 1453 1094 1525 ἢ
1123 1454 1293 1519 ὀξέων
1315 1453 1424 1506 τῶν
1446 1453 1702 1523 φθόγγων
1723 1453 2001 1515 ἁπάντων,

421 1547 562 1602 ἀλλὰ
580 1550 647 1619 τῇ
673 1546 1005 1617 παρα-πλοκῇ
1042 1546 1152 1599 τῶν
1191 1546 1520 1599 ἀνισοτόνων
1548 1546 1580 1614 ἡ
1619 1546 1853 1616 ἁρμονία
1882 1542 2008 1613 γεν-

422 1640 622 1696 νᾶσθαι
674 1639 902 1693 εἴωθεν·
958 1637 1101 1691 οὕτω
1146 1638 1242 1691 καὶ
1293 1639 1319 1690 ό
1353 1636 1477 1690 καθ’
1505 1637 1657 1707 ἡμᾶς
1699 1635 1846 1696 ἅπας
1888 1633 2006 1704 βίος

423 1735 544 1797 ταῖς
574 1733 853 1801 ἁνισότησι
891 1730 1002 1784 τῶν
1057 1729 1407 1807 πραγμάτων
1443 1728 1550 1782 ὑπὸ
1602 1728 1704 1798 τῆς
1736 1726 2004 1796 Προνοίας

427 1823 705 1896 μουσικῶς
740 1820 1239 1894 κατερρύθμισται.
1274 1819 1436 1874 ’Δλλά
1462 1820 1669 1873 τούτων
1695 1820 1824 1895 ὑμῖν
1856 1817 2005 1871 αίτία

424 1891 695 1987 ἦᾶγνοια,
727 1916 793 1986 ἣν
841 1891 1014 1968 δεινὸν
1061 1909 1223 1977 εἶναι,
1270 1913 1366 1966 καὶ
1394 1913 1422 1964 ό
1468 1891 1775 1982 Σύρος(15)
1824 1910 2013 1979 εἴρηκε
2042 1893 2091 1953 Β

422 2009 615 2079 ,ῥήτωρ
633 2004 769 2078 (14),
789 2004 950 2059 τοῦτό
977 2020 1040 2072 γε
1065 2005 1227 2074 μόνον
1246 2004 1368 2075 οὐχὶ
1392 2002 1756 2080 ψευσάμενος.
1786 1994 1880 2064 Οἷς
1908 2001 2016 2071 γὰρ

425 2099 528 2154 οὐκ
579 2098 886 2167 ἀναπτῆναι
942 2097 1081 2164 πρὸς
1135 2095 1335 2165 αἰθέρα
1397 2091 1704 2162 δυνάμεθα,
1763 2092 1859 2143 καὶ
1912 2092 2013 2154 τὰς

428 2190 607 2250 αἰτίας
637 2189 978 2258 αὺτπττῆσαι
1009 2186 1294 2255 καθαρῶς,
1333 2185 1579 2247 καὶτοὺς
1617 2183 1810 2250 λόγους
1840 2180 1906 2234 δι’
1941 2174 2015 2235 ὧν

428 2285 491 2337 τὸ
522 2283 631 2336 πᾶν
653 2284 687 2353 ἡ
720 2282 952 2350 Πρόνοια
980 2280 1166 2333 τάττοι
1200 2278 1380 2348 σοφῶς
1424 2280 1521 2331 καὶ
1545 2275 2012 2345 ἐπιστημονικῶς,

425 2378 637 2438 τούτοις
663 2374 888 2440 ἀταξίαν
908 2372 1002 2426 τοῦ
1035 2372 1240 2436 παντὸς
1263 2372 1787 2443 καταψηφιζόμεθα.
1818 2372 2011 2424 Καίτοι

369 2516 379 2523 .
432 2466 877 2536 συνιέναιὲχρῆν,
899 2464 973 2526 ὼς
995 2465 1121 2528 τοὺς
1149 2467 1548 2535 προνοητικοὺς
1579 2463 1775 2531 λόγους
1807 2463 2012 2529 γνῶναι

432 2562 717 2632 ἀμήχανον
767 2557 845 2627 τῷ
869 2555 1004 2627 μηδὲ
1035 2555 1384 2624 ἀνθρωπίνης
1410 2556 1723 2626 αἰσθομένω
1744 2555 1813 2607 τὰ
1842 2554 2015 2608 πολλὰ

432 2653 693 2718 διανοίας.
744 2649 1032 2719 Ἑώρακας
1089 2647 1220 2717 γὰρ,
1259 2649 1379 2701 εἰπέ
1423 2665 1536 2717 μοι,
1568 2647 1881 2719 πρεσϐύτην
1918 2646 2015 2699 ἄν·-

431 2840 663 2905 videtur,
705 2850 755 2895 et
801 2839 962 2895 Plato
993 2856 1120 2894 cum
1157 2846 1473 2910 paupertate
1520 2854 1682 2909 quam
1727 2839 2017 2909 Dionysius

430 2949 553 2988 cum
599 2932 882 3004 tyrannide
919 2947 1029 2987 esse
1071 2930 1295 2997 malim,
1331 2932 1422 3000 qui
1472 2940 1706 3001 tempore
1756 2941 2022 3002 postremo

431 3026 675 3097 captivus
724 3023 964 3080 Corinthi
1018 3024 1075 3077 in
1145 3019 1369 3075 taberna
1423 3023 1782 3089 unguentaria
1836 3024 2019 3076 vinum

434 3130 580 3188 aqua
625 3116 842 3170 mistum
879 3113 1051 3169 bibere
1082 3113 1221 3168 visus
1263 3119 1360 3167 est.
1393 3111 1568 3182 Igitur
1600 3129 1706 3167 non
1742 3128 1884 3183 aegro
1909 3128 2019 3169 esse

435 3208 615 3262 animo
637 3206 903 3270 debemus,
920 3206 1131 3260 etiamsi
1158 3220 1280 3259 cum
1302 3205 1555 3275 presenti
1579 3206 1690 3260 vita
1707 3222 2015 3277 pereamus.

365 3358 371 3363 ,
435 3297 576 3366 Quia
600 3310 778 3356 autem
809 3301 993 3355 anima
1021 3306 1209 3355 nostra
1234 3300 1554 3354 immortalis
1585 3307 1682 3363 est,
1714 3310 1764 3353 et
1790 3300 2012 3356 alterius

430 3400 558 3455 vita:
584 3414 702 3471 spes
741 3398 913 3465 adest,
956 3398 1097 3452 sicut
1128 3405 1179 3451 et
1203 3384 1394 3470 impias
1424 3413 1590 3468 penna:
1620 3406 1669 3451 et
1707 3399 1818 3468 pios
1842 3414 2018 3452 remu-

432 3495 735 3548 nerationes
782 3498 1024 3556 manent,
1077 3497 1279 3560 quanto
1322 3488 1508 3544 melius
1546 3497 1623 3543 est
1666 3504 1786 3543 cum
1811 3490 2006 3544 virtute

362 3618 369 3623 ~
433 3600 721 3657 pauperem
747 3599 858 3639 esse
892 3598 1054 3653 quam
1083 3598 1204 3636 cum
1238 3583 1503 3653 pravitate
1526 3581 1780 3636 divitem!

504 3758 609 3816 Sed
652 3759 881 3830 fortuna:
910 3768 961 3815 et
988 3760 1348 3815 conditionum
1389 3759 1785 3831 inaequalitates
1838 3759 2028 3814 Provi-

434 3854 670 3908 dentiam
704 3867 899 3924 negare
961 3852 1098 3923 forte
1131 3854 1381 3907 suadent.
1419 3852 1487 3908 At
1520 3853 1576 3906 id
1604 3852 1783 3923 ipsum
1836 3850 2024 3905 Provi-

432 3946 669 4001 dentiam
691 3962 801 4001 esse
836 3962 919 4000 me
967 3946 1181 4018 quidem
1211 3946 1422 4001 credere
1453 3946 1612 4016 cogit.
1645 3942 1716 3998 Ut
1751 3944 1890 3998 enim
1932 3958 2030 3998 nec

433 4039 494 4092 in
528 4040 729 4093 musica
777 4037 1050 4108 rhythmus
1097 4046 1257 4108 atque
1297 4038 1580 4091 harmonia
1607 4051 1716 4091 esse
1748 4040 1942 4106 posset,
1978 4034 2025 4088 si

435 4145 615 4184 omnes
653 4130 772 4184 soni
804 4145 1012 4201 graves,
1066 4136 1161 4183 aut
1203 4131 1250 4184 si
1308 4144 1489 4182 omnes
1535 4129 1677 4181 acuti
1710 4128 1904 4197 forent,
1933 4124 2027 4179 sed

435 4235 502 4274 ea:
538 4237 792 4276 sonorum
820 4220 1125 4274 diversitate
1164 4220 1376 4273 demum
1406 4220 1687 4273 harmonia
1722 4218 1921 4290 prodit,
1946 4218 2024 4271 sic

436 4320 487 4366 et
511 4319 656 4385 apud
685 4329 779 4368 nos
796 4315 914 4383 ipsa
937 4312 1300 4368 conditionum
1328 4313 1688 4366 humanarum
1716 4311 2023 4364 diversitate

436 4405 565 4460 ordo
609 4415 659 4460 et
713 4406 825 4474 ﬁxa
872 4405 1175 4458 constitutio
1217 4421 1250 4457 a
1309 4401 1657 4456 Providentia
1715 4402 2022 4455 introducta

364 4534 369 4537 -
439 4507 538 4553 est.
571 4495 749 4567 Hujus
778 4497 856 4550 rei
889 4497 944 4550 in
972 4511 1135 4549 causa
1161 4502 1238 4548 est
1268 4493 1596 4564 ignorantia,
1624 4509 1783 4561 quam
1816 4491 2022 4546 malum

439 4604 548 4644 esse
600 4587 832 4643 asseruit
877 4587 1054 4640 rhetor
1088 4582 1263 4656 Syrus
1305 4583 1636 4656 (Lucianus).
1674 4586 1729 4638 in
1782 4599 1884 4653 quo
1916 4599 2023 4637 una

441 4697 549 4736 non
592 4686 671 4736 est
727 4680 995 4734 mentitus.
1045 4676 1184 4743 Quia
1241 4679 1380 4732 enim
1428 4693 1535 4753 non
1570 4676 1692 4732 'alis
1748 4678 1801 4731 in
1846 4692 2024 4729 aerem

440 4773 724 4829 ascendere
775 4781 824 4826 et
871 4786 1026 4825 veras
1088 4785 1267 4823 rerum
1306 4784 1515 4832 causas,
1553 4767 1738 4838 quibus
1769 4766 2022 4837 perducta

441 4867 789 4925 Providentia
834 4867 1015 4919 omnia
1041 4865 1309 4933 sapienter
1350 4878 1413 4915 ac
1452 4861 1741 4931 prudenter
1768 4861 2022 4923 instituit,

441 4962 735 5033 perspicere
784 4957 1045 5022 valenius,
1109 4965 1366 5010 naturam
1413 4970 1497 5008 res
1550 4951 1692 5007 male
1744 4953 2023 5006 ordinasse

512 5141 643 5212 (12)
664 5140 843 5212 Locus
865 5149 948 5197 εει
967 5154 1036 5212 εξ
1066 5136 1361 5212 Ριυιατριιο
1388 5133 1840 5212 (in‘Tinioleonte,
1869 5132 2008 5212 ςιι,

443 5203 577 5268 odii.
608 5203 802 5267 'Reisk.
827 5220 965 5266 tom.
993 5209 1060 5276 11,
1098 5207 1305 5276 p.194)
1338 5224 1353 5261 :
1382 5206 1554 5259 Οὐδὲν
1606 5206 1714 5275 γὰρ
1757 5203 2015 5276 οὕτε-φύ-

444 5225 577 5268 call.
617 5225 802 5267 nelsx.
827 5225 965 5266 tam.
996 5225 1060 5276 II,
1137 5249 1153 5264 .
1178 5225 1305 5276 194)
1338 5225 1353 5261 :
1382 5225 1554 5259 υυοεν
1606 5225 1714 5275 γαρ
1757 5225 1881 5258 ουτε
1916 5225 2014 5270 φυ-

444 5300 581 5346 σεως
619 5283 649 5333 ό
671 5281 793 5334 τότε
822 5281 1037 5348 καιρὸς,
1060 5225 1183 5333 oste
1213 5278 1433 5347 τέχνης,
1462 5277 1585 5348 ὅσον
1615 5276 1821 5348 ὲκείνον
1840 5272 2014 5348 τύχης

445 5343 605 5424 ἔργον
646 5343 1413 5424 ἐπεδείξατο,ξτὸνλΣικελίας
1469 5346 1651 5424 ὀλίγον
1705 5343 2020 5424 ξμπροσθεν

442 5412 705 5494 τύραννον
734 5423 794 5494 ἐν
841 5412 1094 5494 Κορίνθῳ
1131 5417 1472 5494 διατρίᾷοντα
1503 5412 1630 5494 περὶ
1681 5412 1780 5484 τὴν
1807 5412 2023 5494 ὀψόπωο

443 5483 548 5560 λιν,
585 5492 620 5564 ἢ
649 5483 965 5564 Δκαθήμενον
996 5483 1446 5564 ξνίμυροπωλίιρ,
1487 5483 1712 5540 πίνόντα
1742 5483 2025 5555 κεκραμέ-

444 5581 533 5619 νον
564 5559 674 5616 sub
702 5559 817 5615 τῶν
843 5559 1181 5630 καπηλείων,
1225 5577 1277 5612 κ.
1310 5576 1360 5630 τ.
1410 5560 1460 5611 λ.

515 5633 630 5702 (15)
671 5631 811 5702 Nota
857 5623 1218 5701 mar’ginalis:
1263 5629 1436 5700 Σύρον
1465 5628 1674 5698 ῥήτορα
1720 5624 1875 5695 λέγει
1931 5623 2026 5678 τὸν

446 5701 767 5756 Δουκιανόν.
1465 5710 1473 5717 ’

517 5771 633 5841 (ii)
662 5770 956 5841 Respicere
989 5770 1207 5841 videtur
1240 5769 1304 5823 ad
1328 5770 1543 5841 initium
1570 5764 1799 5841 Muciani
1831 5770 2031 5841 tracte-

452 5836 563 5910 tus,
602 5836 1017 5908 Quod‘dilficile
1086 5839 1383 5915 calumniis.
1416 5839 1543 5892 fides
1591 5837 1889 5890 adhibenda
1932 5836 2004 5888 sit

2107 626 2206 697 λὴν
2237 627 2377 699 (15),
2400 626 2502 698 τὴν
2533 624 2907 697 Πυθαγόρειον
2938 626 3126 699 ὤχραν
3154 629 3215 682 ὲν
3240 631 3356 694 τοῖς
3381 633 3700 700 προσώποις

2108 718 2506 788 προφαίνοντα,
2541 718 2637 771 καὶ
2672 717 2909 789 νάρθηκι
2944 720 3220 791 καμπύλῳ
3274 721 3423 775 κατὰ
3451 722 3543 775 τὸν
3581 723 3701 775 Σει-

2109 808 2272 878 ληνὸν
2302 807 2690 878 ὲρειδόμενον;
2732 808 2799 860 Τί
2836 827 2967 863 ποτε
3003 806 3159 875 εἶπες
3208 810 3275 865 ἂν
3308 813 3439 883 περὶ
3459 812 3697 880 τούτου;

2109 902 2225 972 Οὐχ
2252 901 2326 964 ὼς
2354 901 2673 971 θεοπρεπὴς
2728 896 2887 965 οὗτος
2920 902 3062 972 ἀνήρ
3088 921 3102 969 ;
3153 902 3254 973 οὐχ
3276 902 3354 967 ὡς
3381 903 3560 975 ίερός;
3600 906 3700 975 οὐχ

2109 995 2186 1058 ὡς
2209 994 2527 1064 ἀπρονόητα
2554 996 2752 1059 πάντα,
2790 995 2866 1066 μὴ
2894 994 3158 1050 τοιούτων
3185 996 3599 1066 πλουτούντωνς
3626 994 3698 1053 Εὖ

2109 1082 2205 1138 οἷδ’
2256 1086 2338 1138 ὃτι
2370 1084 2464 1137 καὶ
2516 1083 2708 1141 πλείω.
2751 1084 2895 1139 Ἀλλ’
2930 1084 3043 1155 ἐγὼ
3073 1088 3166 1141 τὸν
3200 1090 3700 1161 ἀναγεγραμμένον

2110 1177 2333 1249 ἑώρακα
2393 1175 2593 1231 πολλοῦ
2652 1178 2845 1233 δέοντα
2884 1180 3030 1250 ἱερὸν
3084 1177 3251 1237 εἶναι.
3309 1181 3565 1238 Συλῶντα
3589 1185 3701 1255 γὰρ

2112 1272 2277 1326 αὺτὸν
2306 1273 2408 1336 τὰς
2450 1274 2827 1338 κατοικιδίους
2852 1273 2964 1327 τῶν
2990 1274 3225 1347 ὀρνίθων
3255 1276 3605 1347 αίσθόμενος,
3629 1278 3702 1348 ἢν

2116 1364 2214 1432 μὲν
2246 1364 2345 1431 τῆς
2369 1364 2553 1435 χειρὸς
2581 1363 2917 1435 ἀφειλόμην,
2952 1365 3020 1436 ῆν
3052 1365 3108 1419 δὲ
3130 1365 3224 1419 τοῦ
3259 1367 3462 1420 κόλπου
3499 1368 3706 1437 ἐξήγα-

2111 1473 2227 1523 γον.
2258 1456 2422 1528 Ὁρᾷς
2445 1457 2520 1519 ώς
2550 1456 2842 1526 ὑποκρίσει
2866 1457 3050 1528 ζῶμεν
3070 1458 3351 1526 ἄνθρωποι
3405 1459 3474 1512 τὰ
3506 1460 3702 1514 πολλὰο

2114 1549 2209 1603 κιὶ
2229 1549 2568 1620 πλανώμεθα
2594 1550 2728 1621 περὶ
2748 1554 2838 1603 τὸν
2860 1550 2983 1604 όνον
3011 1554 3075 1622 τῇ
3104 1552 3355 1623 λεοντικῇ
3379 1552 3490 1623 (Hi)
3510 1554 3606 1607 καὶ
3635 1556 3703 1626 τῇ

2111 1643 2359 1712 νυμφικῇ
2393 1640 2552 1712 στολῇ
2583 1641 2714 1713 περὶ
2740 1643 2840 1712 τὴν
2867 1641 3043 1711 γαλῆν
3069 1640 3206 1714 (17).
3236 1644 3504 1716 Καθάπερ
3531 1647 3638 1716 γὰρ
3670 1648 3706 1716 ἡ

2123 1731 2475 1804 Ἀχιλλειακὴ
2517 1733 2794 1787 πανοπλία
2830 1732 3185 1803 περιτεθεῖσα
3235 1735 3330 1788 τὸν
3359 1736 3703 1806 Πάτροκλον,

2123 1820 2377 1891 Ἀχιλλέα
2398 1821 2533 1883 τέως
2561 1825 2791 1893 παρεῖχε
2809 1821 2901 1875 τδν
2918 1823 3209 1877 Μενοιτίου
3226 1824 3547 1889 δοξάζεσθαι
3565 1827 3703 1896 (18),

2120 1916 2214 1969 καὶ
2251 1915 2538 1968 Λουκίλιον
2564 1916 2686 1968 ἀντὶ
2722 1916 2964 1986 Βρούτου
3005 1915 3192 1970 λαϐὼν
3229 1919 3257 1971 ό
3295 1919 3514 1990 Καῖσαρ
3539 1936 3709 1972 κατε-

2119 2007 2374 2074 σοφίζετο
2415 2006 2525 2078 (19)
2549 2021 2565 2040 ⁸
2598 2006 2741 2060 οὕτω
2776 2009 2951 2079 σκηνὴ
3005 2007 3201 2079 βαθεῖα
3242 2011 3374 2081 περὶ
3409 2011 3578 2082 ἡμᾶς,
3607 2012 3708 2083 κα)ξ

2119 2090 2390 2169 παίζομεν
2439 2101 2671 2165 ἑαυτοὺς
2723 2101 2818 2155 καὶ
2878 2101 3219 2172 παιζόμεθα.
3285 2102 3375 2167 Ὦς
3430 2103 3487 2156 εί
3535 2103 3704 2159 ποθεν

2118 2189 2286 2263 εἶχες,
2324 2187 2370 2247 ὦ
2431 2193 2543 2264 φίλ’
2573 2195 2786 2265 ἑταῖρε,
2825 2195 3211 2265 πτεροφυῆσαι
3251 2197 3346 2250 καὶ
3370 2195 3703 2267 ὑπερϐῆναι,

2120 2288 2263 2340 κατὰ
2308 2287 2435 2349 τοὺς
2475 2287 2749 2350 ἁετιδέας,
2798 2287 2891 2340 τὸν
2924 2286 3343 2357 ἑλλιμνάζοντα,
3378 2288 3493 2353 καὶ,
3552 2290 3706 2360 παρᾶ

2118 2378 2210 2430 τὸν
2241 2376 2438 2448 αἰθέρα
2468 2379 2787 2446 γενόμενος,
2824 2378 2962 2447 πρὸς
3014 2379 3141 2442 τοὺς
3173 2379 3273 2450 τῆς
3323 2380 3586 2451 Προνοίας
3610 2381 3705 2432 λό-

2118 2485 2250 2537 γους
2283 2468 2735 2540 ἁντιόλεπτῆσαι,
2767 2470 3093 2540 ἐθαύμασας
3143 2470 3211 2524 ἂν
3236 2470 3298 2523 τὸ
3347 2471 3553 2541 ταύτης
3582 2474 3709 2525 ἐπι-

2125 2560 2480 2631 στημονικόν.
2514 2561 2628 2614 Νῦν
2651 2563 2706 2614 δὲ
2728 2560 2888 2627 ἀλλὰ,
2921 2562 3145 2633 πτηνῶν
3168 2562 3280 2632 γὰρ
3306 2563 3402 2616 καὶ
3430 2562 3708 2633 χερσαίων

2124 2654 2283 2719 ζώων
2342 2654 2478 2710 πολὺ
2532 2656 2592 2710 τὸ
2623 2656 2910 2726 διάφορον,
2959 2655 3108 2710 καθὰ
3153 2658 3251 2711 καὶ
3284 2656 3448 2726 όρίων
3477 2656 3710 2728 Φρυγῶν

2118 2856 2450 2895 accusamus.
2477 2845 2545 2894 At
2588 2840 2643 2894 id
2675 2841 3117 2895 considerandum
3155 2848 3235 2894 est
3275 2838 3414 2911 quod
3443 2840 3561 2910 ﬁeri
3601 2854 3712 2896 non

2122 2941 2311 3004 potest,
2330 2941 2386 2986 ut
2414 2934 2647 2987 rationes
2671 2934 3024 2988 Providentia:
3055 2942 3465 3003 perscrutemur,
3497 2935 3588 3004 qui
3612 2950 3715 2988 sw-

2122 3026 2341 3097 pissime
2365 3040 2459 3078 nec
2479 3024 2753 3078 hominum
2782 3024 3019 3094 cogitata
3050 3040 3358 3095 pernoscere
3390 3040 3701 3095 possumus.

2131 3114 2321 3170 Vidisti
2356 3114 2527 3169 virum
2582 3124 2741 3168 aetate
2795 3097 3121 3184 provectum,
3178 3114 3421 3169 membris
3470 3117 3710 3186 aegrotis,

2126 3224 2246 3262 cum
2272 3206 2423 3262 vultu
2454 3206 2806 3277 Pythagoreo,
2837 3205 3075 3276 pallido;
3128 3206 3337 3271 baculo,
3368 3217 3426 3262 ut
3474 3206 3710 3273 Silenus,

2126 3302 2464 3355 innitentem.
2491 3300 2757 3364 Quianam
2780 3300 2845 3353 de
2875 3316 2934 3353 eo
2962 3300 3200 3354 dixeris?
3224 3299 3412 3355 Nonne
3432 3302 3526 3355 tibi
3546 3312 3710 3373 caput

2126 3402 2374 3448 sanctum
2418 3401 2467 3446 et
2513 3394 2665 3462 quasi
2707 3393 2947 3447 divinum
2978 3409 3088 3448 esse
3116 3394 3364 3449 videtur?
3410 3397 3601 3449 Nonne
3630 3396 3714 3450 di-

2125 3486 2262 3540 vitiis
2313 3484 2438 3539 talis
2488 3486 2678 3555 dignus
2726 3482 2985 3538 videtur?
3026 3482 3145 3538 Vidi
3174 3484 3316 3538 enim
3342 3484 3510 3539 alium
3541 3485 3596 3539 in
3631 3485 3713 3540 di-

2126 3579 2329 3647 gnitate
2362 3577 2728 3640 constitutum,
2764 3576 2855 3646 qui
2890 3594 2920 3630 a
2968 3577 3257 3630 sanctitate
3292 3575 3589 3645 plurimum
3618 3578 3713 3639 ab:-

2127 3667 2396 3721 horrebat.
2440 3665 2573 3721 Cum
2602 3669 2741 3721 enim
2773 3675 3080 3722 mansuetas
3119 3684 3239 3721 eum
3273 3684 3392 3722 aves
3432 3677 3712 3724 venantem

2126 3761 2392 3826 vidissem,
2428 3775 2521 3828 ego
2554 3775 2581 3813 e
2624 3767 2811 3813 contra
2844 3757 3058 3829 plenam
3096 3761 3171 3812 eis
3223 3758 3524 3813 libertatem
3565 3760 3709 3814 dedi.

2132 3850 2312 3906 Viden’
2346 3852 2579 3905 homines
2634 3851 2926 3905 maximam
2980 3859 3189 3921 partem
3235 3850 3441 3906 dolosas
3473 3861 3523 3906 et
3551 3850 3714 3921 hypo-

2128 3942 2288 3995 critas
2348 3957 2480 4005 esse,
2528 3954 2578 3995 et
2632 3942 2923 4010 swpissime
2984 3941 3222 4011 deceptas
3276 3941 3429 3995 modo
3456 3941 3520 3994 ab
3559 3940 3710 3994 asino

2126 4031 2260 4100 pelle
2282 4030 2494 4085 leonina
2524 4031 2730 4096 induto,
2761 4030 2924 4084 modo
2944 4047 2975 4084 a
3005 4028 3236 4084 mustela
3263 4040 3404 4084 veste
3430 4030 3709 4100 nymphica

2128 4123 2551 4177 circumamicta.
2593 4120 2740 4177 Sicut
2775 4122 2914 4175 enim
2938 4119 3159 4175 Achillis
3182 4124 3465 4174 armatura
3491 4117 3710 4172 indutus

2134 4214 2412 4270 Patroclus
2440 4214 2769 4279 Memmium,
2798 4221 2848 4268 et
2895 4200 3082 4269 ϐῶσαι·
3110 4212 3378 4267 Lucilium
3406 4210 3563 4265 Bruti
3598 4208 3711 4264 loco

2125 4309 2385 4362 simulare
2410 4323 2473 4361 ac
2498 4306 2711 4359 mentiri
2738 4312 2967 4374 poterat,
3017 4305 3094 4358 sic
3124 4319 3219 4356 nos
3248 4303 3306 4356 in
3338 4316 3533 4371 magno
3558 4301 3712 4355 thea—

2126 4407 2208 4452 tro
2255 4397 2528 4451 constituti
2556 4412 2651 4467 pro
2709 4395 2937 4448 ludibrio
2969 4403 3019 4447 et
3049 4394 3185 4448 alios
3213 4392 3509 4454 'habemus,
3554 4398 3601 4444 et
3643 4390 3707 4461 ab

2124 4491 2309 4557 iisdem
2331 4491 2623 4551 habemur;
2657 4489 2735 4541 ita
2768 4495 2847 4547 ut,
2876 4487 2923 4540 si
2947 4483 3164 4540 alarum
3194 4483 3417 4553 remigia
3450 4483 3506 4536 in
3538 4478 3711 4535 altum

2123 4595 2343 4652 surgere
2376 4595 2403 4633 e
2432 4586 2600 4638 terra,
2629 4587 2686 4630 ut
2720 4575 2928 4648 aquila,
2980 4587 3030 4631 et
3079 4574 3433 4631 Providentia:
3470 4574 3709 4626 rationes

2128 4674 2423 4743 perspicere
2447 4684 2644 4741 posses,
2665 4669 2822 4738 hujus
2835 4668 3152 4739 sapientiam
3177 4677 3317 4721 certa
3341 4664 3707 4720 admirareris.

2129 4762 2234 4817 Sed
2262 4764 2358 4817 hoc
2411 4761 2532 4829 ﬁeri
2565 4777 2673 4813 non
2699 4767 2903 4830 potest;
2938 4757 3229 4829 plurimum
3270 4758 3413 4810 enim
3463 4752 3710 4808 volatilia

2126 4858 2270 4910 inter
2318 4863 2369 4909 et
2419 4851 2680 4908 animalia
2709 4855 2979 4907 terrestria
3016 4854 3254 4917 interest,
3284 4859 3341 4903 ut
3364 4851 3506 4904 inter
3532 4847 3715 4919 Phry-

2128 4966 2225 5022 gas
2269 4956 2319 5003 et
2350 4945 2528 5019 Mysos
2554 4943 2846 5013 ﬁnitimos;
2898 4944 3257 5000 Pravidentiw
3287 4951 3469 4997 autem
3496 4939 3713 5011 sapien-

2118 5134 2276 5203 (ιοῐη.
2314 5128 2988 5203 111,4ι).λ125);ᾼεινόν⁴γε
3035 5128 3068 5196 ή
3106 5126 3319 5203 ᾷγνοια,
3365 5120 3465 5178 καὶ
3493 5120 3710 5203 πολλῶν

2121 5189 2309 5257 κακῶν
2329 5189 2654 5274 aiebam
2683 5200 2856 5261 αἰτία,
2886 5189 3281 5274 ῶσπερ-ἀχλύν
3318 5208 3443 5274 τινα
3467 5189 3710 5274 καταχέ-

2121 5218 2309 5257 κακων
2339 5214 2652 5271 ανυρωποις
2683 5214 2856 5261 αιτια,
2887 5214 3078 5267 ωσπερ
3108 5214 3143 5250 α
3184 5214 3281 5248 AW
3318 5214 3443 5247 τινα
3467 5214 3703 5263 καταχε-

2120 5287 2260 5352 ουσα
2285 5271 2395 5352 τῶν
2429 5270 2801 5352 πραγμάτων,
2815 5268 2911 5321 καὶ
2936 5266 3045 5352 τὴν
3057 5214 3320 5336 ἀλήγθειαν
3346 5261 3703 5335 ἀμαυροῦσα,

2125 5344 2220 5397 καὶ
2253 5342 2344 5394 τὸν
2374 5337 2606 5411 ἑκάστου
2634 5340 2749 5411 βίον
2768 5337 3203 5411 ἐπισκιάζουσα.

2206 5412 2317 5480 (15)
2343 5410 2512 5481 Μίπε.
2544 5409 2901 5481 ὲῃισμένην.

2199 5478 2311 5552 (16)
2334 5478 2526 5552 ᾼΞδυῙ).
2555 5478 2844 5552 familia

2203 5550 2316 5623 (17)
2349 5550 2512 5623 eam.
2542 5551 2677 5623 Fab.
2707 5550 2794 5623 ιο.

2198 5616 2312 5689 (18)
2346 5621 2568 5676 Homer.
2603 5619 2774 5675 Iliad.
2803 5620 2842 5676 1.
2869 5635 2951 5684 ιι,
2983 5635 3037 5674 v.
3077 5616 3206 5673 278.

2201 5682 2311 5763 (19)
2333 5692 2509 5763 Aliter
2533 5691 2647 5763 lnge
2666 5699 2853 5763 narrat.
2874 5682 3219 5763 _Plularchus
3239 5686 3301 5763 in
3339 5684 3530 5755 Bruto,
3554 5682 3584 5759 §
3610 5682 3707 5752 50,

2126 5757 2257 5821 edit.
2292 5761 2474 5818 Rcisk.
2509 5772 2547 5817 ι.
2584 5760 2645 5827 ν,
2685 5776 2741 5832 p.
2793 5761 2918 5828 452,
2957 5774 3122 5832 quem
3165 5757 3312 5816 vide.
