4078 6410
442 394 587 461 Ῑεὶθῖ

1589 399 1919 462 SCRIPTA
1957 396 2328 458 MISCE‘LLA
2342 396 2516 458 NEA.

439 513 537 568 καὶ
560 509 762 568 Μυσῶν
781 509 1091 583 (20),τοῦτο
1111 511 1212 582 μέν
1232 511 1516 584 ἀμήχανον
1535 529 1548 544 ·
1575 513 1722 584 λόγῳ
1741 513 1787 568 δ’
1813 515 2021 566 ἕκαστα
2051 518 2096 572 Α
2129 513 2334 582 μεταξὺ
2363 514 2474 565 τῶν
2501 513 2676 581 λόγων
2711 513 2744 583 ἡ
2769 510 2998 580 γλῶσσα
3015 527 3028 542 ·
3062 510 3281 583 ἐνιαχοῦ
3312 510 3407 564 καὶ
3429 511 3528 582 τὴν
3552 513 3724 584 αὐτὴν

440 593 670 676 κρίνειν,
705 604 929 673 καὶτῆς
960 604 1355 675 προνοητικῆς,
1389 603 1465 668 ὡς
1502 600 1616 658 οἷόν
1647 622 1731 668 τε,
1776 605 2024 658 συνιέναι

444 696 662 765 σοφίας,
697 695 758 748 οὑ
799 695 1056 766 χαλεπόν.
1103 696 1203 748 Ἂν
1256 695 1313 749 δέ
1355 713 1458 749 που
1489 697 1585 749 καὶ
1627 696 2028 766 σκοπουμένοις

443 790 504 843 οὐ
551 789 864 858 θηράσιμος
912 789 946 859 ή
1000 787 1253 859 ἀλήθεια,
1315 791 1378 842 τὺ
1441 789 1533 843 τοῦ
1579 789 1748 858 σοφοῦ
1789 790 2024 852 ἐκείνου,

444 881 626 949 Σφῶν
654 877 886 935 ἑαυτῶν
916 880 1280 948 κατεπᾲδειν
1310 880 1545 952 ἀνάγκη
1581 882 1695 950 (21)
1716 899 1730 912 ’
1766 882 1890 934 ὅσον
1919 883 2028 953 γὰρ

445 971 524 1040 τῷ
556 972 730 1040 τόπῳ,
789 971 1018 1024 τοσοῦτο
1073 973 1170 1025 καὶ
1201 975 1266 1044 τῇ
1297 972 1498 1041 γνώσει
1541 974 1649 1024 τῶν
1706 972 1845 1044 ὑπὲρ
1879 975 2027 1043 ἡμᾶς

445 1061 820 1131 ἀφιστάμεθα.
879 1062 972 1132 Μὴ
1001 1063 1110 1134 γὰρ
1145 1063 1209 1132 δὴ
1268 1064 1366 1134 τὴν
1419 1063 1766 1134 Δημοκρίτου
1827 1064 2028 1133 μανίαν

445 1153 800 1221 νοσήσαιμεν,
838 1151 962 1222 μηδ’
993 1155 1073 1216 εἰς
1103 1153 1204 1223 τὴν
1229 1153 1503 1217 Ἵππωνος
1538 1154 1648 1225 (22)
1691 1155 2028 1224 ἐμπέσοιμεν

445 1246 740 1314 ἀθεότητα,
763 1247 838 1309 ὡς
861 1247 957 1301 τοῦ
981 1249 1187 1312 παντὸς
1215 1250 1513 1320 ἐπιχειρεῖν
1548 1249 1905 1320 ἀφαιρεῖσθαι
1928 1249 2027 1321 τὴν

447 1336 602 1389 θείαν
638 1322 936 1407 Πρόνοιαντ
954 1331 1038 1399 οἷς
1071 1338 1170 1410 οὐχ
1204 1340 1338 1409 ἡμῖν
1368 1339 1508 1404 αὑτὴ
1551 1341 1756 1410 χρυσὸν
1789 1339 2028 1409 ἐφιλοτι-

452 1429 688 1498 μήσατο.
749 1429 987 1496 Ἔγωγε,
1021 1423 1066 1482 ῶ
1096 1431 1368 1500 παρόντες
1415 1429 1564 1502 (ἀλλ’
1619 1431 1784 1501 ἀπείη
1837 1431 2031 1502 Ἀδρά-

449 1521 668 1586 στεια),
715 1519 910 1586 γένους
945 1519 1045 1588 μὲν
1079 1521 1138 1573 οὑ
1173 1523 1495 1576 παντάπασι
1525 1522 1727 1592 γέγονα
1752 1523 2030 1593 χαμαιζή-

447 1611 541 1662 λου
562 1624 577 1638 ·
611 1608 726 1662 ἀλλ’
752 1607 901 1661 ἔστιν
925 1609 991 1662 ἂν
1026 1610 1120 1662 κα)⁸
1145 1609 1392 1680 ζηλωτοῦ
1439 1613 1556 1674 τοῖς
1591 1612 1830 1675 πολλοῖς.
1859 1612 1942 1664 Τὸ.
1974 1611 2028 1666 δέ

453 1715 543 1765 μοι
578 1697 719 1750 κατά
756 1697 817 1750 τὸ
841 1697 1022 1766 σῶμα,
1053 1698 1157 1752 κᾶν
1181 1701 1229 1752 εἰ
1260 1699 1336 1772 μὴ
1373 1700 1475 1770 τῆς
1505 1699 1645 1768 ἄγαν
1674 1700 1907 1769 ἀρίστης
1939 1718 2028 1754 τε-

451 1792 721 1858 τυχήκασι
776 1791 1053 1860 κράσεως,
1094 1792 1234 1854 τέως
1291 1809 1356 1861 γε
1391 1797 1498 1863 μὴν
1531 1795 1690 1848 οὑθέν
1739 1793 2032 1865 είλήχεσαν

2129 605 2277 658 ἐστιν
2315 605 2404 659 ὅτε
2466 605 2759 658 ἀναδιπλοῖ
2816 602 3090 673 συλλαϐήν
3122 620 3134 634 ·
3179 601 3254 666 ὥς
3306 604 3406 672 μέν
3456 621 3601 667 τινες
3624 605 3725 658 οὑκ

2129 693 2411 756 ἀπιθάνως
2459 693 2614 763 φασὶ,
2670 693 2746 764 μὴ
2780 694 3086 765 ὑπουργεῖν
3135 694 3410 764 δυναμένη
3445 693 3724 764 πολυγόνῳ

2129 783 2304 847 οὕτως
2361 781 2464 850 νοῒ,
2529 783 2667 837 ἀλλά
2704 784 2841 855 πρὸς
2894 783 2956 836 τὸ
3003 782 3206 854 πλῆθος
3264 783 3374 837 τῶν
3432 786 3723 855 νοημάτων

2131 875 2458 944 ἀγωνιῶσα,
2526 879 2680 930 ποῖον
2754 877 2866 948 ἄρα
2938 877 3037 931 καὶ
3113 876 3575 949 προαρπάσεται,
3630 866 3726 931 καὶ

2132 965 2295 1036 δῆλον
2363 968 2424 1032 ἐξ
2491 961 2565 1021 ὧν
2615 972 2736 1032 ταῖς
2795 967 2992 1037 βίϐλοις
3051 968 3429 1037 ἀπαθέστερον
3495 970 3719 1038 ὁμιλεῖ⁶

2129 1060 2205 1123 ὡς
2261 1060 2306 1114 δ’
2372 1061 2485 1128 ἐγὼ
2543 1061 2672 1133 περὶ
2749 1061 2947 1114 ἐαυτοῦ
3004 1060 3420 1132 ἀποφαίνομαι,
3483 1063 3720 1130 φυσικὸν

2129 1151 2372 1223 λαχοῦσα
2429 1153 2589 1206 τοῦτο
2640 1153 3054 1225 πλημμέλημα,
3099 1155 3198 1225 οὑχ
3234 1155 3541 1224 ὑστερίζειν
3600 1156 3715 1224 (24)

2135 1241 2236 1312 μὲν
2290 1240 2383 1294 οὖν
2427 1244 2551 1305 ταῖς
2602 1241 2904 1306 διαλέξεσιν
2949 1244 3198 1307 οὐδενὸς,
3263 1245 3336 1314 μὴ
3385 1247 3468 1298 ὅτι
3507 1261 3571 1314 γε
3626 1246 3721 1299 καὶ

2135 1334 2297 1404 μένος
2345 1335 2497 1388 πνέει
2550 1335 2723 1406 πυρὸς
2790 1335 2900 1388 τῶν
2973 1336 3395 1390 ἀντιθετούντων
3465 1339 3722 1409 πρηστή-

2134 1442 2288 1496 ριον·
2353 1425 2402 1478 εἰ
2458 1425 2515 1479 δέ
2558 1440 2610 1479 τι
2680 1429 2774 1480 καὶ
2846 1427 3166 1498 ὑστερίζει,
3218 1429 3318 1498 τὴν
3370 1431 3531 1500 χεῖρα
3584 1429 3724 1492 τέως

2134 1516 2251 1588 ἔχει
2287 1516 2348 1571 τὸ
2406 1517 2655 1571 ἐλλεῖπον
2712 1518 3139 1591 ἀναπληροῦσαν
3194 1521 3281 1573 διὰ
3318 1520 3410 1572 τοῦ
3469 1521 3723 1590 μέλανος.

2135 1609 2246 1662 Καὶ
2282 1609 2458 1663 ταῦτα
2485 1609 2701 1679 διῆλθον
2734 1610 2834 1681 οὑχ
2859 1598 2979 1676 ἴνα,
3013 1612 3088 1682 μά
3122 1612 3250 1675 τοὺς
3280 1610 3495 1678 λόγους,
3531 1610 3729 1664 ἐπιδει-

2136 1689 2372 1771 ξαίμηνῖ
2415 1701 2532 1766 ἀλλέ
2562 1702 2656 1770 ἵν’),
2684 1703 3054 1775 ἐνδειξαίμην,
3103 1704 3200 1766 ὡς,
3243 1704 3336 1756 ἐπὶ
3380 1704 3726 1773 τηλικούτοις

2140 1791 2275 1860 μηδὲ
2309 1791 2402 1844 τοῦ
2433 1783 2734 1846 πολλοστοῦ
2787 1793 3129 1863 ἀξιούμενος,
3163 1795 3315 1863 ὅμως
3359 1795 3460 1848 οὑκ
3505 1795 3726 1861 ἀνάξιόν

451 1882 598 1954 (sic)
633 1883 877 1938 κολοϐόν.
933 1885 1725 1956 Διδασκάλωνπροσεφοίτησα
1771 1888 1887 1948 τοῖς
1917 1885 2037 1956 ἀρί-
2066 1878 2108 1932 Β
2137 1897 2188 1932 τι
2219 1881 2318 1951 τῆς
2346 1882 2570 1950 τιθηνοῦ
2605 1883 2796 1951 σοφίας
2821 1885 3121 1953 ἐφρόνησα,
3151 1883 3222 1945 ὡς
3250 1885 3314 1952 τῇ
3348 1885 3585 1956 Προνοίᾳ
3625 1885 3727 1954 ἐμ·

455 1991 599 2036 στοις
625 1991 640 2007 ο
678 1975 1078 2045 γραμματικὴν
1110 1976 1519 2047 προὺτελέσθην
1541 1994 1554 2007 ·
1597 1978 1890 2048 ῥητορείαν
1921 1979 2036 2044 ἐξε-

459 2064 696 2134 μυήθην,
724 2065 822 2134 οὐχ
851 2064 920 2135 ἣν
950 2065 998 2117 οἱ
1027 2065 1227 2135 ψυχροὶ
1259 2066 1556 2136 Σιμόκατοι
1593 2069 1688 2121 καὶ
1721 2070 1768 2120 οἱ
1793 2067 1913 2121 κατ’
1939 2068 2037 2120 αὑ-

455 2158 604 2222 τοὺς,
631 2156 746 2226 (25)
786 2156 962 2209 εἰπεῖν
991 2157 1339 2225 οἰκειότερον,
1365 2159 1792 2230 ἀποπέρδουσιν,
1825 2160 1942 2213 ἀλλ’
1969 2159 2038 2230 ἣν

466 2249 797 2319 Ἀριστεῖδαι
827 2250 922 2304 καὶ
954 2251 1243 2313 Πλάτωνες
1268 2251 1622 2305 ἀναπνὲουσι.
1652 2252 1764 2322 Τῆς
1784 2252 2038 2320 Ἀριστο-

457 2341 646 2404 τέλους
698 2342 1040 2410 φιλοσοφίας,
1076 2345 1176 2414 τῆς
1215 2344 1504 2407 Πλάτωνος
1529 2343 1909 2413 ὑψολολογίας,
1938 2344 2038 2414 τῆς

458 2433 518 2485 ἐν
539 2434 831 2503 γραμμαῖς
867 2433 964 2487 καὶ
987 2435 1244 2505 ἀριθμοῖς
1277 2435 1532 2505 θεωρίας,
1562 2435 1672 2506 ἔχω
1715 2436 1824 2506 ,μὲν
1854 2436 2041 2505 λέγειν

458 2522 534 2586 ὡς
560 2523 716 2576 οὑδέν
746 2525 936 2594 ἀφῆκα
964 2527 1198 2578 κατόπιν
1220 2541 1232 2554 ·
1265 2526 1379 2579 ἀλλ’
1428 2525 1764 2596 εὐλαϐοῦμαι
1793 2527 1886 2580 τὸν
1912 2529 2044 2580 ἀλα-

462 2615 614 2678 ζόνα.
645 2615 864 2668 Πολλῶν
895 2616 952 2668 δέ
1004 2634 1094 2686 μοι
1120 2617 1319 2685 λόγων,
1370 2618 1466 2671 καὶ
1500 2621 1600 2688 οὐχ
1631 2618 1780 2680 ὅπως
1805 2618 2046 2690 ἀριθμη-

461 2709 624 2778 θῆναι
658 2707 880 2779 ρᾳδῖων,
901 2707 1264 2778 ὠδινομένων,
1286 2710 1386 2762 οὑκ
1409 2707 1557 2762 ἔστιν
1577 2710 1635 2772 ὅς
1657 2726 1749 2778 μοι
1779 2726 2046 2780 προεσχε-

459 2801 702 2862 δίασται,
739 2800 852 2853 ἀλλ’
882 2800 944 2864 ἐξ
973 2802 1198 2870 ἑτοίμης
1223 2801 1372 2855 πνέω
1393 2802 1492 2870 τῆς
1522 2799 1789 2871 γλώττης.
1827 2803 1925 2854 Ἕν
1955 2820 2047 2871 μοι

462 2892 621 2947 τοῦτο
647 2894 741 2946 καὶ
763 2893 861 2946 οὑκ
894 2894 1289 2965 ἀποκρύψομαι
1320 2896 1660 2966 πρόσκομμα
1685 2911 1698 2926 ο
1728 2896 1919 2959 σκάςει
1955 2913 2046 2964 μοι

463 3097 595 3175 tiam
641 3106 690 3151 et
726 3101 838 3153 vias
887 3099 1110 3154 rationis
1167 3118 1262 3172 ope
1290 3101 1627 3172 aliquatenus
1672 3106 1884 3174 assequi
1939 3119 2045 3156 non

461 3191 668 3260 difﬁcile
701 3193 823 3246 erit.
860 3191 919 3248 Si
949 3205 1130 3248 autem
1163 3197 1359 3250 veritas
1394 3199 1592 3266 ingenii
1625 3203 1795 3254 nostri
1821 3213 2044 3251 acumen

464 3290 516 3335 et
546 3285 900 3340 scrutationes
938 3296 1148 3342 nostras
1180 3289 1381 3359 eﬁ'ugit,
1436 3288 1600 3344 nobis
1659 3291 1816 3360 ipsis,
1873 3298 1930 3342 ut
1958 3289 2046 3344 sa;

464 3379 614 3448 piens
663 3377 776 3442 ille,
841 3389 1065 3436 cantare
1099 3397 1230 3451 Opus
1263 3385 1383 3435 erit.
1435 3380 1708 3447 Quomodo
1761 3383 1900 3435 enim
1947 3381 2046 3435 loci

465 3469 752 3534 distantia,
799 3471 874 3524 sic
909 3472 1084 3542 quoad
1122 3472 1448 3525 intellectum
1477 3489 1682 3542 quoque
1732 3472 2043 3542 differimus.

466 3559 580 3612 Non
614 3560 778 3629 igitur
804 3561 858 3614 in
884 3560 1171 3615 Democriti
1195 3563 1484 3626 insaniam,
1510 3575 1600 3615 aut
1625 3563 1679 3615 in
1708 3561 1961 3630 Hipponis
1979 3561 2053 3613 ir-

2136 1975 2490 2043 παροινῆσαι,
2527 1972 2609 2038 οἷς
2658 1993 2746 2044 μοι
2778 1974 3040 2044 θημῶνας
3083 1977 3144 2029 οὑ
3191 1976 3433 2046 παρέσχε
3488 1975 3722 2046 χρυσοῦ,

2141 2065 2272 2124 ἴσως
2302 2065 2474 2117 εἰδυῖα
2520 2066 2595 2127 ὡς
2625 2064 3024 2135 διαφθεροῦντα
3064 2065 3156 2119 ὑπ’
3192 2065 3373 2120 αὑτῶν
3417 2065 3479 2119 τὸ
3509 2067 3729 2136 φιλόσο-

2140 2165 2262 2217 φον.
2311 2151 2504 2221 Ἡμεῖς
2535 2154 2631 2222 μὲν
2661 2148 2754 2206 οὖν
2784 2153 2927 2206 οὕτω
2950 2153 3080 2224 περ)⁷
3108 2153 3282 2207 ταῦτα
3315 2153 3513 2223 ἔχομέν
3542 2171 3602 2208 τε
3631 2156 3728 2210 καὶ

2139 2242 2382 2314 ἔχοιμεν.
2421 2247 2540 2299 Εἰσὶ
2597 2248 2653 2300 δέ
2689 2248 2739 2301 οἳ
2798 2249 2898 2318 τὴν
2946 2248 3198 2302 ἐναντίαν
3271 2249 3590 2302 παντάπασι
3632 2248 3728 2302 τέ-

2151 2353 2371 2406 μνουσι,
2409 2337 2547 2408 μηδὲ
2581 2339 2714 2401 ὅλως
2739 2336 2876 2394 εῖναι
2910 2342 3176 2412 Πρόνοιαν
3213 2340 3484 2408 λέγοντες,
3534 2341 3614 2394 ὅτι
3653 2341 3729 2410 μὴ

2149 2431 2304 2484 αὑτοί
2334 2448 2401 2500 γε
2430 2431 2723 2486 πλουτοῦσι
2751 2447 2764 2462 ο
2797 2433 2936 2498 δέον,
2966 2434 3014 2485 εἰ
3046 2433 3144 2503 μὲν
3177 2433 3374 2502 σοφοὺς
3403 2430 3728 2499 γινώσκοιεν

2143 2523 2370 2584 ἑαυτοὺς
2422 2523 2515 2575 καὶ
2561 2523 2784 2588 καλοὺς,
2820 2525 2913 2578 καὶ
2957 2525 3078 2586 ταῖς
3127 2524 3316 2584 ἄλλαις
3345 2524 3453 2576 τῶν
3513 2523 3729 2593 ἀρετῶν

2141 2613 2581 2684 ἐπιλάμποντας,
2636 2611 2839 2683 ἐφ”οἷς
2894 2617 3076 2686 ἔχουσι
3115 2615 3351 2688 χαίρειν,
3406 2614 3621 2678 πολλοῖς
3665 2632 3731 2684 γε

2141 2705 2284 2772 οὖσι,
2334 2711 2428 2761 καὶ
2464 2708 2539 2780 μὴ
2578 2709 2662 2776 ἐφ’
2711 2703 2785 2760 ῶν
2837 2710 2914 2761 ἐνὶ
2953 2708 3384 2779 ἀπεστέρηνται,
3439 2707 3729 2762 ἀνιᾶσθαι·

2144 2802 2280 2854 εἰδὲ
2311 2802 2480 2871 μηδὲν
2530 2802 2744 2864 ἐαυτοῖς
2799 2801 2907 2854 τῶν
2958 2801 3181 2869 ἀγαθῶν
3229 2801 3541 2865 συνειδεῖεν,
3597 2801 3731 2872 μηδὲ

2146 2895 2320 2959 οὕτως
2351 2895 2617 2966 ἄχθεσθαι
2643 2896 2743 2967 τὴν
2788 2895 3003 2960 πενίαν,
3046 2895 3300 2960 ἀναξίους
3328 2897 3471 2964 σφᾶς
3507 2897 3732 2961 ἑαυτοὺς

2144 3112 2249 3166 tus,
2309 3103 2504 3174 quippe
2550 3103 2634 3157 cui
2694 3102 2879 3173 lingua
2924 3117 2990 3155 ea:
3047 3117 3196 3172 aqua
3229 3117 3347 3156 cum
3379 3101 3499 3156 aliis
3528 3104 3728 3158 diserta

2144 3193 2369 3249 exsistit.
2416 3193 2523 3248 Sed
2557 3193 2994 3264 impedimentum
3046 3193 3263 3263 aliquod
3314 3197 3442 3249 mihi
3495 3195 3720 3258 obsistit,

2143 3287 2282 3354 quod
2309 3295 2484 3340 tacere
2517 3302 2714 3354 nequeo
2739 3303 2757 3339 :
2785 3285 2970 3355 lingua
3011 3285 3149 3338 inter
3181 3283 3502 3355 loquendum
3537 3283 3727 3338 balbu-

2144 3380 2226 3441 tit,
2277 3387 2326 3430 et
2377 3379 2645 3432 interdum
2677 3377 2914 3448 syllabas
2948 3376 3207 3444 duplicat,
3245 3391 3350 3428 non
3380 3377 3535 3444 quasi
3583 3391 3733 3428 mens

2155 3480 2314 3542 capta
2355 3475 2445 3539 sit,
2477 3475 2569 3527 sed
2596 3473 2720 3542 quia
2760 3473 3136 3542 cogitationum
3169 3485 3389 3523 numero
3415 3487 3476 3523 ac
3513 3469 3737 3538 ponderi

2160 3568 2258 3619 rite
2314 3566 2630 3637 respondere
2679 3566 2856 3636 impar
2892 3566 2980 3626 sit,
3028 3571 3086 3617 ut
3133 3563 3297 3634 aliqui
3321 3565 3452 3616 satis
3488 3570 3626 3616 recte
3652 3562 3734 3614 di-

466 3650 865 3720 religiositatem
918 3653 1214 3706 incidamus
1246 3696 1256 3710 .
1313 3653 1706 3708 Providentiam
1758 3653 2056 3722 iniquitatis
2084 3723 2104 3726 Α
2165 3665 2310 3720 cunt,
2346 3657 2399 3709 id
2444 3657 2584 3726 quod
2613 3671 2674 3710 ea:
2710 3655 2967 3725 facilitate
2996 3671 3101 3725 qua
3129 3653 3286 3707 libros
3317 3653 3473 3706 lectos
3502 3665 3738 3718 compre-

467 3747 776 3796 accusantes
802 3742 940 3812 quod
996 3760 1191 3798 aurum
1244 3746 1389 3798 nobis
1445 3746 1733 3814 negaverit.
1789 3744 2042 3813 Equidem
2070 3723 2112 3782 δ
2151 3750 2356 3809 hendit.
2392 3723 2540 3803 clare
2579 3723 2825 3818 apparet.
2866 3745 2968 3801 Sed
3009 3723 3108 3800 hac
3135 3762 3190 3799 re
3221 3762 3322 3798 non
3357 3743 3595 3796 obstante
3625 3757 3736 3793 ser-

469 3831 628 3901 (absit
667 3839 847 3886 autem
898 3833 1183 3905 Adrasteo)
1234 3851 1340 3888 non
1382 3835 1542 3904 plane
1590 3837 1831 3905 abjectce,
1871 3844 1925 3889 ut
1966 3843 2040 3888 tot

470 3921 586 3985 alii,
648 3939 767 3977 sum
800 3923 1052 3995 originis;
1087 3935 1134 3978 et
1165 3927 1212 3979 si
1253 3927 1487 3995 corporis
1521 3929 1622 3980 mei
1677 3927 1911 3980 membra
1941 3943 2046 3978 non

470 4032 688 4085 prorsus
713 4018 968 4087 perfecta,
1003 4028 1058 4072 at
1083 4017 1275 4073 saltem
1301 4021 1517 4074 minime
1541 4021 1729 4074 mutila
1755 4030 2044 4090 apparent.

474 4105 862 4190 Magistrorum
894 4109 1219 4176 optimorum
1241 4109 1448 4164 scholas
1471 4112 1836 4180 frequentavi;
1867 4125 2052 4180 gram-

475 4203 684 4256 maticae
736 4206 974 4274 apprime
1017 4204 1230 4270 studui;
1289 4205 1581 4258 rhetoricen
1621 4206 1896 4275 perdidici,
1945 4223 2049 4260 non

475 4292 688 4359 qualem
739 4293 920 4365 frigidi
950 4292 1228 4349 Simocatti
1267 4304 1536 4358 eructant,
1564 4297 1658 4349 sed
1687 4295 1903 4367 qualem
1934 4295 2055 4351 Ari-

473 4385 634 4440 stides
665 4395 713 4440 et
743 4386 901 4442 Plato
945 4391 1237 4459 respirant.
1283 4388 1637 4459 Nequaquam
1669 4391 1810 4443 enim
1846 4388 2057 4459 neglexi

476 4476 779 4533 Aristotelis
834 4480 1241 4550 philosOpIu'am,
1291 4479 1538 4534 Platonis
1599 4481 1876 4535 sublimem
1946 4479 2055 4534 elo-

477 4570 782 4637 quentiam;
833 4569 1098 4626 linearum
1137 4580 1188 4626 et
1235 4588 1580 4626 numerorum
1623 4573 1923 4628 doctrinam
1969 4588 2057 4626 co-

477 4664 682 4730 gnitam
725 4663 925 4729 habeo;
975 4665 1067 4719 sed
1084 4666 1443 4735 jactabundos
1479 4667 1762 4736 reformido
1801 4669 2053 4721 homines.

482 4753 796 4809 Innumeros
819 4772 912 4825 ego
943 4772 1210 4811 sermones
1242 4751 1509 4824 composui
1537 4774 1569 4811 a
1594 4757 1806 4811 nemine
1833 4774 2056 4828 supera-

2156 3838 2395 3890 monibus
2428 3836 2665 3890 serendis
2695 3835 2912 3888 idoneus
2942 3849 3085 3894 sum,
3122 3832 3240 3884 licet
3283 3831 3450 3900 ignita
3484 3843 3587 3881 non
3629 3827 3738 3879 sint

2154 3929 2332 3984 verba.
2364 3931 2434 3981 At
2459 3929 2505 3981 si
2540 3925 2722 3997 lingua
2752 3929 2926 3980 ntinus
2947 3924 3234 3992 satisfacit,
3277 3921 3347 3974 ad
3377 3925 3739 3973 atramentum

2157 4020 2382 4088 refugio.
2422 4018 2532 4072 Hoc
2567 4025 2747 4071 autem
2787 4018 2923 4078 dico,
2963 4015 3092 4084 proh
3135 4013 3316 4080 (idem,
3359 4027 3460 4064 non
3513 4026 3606 4080 per
3647 4008 3740 4076 ja-

2156 4111 2437 4172 ctantiam,
2487 4109 2578 4161 sed
2607 4116 2663 4160 ut
2689 4105 2963 4160 ostendam
3007 4121 3109 4165 me,
3143 4103 3261 4155 licet
3291 4100 3472 4154 multis
3503 4099 3625 4152 aliis
3657 4101 3740 4151 in-

2161 4201 2428 4270 feriorem,
2461 4195 2591 4249 nihil
2624 4204 2803 4249 tamen
2836 4211 2973 4248 sana
3001 4192 3330 4261 philosophia
3355 4205 3570 4260 prorsus
3602 4189 3740 4242 indi-

2160 4306 2322 4362 gnum
2353 4287 2610 4357 proferre,
2656 4302 2747 4339 nec
2775 4283 3126 4338 Providentia
3157 4280 3424 4334 insultare
3455 4278 3594 4351 quod
3619 4280 3742 4331 auri

2161 4399 2374 4437 acervos
2428 4397 2534 4434 non
2587 4378 2811 4444 dederit,
2843 4379 2970 4432 bene
3013 4376 3180 4430 sciens
3228 4373 3368 4444 quod
3395 4373 3451 4426 id
3491 4388 3594 4427 non
3628 4373 3740 4425 sine

2163 4476 2477 4530 detrimento
2540 4471 2876 4543 philosophia:
2931 4469 3050 4536 ﬁeri
3108 4473 3302 4537 posset.
3360 4464 3482 4518 Haec
3531 4463 3740 4535 quidem

2164 4577 2349 4620 nostra
2389 4572 2464 4618 est
2499 4563 2696 4632 opinio.
2746 4560 2882 4616 Sunt
2923 4573 3101 4613 autem
3155 4557 3367 4627 alii'qui
3410 4557 3740 4610 contrarium

2164 4673 2383 4729 prorsus
2427 4658 2737 4726 Opinantur,
2771 4652 3170 4707 Providentiam
3206 4648 3414 4703 nullam
3451 4665 3562 4702 esse
3602 4649 3742 4717 afﬁr-

2167 4760 2395 4816 mantes,
2433 4749 2572 4820 quod
2604 4748 2705 4820 ipsi
2732 4763 2835 4800 non
2879 4746 3063 4800 divites
3098 4753 3243 4798 sunt.
3274 4741 3344 4797 lli
3385 4743 3430 4796 si
3457 4739 3740 4812 prudentes

543 4935 657 5012 (:29)
682 4938 1034 5012 ίδιι-οὶιουὶῐ).
1054 4954 1153 5012 xu,
1175 4957 1297 5012 pag.
1324 4942 1457 4998 edit.
1482 4941 1722 4999 Casaub.
1751 4937 1875 5003 564,
1903 4937 2036 5012 edit.
2075 4940 2120 4996 ι)
2220 4935 2482 5012 Erasmus
2511 4932 2706 5012 (Mog.
2728 4929 3064 5012 diuinum",
3117 4937 3264 5012 cent.
3295 4940 3366 4989 tv,
3423 4924 3583 4994 adag.
3638 4923 3761 4994 50,,

481 5006 642 5083 i707.
673 5009 799 5083 846,
826 5006 1273 5083 ΑξΔΔιορςσαι-δὲξ
1305 5015 1502 5083 inquit,
1527 5015 1652 5073 τοὺς
1687 5012 1851 5083 ὄρους
1887 5008 2044 5083 χαλετ

482 5076 603 5151 πον,
634 5080 760 5151 τούς
789 5096 847 5130 τε
878 5076 1142 5151 Βιθυνῶν,
1175 5084 1270 5135 καὶ
1292 5076 1497 5138 Μυσῶν
1524 5084 1622 5136 καὶ
1665 5076 1919 5151 Φρυγῶν,
1951 5079 2048 5151 καὶ

481 5145 563 5220 ἔτι
589 5149 859 5220 ,Δολιόνων
886 5149 996 5202 τῶν
1019 5151 1148 5220 περὶ
1185 5152 1442 5217 Κύζικον,
1486 5154 1580 5206 καὶ
1605 5145 1929 5220 Μυγδόνων,
1956 5150 2050 5201 καὶ

481 5215 711 5283 Τρώων.
743 5221 849 5271 Καὶ
875 5221 1008 5271 διότι
1034 5215 1136 5287 μὲν
1168 5221 1249 5274 δεῖ
1278 5215 1436 5276 εἶναι’
1454 5223 1687 5278 ἕκαστον
1711 5215 1822 5274 τῶν
1864 5219 2048 5286 φύλων

484 5290 676 5371 χωρὶς,
708 5289 1078 5358 ὁμολογεῖταιο
1105 5289 1212 5342 ἐπί
1239 5309 1298 5345 τε
1348 5294 1458 5346 τῶν
1516 5290 1746 5364 Φρυγῶν
1795 5291 1890 5344 κα).
1941 5289 2050 5343 τῶν

485 5357 713 5423 Μυσων,
744 5360 841 5413 καὶ
872 5360 1352 5423 Μροιμιὰξονταιο

546 5375 713 5426 υσων,
744 5375 841 5413 και
872 5375 1352 5430 παροιμιαςονταιο

558 5451 748 5525 Χωρῑς
773 5454 846 5507 τὰ
883 5451 1112 5525 Μυσῶν
1141 5453 1243 5506 καὶ
1268 5452 1518 5524 Φρυγῶν
1540 5458 1857 5525 opto'paza'

559 5523 940 5593 διορίσασθαι
959 5522 1027 5576 δὲ
1050 5525 1344 5593 χαλεπόν.

564 5617 643 5672 Ad
671 5617 775 5670 hoc
797 5615 1149 5685 proverbium
1192 5616 1390 5670 alludit
1431 5619 1595 5672 etiam
1647 5617 1980 5674 Plutarchus
2014 5620 2064 5673 iu

492 5687 766 5758 praeceptis
788 5702 894 5758 pro
915 5687 1144 5758 sanitate
1179 5689 1378 5758 tuenda
1398 5687 1551 5754 (cdt.
1586 5687 1772 5744 Reiske.
1805 5699 1938 5744 tom.
1974 5687 2064 5755 Vl,

496 5757 546 5826 ιι.
581 5758 707 5827 465)
734 5773 758 5838 :_
785 5757 1104 5838 xta-plcjap
1137 5757 1212 5838 τά
1236 5757 1544 5838 otiosiorem?
1578 5761 1672 5813 καὶ
1708 5761 1927 5830 ἰατρῶν,
1961 5760 2067 5813 ὥσ-

493 5825 606 5899 περ
637 5825 801 5882 τινῶν
833 5825 1036 5880 Μυσῶν
1067 5828 1160 5880 καὶ
1184 5827 1416 5898 Φρυγῶν
1449 5829 1743 5900 ὁρίσματα.

2149 5007 2255 5062 col.
2288 5005 2416 5075 467)
2439 4997 2616 5058 locum
2642 4997 2935 5056 Strabonis
2967 5001 3042 5052 ita
3085 4997 3218 5050 citat
3260 5012 3274 5048 ι

2221 5097 2404 5163 Χωρὶς
2433 5095 2506 5149 τὰ
2529 5093 2750 5148 Μυσῶν
2779 5092 2872 5146 καὶ
2907 5088 3154 5158 Φρυγῶν
3198 5087 3514 5156 ὁρίσματα,

2152 5170 2218 5224 τὸ
2241 5168 2310 5222 δὲ
2337 5166 2614 5234 διορίζειν
2644 5163 2939 5234 χαλεπόν.

2228 5262 2340 5330 (2i)
2370 5258 2533 5313 Conf.
2580 5256 2806 5310 Luciau.
2857 5251 2976 5307 Ver.
3006 5249 3256 5321 hist-lib.
3301 5267 3363 5316 ll,
3398 5250 3424 5321 §
3457 5251 3542 5314 l5,
3589 5261 3628 5305 ι.
3665 5250 3730 5317 ll,

2191 5332 2406 5387 ΜΛΝ).

2155 5349 2891 5471 pagé'ifllmpononjdeo
2913 5389 3390 5471 potumﬁustsiln.
3429 5391 3539 5471 l(ad
3577 5392 3737 5447 llam.

2183 5460 2360 5533 ΙΙῘΦί
2384 5472 2422 5525 t.
2458 5468 2618 5530 XXI,
2645 5485 2692 5521 v.
2721 5466 2812 5526 79,
2845 5462 3066 5532 P1224,
3105 5460 3214 5533 lin._
3253 5460 3562 5533 54)ιιι1ιέιιε
3602 5472 3688 5516 est
3721 5480 3736 5516 :

2180 5530 2351 5612 Δῆλον
2373 5544 2523 5605 δ’ὃτι,
2540 5530 2956 5612 κῶσπερξᾙῘΠΗ
2980 5535 3043 5612 ἐξ
3065 5535 3160 5582 τοῦ
3193 5530 3450 5612 ξΙΙΠΠΟξ,
3477 5532 3619 5612 οὑτω
3645 5535 3739 5588 καὶ

2181 5601 2447 5678 ’⁸ΙΠΠΩΝ,
2486 5601 2752 5678 κύριον,’ῤ
2783 5606 2959 5667 ἄθεος.
3004 5601 3342 5659 Eustatltium
3395 5604 3591 5660 Suidas
3647 5617 3744 5659 se-

2180 5686 2366 5752 quitur
2384 5676 2458 5752 (ν.
2483 5676 2771 5752 "tunam.

2248 5753 2360 5823 (25)
2391 5743 2551 5823 Cani.
2576 5743 2761 5823 supra,
2803 5747 2910 5823 col.
2942 5743 3100 5823 ιοιξ.

2249 5815 2362 5895 (24)
2402 5821 2532 5879 Sic:
2569 5821 2666 5890 leg.
2698 5820 2826 5889 fors.
2864 5815 3158 5889 ὑστερίζει.

3582 391 3722 459 1298
3831 400 3835 401 ⁷
