4078 6454
462 328 595 391 ΥὌῙ
1592 334 1913 399 SCRIPTA
1956 338 2519 405 MISCELLANEA.
3584 340 3723 407 1302

453 442 735 508 πλουτεῖν,
763 440 829 495 ἔα
873 440 1012 513 μετά
1037 442 1146 496 τῶν
1193 442 1417 516 βιϐλίων
1443 449 1637 522 πεινᾷν
1661 466 1676 481 ο
1711 451 1759 504 εἰ
1788 451 1835 506 δ’
1868 454 2045 525 ὲγχω-
2070 460 2121 522 Α
2147 455 2291 529 θείᾳ,
2327 456 2547 520 πάντως
2584 455 2882 521 λυσιτελῶς
2923 455 3260 529 χρησομένη,
3296 457 3444 523 ὅπως
3480 458 3591 530 ἄρα
3624 454 3719 515 καὶ

458 535 562 606 ρετ,
598 533 693 624 καὶ
721 531 784 624 ἐδ
810 532 1227 624 συναμφότερον
1254 535 1348 590 σδν
1376 535 1444 590 ἂν
1476 537 1564 608 εῐη
1594 538 1653 591 τὺ
1680 540 1866 611 ἔργον.
1894 543 2039 614 Πρός
2136 553 2339 624 χρήσῃ.
2387 551 2485 606 Ἐν
2513 548 2674 604 τοῦτο
2700 549 3070 622 πλουτοιημέν
3117 567 3177 604 τε
3217 549 3314 605 καὶ
3347 551 3716 624 ύγιαῑνοιμεν,

455 640 521 693 γε
556 623 663 694 μὴν
694 622 795 687 τὰς
839 623 1029 716 Υόετρυς
1068 624 1294 691 καὶτὰς
1338 627 1551 697 ὑγείας.
1597 633 1691 685 καὶ
1724 632 1824 703 τὴν
1871 633 2040 705 ἀλλην
2137 622 2422 696 ἐπιστάτιν
2452 659 2512 696 σε
2538 641 2633 697 τοῦ
2667 642 2868 708 παντὸς
2913 643 3132 716 φρονεῖν
3164 644 3260 697 καὶ
3295 642 3476 713 λέγειν
3514 622 3609 699 καλ
3640 646 3719 698 οξ·-

457 717 640 768 πᾶσαν
690 714 1020 786 μιταὸολὴν,
1066 717 1367 788 ὲκκείμεθά
1405 720 1525 793 (sic)
1575 739 1668 776 aou
1702 727 1767 794 τῇ
1822 742 2042 798 προμη-

460 867 814 922 Βίοοιεείαηοι
854 868 1201 935 imperatores
1245 869 1436 940 facias,
1472 881 1533 926 ut
1578 882 1837 946 martyres
1870 892 2024 930 coro-

460 971 685 1026 nentur;
732 959 1111 1015 Constantinos
1138 977 1361 1031 regnare
1400 964 1570 1035 iacias
1599 983 1664 1021 ne
1700 970 1865 1022 virtus
1887 988 1919 1024 a
1952 971 2029 1024 vi-

2140 730 2264 783 κονό
2273 747 2372 800 μον
2408 733 2600 802 σοφήν.

2127 879 2305 948 nique,
2350 896 2469 933 cum
2503 883 2758 947 sanitate,
2799 892 2846 936 et
2876 883 2931 937 in
2963 883 3358 956 quibuscunque
3406 887 3718 943 conditioni-

2138 972 2231 1028 bus
2272 973 2342 1028 ad
2371 973 2771 1032 Providentiam
2801 977 3090 1047 refugimus
3118 993 3239 1049 qute
3261 977 3407 1034 nobis
3435 979 3565 1035 bene
3592 986 3718 1035 con-

460 1059 545 1111 tiis
569 1057 706 1110 victa
734 1071 762 1108 e
793 1057 989 1109 mundo
1029 1056 1263 1110 recedat.
1293 1055 1487 1112 Omnia
1525 1077 1621 1130 pro
1649 1062 1913 1131 sapientia
1937 1072 2031 1117 tua
2134 1062 2263 1117 sulit
2300 1079 2526 1135 semper,
2559 1074 2610 1118 et
2640 1080 2802 1135 quam
2832 1066 2887 1121 in
2923 1068 3165 1122 omnibus
3212 1067 3722 1125 administratricem

457 1166 598 1220 rege.
630 1148 788 1203 Nobis
814 1155 994 1201 autem
1022 1150 1067 1202 si
1097 1149 1238 1202 inter
1266 1150 1747 1221 philosophandum
1774 1169 2034 1221 pauperes

455 1257 756 1308 manemus,
782 1256 903 1295 cum
929 1239 1076 1294 libris
1098 1242 1298 1295 esurire
1323 1242 1562 1297 concede.
1612 1243 1676 1297 In
1725 1245 1918 1298 morbis
1950 1247 2042 1297 de-

1740 1499 1966 1586 ΤοΥ

2140 1153 2334 1208 bonam
2364 1156 2420 1207 in
2454 1154 2605 1211 rebus
2635 1157 2832 1211 nostris
2860 1160 3104 1213 venerari
3130 1157 3353 1239 liceatl.

2082 1500 2459 1588 ΑΥΤΟΥ

532 1640 640 1694 ΕΙΣ
699 1638 853 1705 ΤΟ,‹
886 1638 1006 1693 ΚΑΙ
1061 1638 1294 1693 ΑΥΤΟΣ
1349 1637 1881 1693 ΠΡΟΕΛΕΥΣΕΤᾹΙ
1932 1639 2239 1696 ΕΝΩΠΙΟΝ
2301 1642 2539 1695 ΑΥΤΟΥ
2604 1641 2692 1695 ΕΝ
2748 1641 3111 1696 [ΙΝΕΥΜΑΤΙ
3164 1642 3287 1696 ΚΑΙ
3344 1644 3655 1728 ΔΥΝΑΜΕΙ

1918 1736 2133 1791 ΗΛΙΟΥ
2164 1738 2205 1792 ί.
2249 1755 2268 1788 ι

530 1884 645 1955 Τὴν
677 1882 914 1955 ἀπορίαν
947 1884 1144 1954 ἀρχὴν,
1191 1875 1237 1936 ὧ
1277 1882 1524 1953 φιλότης,
1559 1882 1826 1954 εὐπορίας
1858 1881 1953 1936 καὶ
1983 1881 2034 1937 οἱ
2068 1885 2113 1945 Β
2138 1899 2290 1950 νητα
2336 1884 2409 1937 τὰ
2447 1882 2699 1952 κρίματα
2745 1883 2967 1938 ai;th
2998 1883 3111 1937 ἀλλ’
3144 1885 3203 1938 ού
3242 1886 3395 1956 παρὰ
3426 1887 3587 1943 τοῦτο
3632 1890 3728 1945 καὶ

456 1976 698 2048 θύραθεν
729 1976 973 2045 ἔφασαν·
1012 1979 1165 2031 καὶὸ
1195 1975 1319 2030 καθ’
1351 1977 1501 2046 ἡμᾶς
1544 1975 1601 2028 δὲ
1646 1975 1805 2043 λόγος
1832 1977 2040 2046 ταύτην
2139 1975 2479 2045 ἀνερεύνητα
2516 1977 2627 2038 τοῖς
2657 1991 2721 2043 γε
2760 1977 2986 2029 συνιεῖσι
3020 1974 3115 2029 τοῦ
3168 1976 3382 2031 Παύλου
3421 1979 3721 2050 ρημάτωνς

459 2070 561 2123 οὐκ
593 2071 1087 2140 ἀποπροσποιεῖται
1113 2085 1127 2100 ·
1161 2070 1353 2141 μέχρις
1377 2068 1443 2123 ἂν
1466 2069 1567 2122 οὐκ
1601 2067 1895 2139 ἀλαζονική
1926 2069 2042 2121 ἐστι

461 2164 557 2215 καὶ
590 2153 944 2232 πειραστικὴ,
989 2161 1088 2214 καὶ
1121 2160 1348 2232 γνώμης
1400 2161 1710 2229 φιλονείκου
1743 2160 1836 2213 καὶ
1881 2161 2048 2214 πολυ·

463 2252 804 2322 πράγμονος,
842 2251 981 2306 ἀλλὰ
1013 2251 1254 2316 διανοίας
1289 2250 1627 2321 φιλομαθοῦς
1659 2252 1755 2304 καὶ
1794 2252 2044 2319 φιλοθέου

461 2345 665 2413 ψυχῆς.
702 2344 841 2406 Τοῦς
884 2345 992 2414 γὰρ
1027 2344 1170 2397 οῦτω
1214 2343 1506 2415 μοχθηρῶς
1555 2344 1875 2413 ἐρωτῶντας
1910 2343 2047 2398 πολὺ

462 2439 572 2508 πρὸ
616 2437 727 2490 τῶν
762 2437 939 2491 ἄλλων
972 2438 1068 2491 καὶ
1117 2440 1144 2490 ὁ
1176 2437 1367 2507 Σωτὴρ
1421 2434 1909 2506 ἁποτροπιάζεται.
1958 2436 2049 2499 Ὠς

463 2529 525 2582 τό
554 2546 618 2596 γε
671 2529 979 2596 φιλοσόφως
1028 2531 1258 2599 ἀπορεῖν
1307 2529 1401 2581 καὶ
1448 2527 1763 2598 φιλομαθῶς
1813 2526 1909 2580 καὶ
1966 2524 2047 2596 τῷ

465 2620 697 2691 ὲρευνᾷν
746 2620 847 2681 τὰς
915 2619 1137 2689 Γραφάς
1187 2618 1624 2688 διακελευομένῳ
1684 2616 2045 2686 προώρισται,

462 2711 560 2765 ἅτε
616 2711 750 2780 μηδὲ
785 2712 914 2780 μιᾶς
962 2712 1214 2779 κεραίας,
1260 2709 1398 2779 μηδὲ
1434 2709 1567 2761 ἰῶτα
1612 2708 1728 2771 ἐνὸς
1766 2708 2045 2776 διακενῆς,

465 2806 558 2857 καί
589 2803 732 2857 οὕτω
759 2805 959 2875 μάτην,
991 2806 1110 2866 ταῖς
1139 2805 1315 2873 ἱεραῖς
1346 2802 1831 2872 ἐγκεχαραγμένον
1861 2801 2045 2870 διφθέ-

466 2913 610 2966 ραις.
645 2896 857 2952 Οὐκοῦν
900 2897 999 2950 οὐκ
1035 2899 1341 2967 ἁπορητέον
1380 2896 1446 2949 ἂν
1479 2894 1568 2962 εἴη
1612 2897 1671 2946 ὲν
1703 2898 1813 2958 τοῖς
1848 2895 2047 2947 ὑποδυ-

466 2989 674 3052 σκόλως
710 3007 827 3053 πως
876 2989 1189 3060 εἰρημένοις
1224 2988 1377 3057 παρά
1424 2986 1520 3040 τοῦ
1561 2987 1894 3055 Πνεύματος.
1928 2986 2050 3040 Μά-

463 3080 623 3131 λιστα
661 3080 760 3151 μὲν
785 3075 880 3133 οὖν
906 3081 963 3132 ὲν
987 3081 1097 3141 τοῖς
1131 3095 1193 3145 γε
1220 3076 1486 3139 τοιούτοις
1519 3077 1845 3146 ἀπορητέον,
1870 3076 2044 3146 ὁπόση

2153 2070 2414 2141 Ἐρευνᾷν
2443 2070 2545 2139 μὲν
2578 2068 2687 2140 γὰρ
2716 2069 2856 2124 αύτά
2898 2070 3033 2140 προς
3064 2069 3143 2140 τῷ
3181 2071 3239 2124 έν
3273 2071 3393 2141 Θεῷ
3431 2073 3530 2126 καὶ
3555 2070 3725 2127 εὔπο-

2146 2178 2240 2231 ρον
2262 2177 2278 2190 ο
2315 2161 2609 2233 ὲξερευνᾷν
2640 2161 2718 2226 δὲ,
2766 2161 2885 2232 ἦτοι
2920 2163 3096 2232 πέρας
3142 2164 3208 2232 τῇ
3244 2160 3449 2234 ἐρεύνῃ
3489 2162 3716 2227 διδόναι,

2145 2252 2428 2308 ἀδύνατον.
2468 2253 2782 2318 Ἐπαινετὺς
2816 2253 2924 2325 ἄρα
2957 2253 3055 2307 καὶ
3085 2254 3172 2320 σὺ,
3217 2253 3472 2308 κάλλιστέ
3499 2271 3590 2325 μοι
3613 2255 3722 2308 τῶν

2147 2343 2340 2411 φίλων,
2363 2342 2462 2412 τῆς
2486 2342 2833 2413 ἀδιακρισιας
2862 2341 3046 2413 μέντοι
3073 2342 3512 2413 βλασφημεῖσθαι
3539 2342 3721 2414 πολλῷ
3790 2344 3802 2357 ⁸

2147 2438 2308 2493 πλέον
2338 2437 2566 2501 δίκαιος.
2611 2436 2729 2490 Ἵνα
2760 2437 2812 2490 τί
2855 2437 2964 2507 γὰρ
2991 2437 3089 2507 τὴν
3126 2437 3255 2505 περὶ
3286 2436 3346 2490 τδ
3383 2436 3536 2507 βῆμα
3569 2435 3723 2506 ἱεράν

2145 2529 2459 2600 γερουσίαν,
2510 2527 2637 2591 τοὺς
2670 2528 2967 2592 Μωῦσὲας,
3014 2528 3140 2591 τοὺς
3189 2528 3401 2599 Ἀαρὼν
3433 2526 3723 2581 ἀπολέλοιρ

2146 2638 2276 2687 πας,
2318 2622 2447 2684 τοὺς
2492 2620 2627 2673 Θεοῦ
2664 2620 2837 2689 στόμα
2877 2620 2973 2679 καὶ
3005 2619 3164 2682 ὄντας
3193 2620 3289 2673 καὶ
3328 2619 3719 2689 καλουμένους.

2143 2713 2270 2777 τοὺς
2316 2714 2458 2782 μετὰ
2503 2711 2752 2766 Ἰωάννου
2803 2711 3169 2782 βροντῶντας,
3213 2713 3308 2765 καὶ
3338 2711 3473 2781 μετά
3506 2709 3720 2765 Παύλου

2148 2806 2531 2870 σαλπίζοντας,
2562 2809 2689 2870 τοὺς
2730 2807 2823 2861 ἐπὶ
2866 2805 2976 2861 τῶν
3024 2806 3184 2877 ἱερῶν
3234 2804 3573 2876 ὀκριϐάντων
3625 2807 3722 2857 καὶ

2142 2900 2513 2968 τεταγμένους
2546 2900 2643 2953 καὶ
2673 2900 3022 2968 ἱσταμένους,
3058 2900 3152 2952 καὶ
3183 2897 3277 2951 τοῦ
3302 2894 3437 2950 Θεοῦ
3470 2897 3569 2967 τὴν
3593 2897 3723 2950 Δια·

2147 2991 2322 3059 θήκην
2352 2988 2844 3059 ἀναλαμϐάνοντας
2864 2989 2954 3044 διὰ
2986 2990 3257 3060 στόματος
3276 3031 3292 3056 ,
3332 2990 3479 3059 ἡμᾶς
3504 2988 3562 3041 δὲ
3590 2988 3720 3050 τοὺς

2145 3081 2242 3148 τῆς
2271 3079 2405 3148 ὕλης
2454 3078 2825 3150 ὑποχειρίους,
2865 3078 2961 3133 καὶ
3009 3078 3070 3131 τὸ
3102 3076 3263 3150 πλέον
3313 3075 3415 3145 μὲν
3459 3072 3555 3128 τοῦ
3601 3072 3720 3144 βίου

459 3149 714 3243 δύναμις,
765 3171 924 3241 εῐπερ
959 3171 1294 3241 εὐπορήσειν
1335 3168 1526 3239 μέλλον
1554 3169 1686 3238 ἡμῖν
1719 3169 1809 3220 καὶ
1859 3166 1956 3237 τὴν
1981 3170 2039 3221 ὲν
2146 3171 2263 3231 ταῖς
2319 3169 2399 3232 εἰς
2450 3169 2519 3223 τά
2574 3149 2854 3240 ἀνάκτορα
2899 3149 3437 3239 παρεισφθαρείσαις
3479 3163 3719 3235 ψυχραῖς

462 3264 649 3327 αὐτοῖς
694 3263 933 3335 θηρᾶσαι
985 3262 1265 3334 ἀλήθειαν.
1320 3262 1382 3315 El
1418 3262 1525 3331 γὰρ
1577 3262 1668 3314 καὶ
1715 3248 1931 3328 Παύλῳ
1958 3260 2038 3329 τῷ
2148 3263 2463 3330 συνηθείαις
2494 3262 2849 3327 δουλεύοντας
2873 3279 2889 3295 ο
2920 3256 3033 3317 οἷον
3060 3260 3119 3316 εὖ
3162 3259 3440 3315 διαθέσθαι
3477 3260 3539 3312 τὸ
3565 3257 3720 3311 πέδι-

466 3354 685 3423 μεγάλῳ
739 3354 1040 3425 διδασκάλῳ
1092 3358 1192 3422 τῆς
1250 3355 1579 3425 οἰκουμένης
1639 3355 1756 3408 ὅλον
1819 3352 2037 3407 καθέντι
2064 3344 2108 3406 C
2142 3357 2232 3408 λον
2266 3353 2342 3426 τῷ
2379 3355 2528 3421 ποδὶ,
2562 3355 2657 3409 καλ⁸
2690 3356 2767 3425 μὴ
2791 3354 2932 3427 ὑπὲρ
2956 3356 3084 3418 τοὺς
3110 3350 3492 3424 ἀστραγάλους
3527 3349 3720 3419 θοιμά-

461 3447 555 3497 τξν
601 3445 728 3498 νοῦν
782 3448 862 3508 εἰς
922 3447 1225 3516 ἀκρότατον
1272 3446 1383 3498 τῶν
1444 3445 1607 3497 θςίων
1663 3445 1884 3497 ἐννοιῶν
1943 3444 2037 3502 τὸν
2145 3464 2256 3499 τιον
2305 3446 2716 3519 ἀνοιζώσασθαι,
2753 3447 2803 3501 εἰ
2850 3448 2943 3523 μὴ
2972 3446 3266 3523 μέλλοιμεν
3295 3443 3390 3497 καὶ
3433 3441 3721 3521 κονδύλους

463 3533 717 3607 meum
747 3535 919 3592 ταῦτα
953 3535 1246 3611 περιῆλθεν
1279 3537 1453 3594 εἰπεῖν
1484 3555 1495 3572 ·
1532 3539 1593 3595 Ὢ
1623 3537 1819 3607 βάθος
1846 3543 2041 3596 πλού·
2149 3544 2405 3614 ὑποσχεῖν
2436 3543 2578 3598 κατά
2604 3544 2811 3614 κόρρης
2841 3544 2992 3615 παρά
3015 3547 3126 3606 τοῖς
3156 3541 3492 3612 οἱκοτρίϐαις
3521 3533 3597 3609 τῷ
3623 3532 3721 3607 βλ·-

462 3644 572 3683 του
596 3633 695 3685 καὶ
729 3634 949 3702 σοφίας
977 3635 1075 3687 καὶ
1109 3619 1385 3702 γνώσεως
1411 3635 1579 3699 Θεοῦ,
1614 3637 1692 3702 ὡς
1722 3636 2041 3703 ἀνεξείηιεύ-
2153 3634 2346 3704 σιλικῷ
2399 3634 2638 3703 δαπέδῳ,
2700 3636 2789 3689 διὰ
2818 3635 2917 3707 τὴν
2973 3635 3267 3707 φιλόσοφον
3319 3632 3555 3703 βλαύτην
3607 3625 3721 3682 οἷον

1816 3811 1868 3892 ις
1884 3808 1933 3891 ,ι
1961 3811 2018 3893 U
2113 3811 2171 3893 ii
2198 3813 2247 3893 Ii
2269 3811 2346 3896 Μ

732 3963 781 4024 N.
834 3963 1081 4022 ILLUD:
1123 3985 1141 4019 ι
1176 3964 1329 4032 IPSE
1372 3961 1758 4043 PRt‘ECEDET
1810 3959 2047 4047 COIiAM
2095 3959 2182 4016 ΕΟ
2220 3963 2285 4017 ΙΝ
2337 3962 2609 4020 SPIRITU
2661 3963 2750 4018 ET
2803 3964 3108 4021 νιιιτυΤΕ
3156 3962 3339 4018 ELUE
3368 3967 3411 4017 ¹.
3453 3983 3474 4015 ν

536 4100 766 4158 Dubium
803 4103 1036 4161 scientia
1060 4103 1272 4157 initium
1298 4117 1429 4165 esse,
1458 4102 1598 4154 inter
1633 4116 1810 4153 omnes
1836 4116 2042 4167 semper
2151 4101 2352 4171 dagare
2376 4104 2511 4155 enim
2540 4103 2656 4172 ipsa
2688 4101 2798 4156 Deo
2825 4105 3039 4172 auspice
3059 4102 3237 4172 facile.
3278 4103 3595 4175 investigare
3627 4120 3723 4156 au-
3789 4100 3799 4110 ’

456 4200 717 4264 constitit,
749 4206 798 4252 et
828 4215 999 4254 sermo
1025 4180 1215 4253 noster.
1245 4198 1300 4251 in
1341 4196 1670 4250 contrarium
1716 4211 1822 4247 non
1857 4195 2095 4272 abibit,”
2162 4197 2254 4244 ‘em
2290 4202 2337 4259 et
2365 4192 2657 4247 dilucidare
2686 4193 3004 4262 impossibile
3034 4205 3132 4247 est.
3167 4191 3322 4258 Quod
3343 4194 3390 4247 si
3432 4194 3597 4264 igitur
3640 4204 3720 4257 tu,

460 4292 745 4347 dummodo
776 4294 982 4347 animus
1018 4292 1082 4346 ab
1115 4290 1429 4361 arrogantia
1463 4297 1513 4341 et
1537 4287 1788 4341 illecebris
1814 4287 2041 4348 alienus,

462 4390 513 4435 et
542 4398 685 4436 mens
711 4385 875 4452 proba
924 4399 987 4437 ac
1011 4372 1280 4455 religionis
1320 4380 1515 4435 cultris;
1538 4379 1768 4442 easistit;
1785 4379 2042 4449 siquidem

462 4473 708 4529 Salvator
726 4476 834 4543 ipse
847 4474 1272 4545 interpellatores
1285 4474 1612 4544 importnitas
1625 4481 1920 4525 aversatur.
1937 4469 2045 4540 Igi-

464 4574 552 4619 tur
571 4582 712 4621 more
727 4565 1055 4637 philosophia
1071 4566 1233 4638 digno
1246 4566 1491 4619 dubitare
1505 4572 1553 4619 et
1574 4563 1878 4632 Scripturas
1890 4564 2046 4616 inda-

469 4673 599 4727 gare
636 4659 909 4711 ‘nostrum
949 4667 1047 4729 est;
1088 4673 1257 4729 neque
1291 4674 1523 4728 unquam
1554 4655 1947 4717 obliviscamur,
1982 4670 2044 4707 nc

464 4765 626 4802 unum
652 4749 861 4819 quidem
892 4750 1117 4818 apicem,
1141 4749 1248 4801 iota
1287 4764 1452 4801 unum
1487 4748 1541 4799 in
1568 4745 1856 4813 Scriptura:
1883 4760 2051 4797 sacra:

465 4843 673 4911 paginis
685 4843 1026 4912 perditumiri
1043 4841 1372 4908 8.Nunquam
1384 4855 1503 4893 vero
1515 4838 1579 4891 lle
1592 4840 1656 4891 iis
1673 4853 1790 4908 quia
1803 4855 1832 4889 a
1848 4834 2052 4905 Spiritu

463 4940 652 4986 sancto
683 4930 766 4986 vel
796 4932 1072 5009 obscurum
1096 4933 1150 4985 in
1196 4931 1410 4984 modum
1442 4930 1580 4982 dicta
1611 4937 1756 4992 sunt,
1790 4927 2044 4979 dubitan-

466 5026 595 5079 dum
625 5026 745 5080 erit.
774 5005 996 5095 Semper
1021 5005 1182 5094 igitur
1211 5042 1243 5078 a
1278 5023 1536 5103 principio
1579 5020 1793 5073 dubium
1838 5019 2047 5071 exsistet

2147 4286 2340 4351 Optime
2369 4286 2682 4351 amicorum,
2715 4287 2855 4339 circa
2903 4288 3005 4339 ista
3049 4288 3291 4357 inquiris,
3332 4286 3491 4340 laude
3528 4287 3722 4359 dignus

2150 4389 2225 4437 es,
2266 4374 2358 4427 sed
2385 4375 2553 4445 magis
2588 4376 2750 4429 etiam
2777 4376 3178 4440 uituperatione,
3209 4376 3255 4429 si
3281 4392 3402 4430 cum
3431 4376 3602 4431 animi
3636 4378 3724 4430 in-

2148 4466 2442 4536 differentia
2482 4468 2536 4522 id
2583 4469 2735 4539 facis.
2787 4466 2897 4523 Cur
2941 4471 3078 4522 enim
3134 4468 3413 4523 consilium
3456 4476 3722 4534 sanctum,

2149 4556 2370 4628 Moysen
2392 4570 2550 4630 atque
2573 4561 2720 4615 Aron
2747 4546 3054 4626 deseruisti,
3088 4563 3178 4631 qui
3212 4562 3306 4616 Dei
3337 4579 3393 4616 os
3432 4571 3483 4615 et
3508 4570 3633 4617 sunt
3673 4572 3725 4617 et

2147 4658 2440 4716 uocantur;
2471 4651 2563 4721 qui
2592 4667 2709 4706 cum
2740 4651 2947 4707 Joanne
2980 4661 3187 4716 tonant,
3226 4669 3345 4707 cum
3390 4650 3560 4707 Paulo
3601 4653 3724 4706 tuba

2146 4750 2379 4808 canunt;
2402 4744 2492 4814 qui
2518 4760 2677 4813 super
2706 4761 2862 4799 scena
2888 4761 2944 4798 se
2994 4746 3300 4810 ostendunt,
3325 4753 3375 4799 et
3428 4745 3523 4800 Dei
3554 4754 3722 4800 testa-

2148 4845 2381 4888 mentum
2403 4836 2458 4888 in
2499 4851 2590 4889 ore
2614 4845 2804 4907 gerunt
2829 4839 2853 4893 ?
2876 4836 2985 4892 Nos
3019 4846 3198 4892 autem
3214 4840 3305 4909 qui
3334 4841 3568 4895 materia:
3600 4840 3724 4894 sub-

2135 4926 2267 4994 jecti
2290 4929 2599 4998 sumus,qui
2619 4930 2912 4982 maximam
2937 4931 3058 4984 vitae
3094 4937 3300 4999 partem
3328 4930 3478 5000 nugis
3498 4941 3547 4985 et
3570 4933 3724 4985 rebus

2143 5019 2379 5089 futilibus
2417 5037 2634 5091 operum
2683 5022 2894 5086 damus,
2928 5030 2985 5075 ut
3030 5022 3262 5093 exempli
3297 5026 3474 5093 gratia
3511 5024 3723 5092 pedibus

467 5121 533 5170 de
558 5117 791 5181 uirtute;
825 5131 931 5185 qua
957 5116 1002 5168 si
1034 5102 1244 5186 praediti
1289 5102 1506 5174 erimus,
1556 5118 1693 5182 quod
1724 5128 1905 5166 verum
1943 5117 2045 5176 est,
2079 5130 2122 5185 ι)
2150 5115 2349 5167 calceos
2382 5115 2855 5178 accommodemus,
2887 5129 3078 5168 zonam
3107 5112 3298 5167 lumbis
3335 5113 3722 5167 circumdemus

461 5210 721 5278 indagare
747 5206 890 5261 locus
922 5195 984 5260 ac
1016 5218 1221 5274 tempus
1245 5208 1365 5259 erit.
1397 5204 1455 5258 Si
1504 5206 1644 5257 enim
1678 5202 1882 5257 Paulus
1914 5203 2045 5272 ipse,

464 5317 687 5377 magnus
720 5300 950 5375 universi
976 5300 1116 5353 orbis
1146 5299 1347 5356 doctor.
1378 5299 1466 5366 qui
1496 5304 1660 5349 totam
1689 5305 1914 5349 mentem
1942 5310 2047 5346 me-

460 5394 711 5448 ditationi
744 5409 925 5446 rerum
971 5392 1274 5446 divinarum
1328 5407 1391 5443 ac
1449 5388 1739 5443 caelestium
1797 5387 2044 5447 tradidit,

458 5485 632 5538 dicit:
665 5483 710 5540 Ο
735 5482 973 5539 altitudo
1003 5482 1326 5537 divitiarum
1375 5479 1663 5551 sapientiae
1688 5488 1745 5533 et
1798 5475 2047 5533 scientim

464 5574 560 5628 Dei
589 5594 601 5628 :
636 5590 802 5646 quam
836 5573 1241 5646 investigabilia
1297 5572 1449 5627 sum
1479 5572 1598 5642 ejus
1643 5568 1854 5641 judicia
1876 5566 1920 5624 ⁸.
1948 5568 2047 5623 In-

2148 5205 2408 5274 gnaviter,
2434 5214 2722 5258 metuentes
2761 5221 2826 5257 ne
2859 5204 3046 5274 pugnis
3080 5203 3143 5257 ab
3192 5202 3557 5259 adulatoribus
3588 5206 3726 5274 regis

2151 5297 2445 5359 cu'damur,
2472 5305 2520 5349 et
2550 5312 2615 5348 ne
2643 5294 2903 5348 adultera:
2939 5305 3140 5363 tempus
3169 5294 3508 5364 philosophia:
3539 5311 3726 5351 consa-

2149 5401 2379 5441 cremus.
2406 5376 2519 5440 Nos
2543 5382 2701 5453 igitur
2725 5384 2816 5455 qui
2838 5400 2991 5437 sacra
3022 5386 3270 5454 mysteria
3287 5386 3719 5454 interpretamur,

2152 5485 2499 5547 prmceptores
2549 5476 2700 5548 eligis
2726 5484 2782 5530 ut
2829 5490 2911 5529 res
2963 5492 3125 5545 puras
3174 5476 3367 5546 impuri
3396 5477 3497 5545 ipsi
3537 5476 3726 5531 docea-

2150 5570 2309 5623 mus?
2340 5567 2454 5624 llas
2487 5570 2547 5624 ob
2579 5586 2770 5626 causas
2800 5570 3014 5625 aurium
3068 5578 3119 5624 et
3158 5571 3348 5625 aedium
3378 5580 3561 5639 portas
3589 5569 3725 5641 peti-

543 5714 556 5743 ¹
600 5711 731 5767 Luc.
765 5729 805 5779 ι,
862 5715 942 5767 l7.
1024 5716 1040 5745 ²
1073 5712 1231 5767 Joan.
1270 5729 1317 5777 ιν,
1360 5710 1429 5765 50
1531 5711 1550 5740 ³
1590 5707 1785 5763 Matth.
1826 5707 2017 5775 XI,18.

2146 5706 2309 5761 Rom.
2343 5722 2417 5773 xl,
2457 5706 2546 5761 35.
