4078 6384
393 381 534 446 1305

1572 396 1893 458 SCRIPTA
1934 398 2492 462 MISCELLANEA.

3525 404 3666 471 1306

389 494 486 560 τός
509 510 571 549 τε
605 495 762 565 ἁγίου
798 495 1172 570 πλησθήσεται
1203 501 1284 558 ἐτι
1311 506 1377 560 ἐκ
1409 493 1620 574 κοιλίας
1652 510 1857 582 μητρὸς
1889 512 1988 566 αὐ·
2012 512 2062 570 Α
2092 508 2220 563 στοΰ
2249 509 2365 582 (7);
2423 510 2767 583 προελήλυθε
2804 511 2863 567 δέ
2917 513 3009 567 καὶ
3061 512 3201 567 κατὰ
3253 512 3345 566 τὸν
3393 511 3661 568 θάνατον’

387 587 522 643 τοῦο
555 588 618 643 οὐ
651 589 812 660 μόνον
852 592 909 646 δὲ
939 592 1132 661 ταῦτα,
1168 597 1310 652 ἀλλὰ
1358 601 1454 656 καὶ
1501 601 1664 667 αὐτὸς
1713 603 1974 674 προελεύ-

390 697 542 735 σεται
564 681 798 738 ἐνώπιον
818 683 984 738 αὐτοῦ
1007 687 1066 739 ἐν
1089 688 1360 759 πνεύματι
1384 693 1480 747 καὶ
1500 693 1728 764 δυνάμει
1767 696 1970 749 Ἠλίου.

387 771 464 825 Τὸ
525 771 937 843 προελεύσεται,
974 776 1126 847 φωνή
1190 780 1461 851 τυγχάνον
1505 782 1820 853 ὁμώνυμος,
1875 785 1973 837 καὶ

390 863 680 933 πολλαχῶς
709 867 862 936 παρὰ
903 869 1016 931 τοῖς
1044 868 1206 939 λόγου
1236 874 1666 945 πεπειραμένοις
1694 875 1964 946 ἐκλαμϐα-

389 955 639 1026 νόμενον,
689 956 924 1012 ἐνταῦθα
964 960 1066 1032 τὴν
1117 961 1430 1036 ἔμπροσθεν
1474 967 1770 1027 αἰνίττεται
1815 967 1973 1022 ἔλευ-

391 1065 478 1102 σιν
504 1065 518 1079 ·
552 1049 676 1103 καθ’
724 1048 753 1102 6
813 1052 1212 1122 σημαινόμενον
1259 1057 1355 1114 καὶ
1415 1057 1756 1131 στρατιώτην
1809 1076 1974 1130 στρα-

387 1141 561 1213 τηγοῦ
584 1142 952 1215 προέρχεσθαι
969 1144 1226 1217 λέγομεν,
1248 1148 1343 1201 καὶ
1361 1150 1690 1221 προπομπὸν
1707 1149 1968 1223 νυμφίου,

389 1237 487 1289 καὶ
511 1236 769 1305 ἄρχοντος
799 1237 1133 1308 ὑποχείριον.
1165 1239 1460 1294 Πιστοῦται
1498 1241 1554 1295 δὲ
1585 1243 1648 1296 τὸ
1690 1244 1842 1314 ῥῆμα
1871 1245 1970 1314 τὴν

387 1327 485 1380 τοῦ
520 1328 836 1398 Προδρόμου
892 1331 1247 1399 ἐπωνυμίανο
1280 1332 1388 1386 ἀπὸ
1418 1333 1524 1404 γὰρ
1569 1335 1669 1404 τῆς
1702 1333 1972 1406 προελεύ-

393 1434 533 1480 σεως
551 1418 648 1472 καὶ
667 1419 766 1489 τῆς
785 1421 1099 1491 προδρομῆς
1122 1422 1436 1491 ὠνόμασται
1459 1425 1791 1496 Πρόδρομος.
1814 1427 1972 1484 Κατὰ

389 1513 539 1578 τρεῖς
555 1510 611 1562 δέ
629 1513 855 1584 καιροὺς
870 1513 966 1583 τῆς
985 1515 1363 1584 προελεύσεως
1379 1518 1581 1584 ταύτης
1598 1519 1866 1590 ἑνθεωρου
1876 1520 1970 1591 μέ-

389 1619 488 1672 νης
513 1601 590 1672 τῷ
624 1603 852 1677 Ἰωάννῃ
873 1618 889 1636 ·
914 1606 1131 1676 πρῶτον
1164 1609 1261 1677 μέν
1282 1611 1397 1674 τὸν,
1433 1609 1559 1664 καθ’
1583 1611 1611 1664 ὃ
1633 1613 1664 1682 ή
1689 1613 1966 1683 γέννησις,

392 1695 800 1767 προγεγέννητο
841 1696 950 1766 γὰρ
975 1697 1070 1753 τοῦ
1101 1700 1360 1770 Χριστοῦ,
1409 1705 1549 1754 κατὰ
1581 1702 1679 1773 τὴν
1706 1702 1968 1774 δευτέραν

388 1789 482 1848 καὶ
511 1787 664 1842 κάτω
713 1789 966 1860 γέννησιν
992 1808 1005 1822 ·
1043 1792 1297 1863 δεύτερον
1326 1793 1382 1847 δὲ
1425 1794 1538 1858 τὸν,
1571 1795 1695 1848 καθ’
1721 1795 1780 1848 δν
1821 1798 1849 1849 6
1876 1797 1973 1851 θάο

2085 600 2201 655 ἀλλ’
2236 601 2354 656 οὑδέ
2406 601 2580 667 οὕτως
2610 607 2669 658 ἐν
2726 605 2996 678 πνεύματι
3047 607 3141 660 καὶ
3185 607 3412 678 δυνάμει
3455 606 3665 662 Ἠλίου.

2085 692 2151 744 Τί
2191 691 2299 763 γὰρ
2341 692 2421 764 τῷ
2474 693 2584 748 ὑπὸ
2631 694 2874 766 Ἡρώδου
2925 696 3392 768 καρατομηθέντι,
3441 697 3538 750 καὶ
3589 696 3666 766 τῷ

2091 781 2346 853 μηδαμοῦ
2400 785 2727 855 γευσαμένῳ
2785 786 3062 853 θανάτου;
3121 786 3384 840 Λείπεται
3415 785 3471 840 δὲ
3523 789 3666 840 κατὰ

2084 872 2182 940 τὴν
2220 873 2398 946 μέσην
2428 875 2726 947 εἰρημένην
2765 876 3091 948 προέλευσιν
3123 875 3568 946 ἑκλαμὸάνεσθαι
3606 877 3667 930 τὸ

2089 966 2276 1036 ῥητόν.

2159 1057 2282 1110 Ὀτι
2313 1056 2370 1110 δὲ
2406 1057 2468 1110 τὸ
2503 1057 2894 1128 προελεύσεται
2941 1057 3040 1130 τὴν
3087 1057 3403 1129 ἔμπροσθεν
3452 1058 3666 1112 ἑλευσιν

2086 1145 2400 1214 ὑποφαίνει,
2435 1147 2588 1218 δηλοῖ
2619 1148 2712 1202 καὶ
2772 1147 2834 1202 τὸ
2863 1149 3226 1218 ἐπαγόμενον.
3266 1147 3665 1220 Προελεύσεται

2083 1237 2192 1305 γὰρ
2237 1237 2429 1303 εἰπὼν,
2489 1240 2792 1311 ἐπήγαγεν,
2828 1239 3059 1296 ἐνώπιον
3094 1240 3288 1305 αὐτοῦ,
3327 1241 3470 1311 σαφῆ
3525 1257 3668 1310 παρ-

2087 1329 2251 1382 ιστῶν
2314 1331 2566 1386 ἐντεῦθεν
2617 1332 2716 1404 τὴν
2767 1335 3044 1403 σημασίαν
3099 1333 3196 1386 τοῦ
3247 1333 3664 1404 προελεύσεται.

2096 1420 2251 1475 Ἐπεὶ
2282 1423 2394 1494 γὰρ
2441 1425 2474 1494 ή
2513 1425 2716 1494 σχέσις,
2752 1427 2787 1498 ή
2837 1425 2936 1495 τῆς
2975 1425 3266 1489 ἐλεύσεως,
3319 1425 3414 1478 καὶ
3463 1425 3601 1488 ὃλως
3633 1424 3668 1495 ἡ

2083 1515 2307 1586 τοπικὴ,
2341 1515 2373 1586 ἢ
2409 1515 2522 1570 ἄνω
2552 1519 2721 1582 ἐστὶν,
2763 1518 2800 1589 ἧ
2843 1519 3016 1582 κάτω,
3052 1518 3085 1588 ἢ
3128 1519 3458 1590 ἔμπροσθεν,
3487 1517 3521 1588 ἢ
3549 1516 3670 1570 6m-

2086 1605 2292 1676 σθεν,ἢ
2333 1605 2505 1679 δεξιᾷ,
2541 1607 2574 1679 ἢ
2611 1609 2878 1682 ἀριστερᾷ
2901 1625 2914 1639 ο
2941 1609 3004 1662 τὸ
3037 1609 3136 1678 μὲν
3161 1609 3392 1674 ἄνωθεν,
3424 1609 3458 1680 ἢ
3493 1609 3672 1662 κάτω-

2085 1695 2198 1761 θεν,
2221 1699 2394 1768 ..ήμῶν
2437 1699 2784 1769 κινούμενον,
2815 1701 2916 1754 οὐκ
2949 1699 3017 1754 ἂν
3059 1701 3290 1754 ἐνώπιον
3332 1701 3491 1770 ήμῶν
3525 1697 3670 1753 εἶναι

2081 1789 2323 1861 λεχθείη,
2368 1794 2418 1844 εἰ
2453 1793 2527 1863 μὴ
2579 1794 2684 1862 ἄρα
2720 1793 2846 1855 τοὺς
2887 1794 3200 1864 ὀφθαλμοὺς
3234 1793 3327 1847 ἐπὶ
3370 1795 3470 1864 τῆς
3504 1811 3669 1864 κορυ-

389 1896 550 1944 Varo;
582 1883 678 1936 καὶ
735 1883 769 1953 ἡ
801 1884 883 1945 εἰς
933 1881 1060 1954 ᾅδου
1097 1884 1343 1950 κάθοδος,
1399 1886 1814 1958 προαπελήλυθε
1864 1889 1974 1959 γὰρ
2009 1871 2052 1926 Β
2083 1881 2188 1952 φῆς
2227 1884 2672 1946 ἀναὸιὸἀταντες
2719 1888 3140 1955 καταστήσομεν
3187 1880 3350 1948 εἶναι,
3384 1886 3416 1956 ἢ
3454 1887 3512 1938 ἐν
3545 1887 3669 1948 ταῖς

389 1973 689 2030 κάντεῦθεν
723 1974 752 2027 6
793 1975 1075 2046 Ἰωάννης,
1112 1976 1386 2048 κηρύξων,
1421 1974 1596 2050 οἶμαι,
1637 1981 1732 2033 καὶ
1762 1983 1876 2044 τοῖς
1913 1983 1972 2035 ἐν

389 2064 520 2135 ᾅδου
551 2064 642 2119 τὸν
669 2065 1027 2137 ἐλευσόμενον
1054 2084 1066 2098 ⁸
1099 2069 1283 2140 τρίτον
1329 2069 1407 2133 δέ,
1439 2071 1534 2124 καὶ
1579 2072 1746 2142 μέσον
1778 2075 1842 2147 τῇ
1873 2073 1970 2128 τά·

389 2152 495 2220 ξει,
538 2155 650 2220 τὸν,
682 2155 807 2209 καθ’
841 2157 902 2210 ὃν
952 2157 1012 2210 τὸ
1043 2161 1328 2229 κήρυγμα,
1373 2162 1466 2215 καὶ
1521 2164 1554 2231 ἡ
1613 2163 1968 2219 Μετανοεῖτε

391 2245 569 2313 φωνὴ,
602 2247 698 2300 καὶ
738 2247 772 2319 ή
823 2247 926 2319 τῆς
976 2249 1300 2319 ἑτοιμασίας
1342 2251 1451 2304 τῶν
1481 2253 1615 2307 ὁδῶν
1663 2256 1868 2327 Κυρίου
1897 2257 1972 2330 (6)

389 2338 853 2410 προαναφώνησις
877 2355 892 2370 θ
931 2342 1076 2396 κατὰ
1103 2343 1194 2396 τὸν
1229 2346 1416 2413 μέσον,
1450 2339 1628 2413 οἶμαι,
1667 2353 1761 2400 καὶ
1789 2351 1974 2419 τρίτον

387 2429 600 2495 τοῦτον,
653 2432 1044 2503 εύκαιρότατον
1079 2435 1144 2489 ἂν
1174 2436 1262 2504 εἴη
1308 2438 1636 2493 ἐκλαϐέσθαι
1675 2442 1774 2511 τὴν
1803 2442 1972 2509 λέξιν.

389 2523 736 2594 Προελήλυθε
797 2528 896 2595 μὲν
931 2527 1036 2596 γὰρ
1079 2527 1176 2581 τοῦ
1229 2527 1469 2600 Χριστοῦ
1530 2532 1628 2584 καὶ
1677 2535 1819 2588 κατὰ
1870 2535 1970 2606 τὴν

388 2614 642 2686 γέννησιν
680 2617 708 2670 6
761 2619 1072 2690 προφήτης,
1131 2619 1230 2672 ἀλλ
1279 2621 1379 2674 οὐκ
1435 2624 1493 2675 ἐν
1555 2622 1822 2694 πνεύματι
1873 2626 1972 2678 καὶ

388 2707 616 2779 δυνάμει
662 2709 845 2764 Ἠλίου
871 2726 886 2740 '
923 2711 976 2764 τί
1014 2711 1124 2782 γὰρ
1173 2710 1250 2781 τῷ
1284 2713 1471 2782 σχεδὸν
1509 2716 1788 2788 ὁμοχρόνῳ
1837 2717 1974 2788 Χρι·

389 2799 536 2868 στοῦ,
590 2803 684 2856 καὶ
736 2802 818 2872 τῷ
863 2803 951 2856 ἐπ’
1003 2804 1188 2858 αὐτῶν
1239 2804 1349 2858 τῶν
1403 2810 1774 2879 προπατόρων
1833 2809 1972 2882 Χρι-

460 3005 606 3062 Illud
641 3024 658 3056 ι
689 3003 966 3075 praecedet,
994 3023 1013 3057 ι
1041 3021 1142 3060 uox
1162 3023 1302 3078 καῖρε
1327 3027 1360 3064 a
1406 3010 1532 3065 viris
1577 3010 1785 3066 disertis
1814 3011 1969 3066 adhi-

391 3100 523 3166 bita,
553 3100 707 3153 hocce
760 3097 816 3150 in
876 3096 987 3152 loco
1041 3101 1272 3169 priorem
1330 3102 1616 3157 adventum
1665 3103 1971 3174 signiﬁcat,

391 3195 570 3248 eodem
593 3209 748 3247 sensu
793 3208 895 3263 quo
948 3192 1169 3248 militem
1193 3195 1313 3249 duci
1368 3207 1414 3250 et
1443 3199 1734 3267 pronubum
1783 3216 1974 3270 sponso

391 3297 441 3342 et
475 3288 640 3341 civem
674 3286 1010 3356 magistratui
1035 3288 1330 3356 prwcedere
1364 3291 1608 3344 dicimus.
1638 3290 1842 3346 Eadem
1878 3309 1976 3347 au-

392 3400 494 3444 tem
527 3403 624 3442 vox
643 3389 986 3456 prwcursoris
1009 3397 1409 3458 cognomentum
1433 3391 1741 3460 justiﬁcat;
1776 3411 1808 3447 a
1839 3411 1981 3464 pra:-

391 3484 650 3542 currendo
679 3491 727 3536 et
753 3483 1097 3551 pracedendo
1132 3499 1430 3554 prtzcursor
1459 3486 1673 3540 dicitur.
1733 3486 1836 3540 Per
1874 3497 1979 3543 tres

394 3585 570 3632 autem
602 3592 768 3630 annos
800 3576 902 3629 ista
937 3578 1226 3642 praecursio
1260 3575 1460 3631 Joanni
1484 3585 1606 3631 ante
1629 3578 1806 3633 oculos
1847 3579 1979 3650 fuit;

394 3671 564 3740 primo
615 3669 822 3739 quidem
874 3667 1077 3736 (natus
1140 3669 1280 3722 enim
1345 3679 1470 3734 ante
1521 3668 1790 3726 Christum
1843 3684 1919 3728 est
1961 3675 1979 3742 )

392 3761 568 3830 quoad
599 3762 827 3830 primam
849 3761 1240 3829 generationem
1281 3760 1565 3814 secundum
1613 3778 1830 3816 carnem
1858 3779 1979 3834 spe-

393 3855 608 3921 ctabat;
637 3854 866 3909 secundo
893 3860 1099 3914 autem,
1133 3861 1372 3923 respectu
1407 3856 1587 3908 mortis
1617 3863 1666 3908 et
1697 3856 1752 3909 in
1783 3857 1980 3927 inferos

393 3947 702 4013 descensus;
735 3949 853 4014 hinc
876 3947 1012 3999 enim
1037 3943 1296 4010 Joannes,
1319 3947 1494 4009 credo,
1525 3947 1720 4017 prodiit
1755 3959 1812 4002 ut
1863 3966 1982 4002 eum

393 4045 486 4113 qui
511 4041 932 4112 exspectabatur,
969 4040 1152 4109 inferis
1187 4039 1532 4093 annuntiaret
1556 4057 1576 4104 ,°
1604 4040 1757 4093 tertio
1782 4049 1980 4109 autem,

394 4151 566 4206 praeco
589 4133 822 4188 Joannes
863 4130 932 4186 ad
971 4131 1333 4199 paenitentiam
1369 4132 1678 4184 exhortatus
1711 4133 1824 4186 vias
1871 4133 1978 4187 Do-

396 4228 528 4281 mini
565 4226 758 4296 planas
786 4225 1004 4279 reddere
1026 4223 1224 4293 jussit;
1255 4238 1393 4292 quat,
1425 4239 1508 4276 me
1534 4223 1743 4293 quidem
1773 4224 1974 4294 judice,

394 4318 760 4388 interpretatio
828 4316 1100 4369 verissima
1172 4321 1268 4368 est.
1329 4314 1464 4367 Ante
1514 4312 1779 4368 Christum
1837 4318 1976 4371 enim

394 4411 652 4480 prapheta
691 4408 864 4480 quoad
901 4407 1232 4462 natiuitatem
1262 4408 1424 4472 venit,
1450 4406 1542 4460 sed
1573 4423 1677 4460 non
1705 4407 1760 4459 in
1781 4410 1972 4474 spiritu

395 4514 444 4558 et
474 4506 664 4558 virtute
715 4500 873 4556 Elite.
915 4499 1054 4565 Quid
1092 4499 1232 4551 enim
1270 4497 1489 4563 Joanni,
1525 4501 1616 4564 qui
1648 4498 1754 4568 fere
1781 4499 1975 4556 Christi

395 4607 691 4652 cotetaneus
756 4602 895 4656 erat,
930 4607 1047 4645 cum
1099 4589 1297 4646 Christi
1355 4590 1646 4659 majoribus
1703 4607 1978 4648 commune

394 4688 540 4759 fuit?
579 4686 852 4742 Praecessit
876 4698 997 4738 vero
1026 4683 1190 4738 etiam
1218 4683 1512 4736 secundum
1544 4691 1801 4750 mortem;
1853 4685 1974 4738 licet

1917 4811 1952 4820 ,ς
1967 4799 2010 4849 κθ

2081 1973 2344 2043 πτέρναις
2376 1977 2576 2039 αὐτοὺς
2621 1967 2989 2048 ὑπορύξομεν.
3037 1977 3177 2030 Ἀλλ’
3210 1976 3333 2030 οὐδὲ
3358 1975 3420 2028 τὸ
3457 1976 3666 2048 δεξιᾷῆ

2079 2067 2378 2138 ἀριστερᾷ·
2410 2067 2442 2138 ἢ
2478 2068 2588 2139 γὰρ
2615 2070 2747 2140 ἡμῖν
2798 2071 3082 2140 ἑκατέροιν
3114 2071 3228 2122 τοῖν
3254 2068 3428 2138 ὡμοιν
3461 2067 3608 2139 ὁρῴη
3641 2071 3669 2121 ό

2075 2156 2286 2228 ἔτερος.
2329 2158 2473 2211 Ἀλλ’
2505 2159 2625 2213 οὐδὲ
2673 2161 2808 2215 πολὺ
2849 2163 3119 2232 πρότερον
3165 2161 3228 2215 τὸ
3256 2159 3484 2214 ὄπισθεν
3519 2160 3668 2231 βαδί-

2073 2247 2167 2312 ζον
2192 2248 2424 2303 ἐνώπιον
2453 2250 2668 2320 λέγοιτο
2697 2269 2710 2282 ·
2735 2255 2780 2304 εί
2814 2253 2887 2323 μὴ
2915 2253 3056 2307 κατὰ
3108 2254 3234 2317 τοὺς
3263 2251 3671 2324 μυθευομένους

2076 2340 2545 2414 κυνοπροσώπους
2591 2342 2668 2412 (8)
2724 2343 3005 2408 ὀπισθίους
3055 2345 3242 2414 σφίσιν
3287 2345 3501 2406 ἑαυτοῖς
3537 2345 3671 2397 ἁνα-

2073 2433 2408 2503 πλάττοιμεν
2439 2435 2778 2506 ὀφθαλμούς.
2811 2437 2874 2490 El
2902 2437 2966 2508 δὴ
3001 2438 3141 2508 μήτε
3166 2439 3232 2508 τῇ
3262 2435 3424 2504 φύσει
3467 2435 3668 2506 λυμαί·

2072 2526 2260 2581 νεσθαι
2293 2527 2609 2598 μέλλοιμεν,
2635 2531 2885 2602 καὶτοὺς
2930 2528 3244 2599 ὀφθαλμοὺς
3294 2529 3386 2582 ἐπὶ
3433 2528 3542 2582 τῶν
3575 2528 3672 2580 αὑ-

2073 2617 2184 2670 τῶν
2225 2619 2552 2692 ἐργάστρων
2585 2622 2702 2692 ἐᾷν,
2735 2622 2930 2676 οὐδένα
2960 2621 3026 2675 ἃν
3061 2621 3224 2675 ἄλλον
3248 2620 3482 2676 ἐνώπιον
3513 2620 3673 2692 ἔρχε-

2079 2709 2202 2764 σθαι
2232 2710 2516 2783 λέγοιμεν,
2552 2714 2586 2784 ἢ
2619 2713 2711 2768 τὸν
2745 2714 3043 2786 ἐρχόμενον
3074 2713 3408 2787 ἔμπροσθεν.

2070 3032 2164 3071 nec
2190 3019 2267 3073 sic
2301 3019 2356 3073 in
2404 3022 2597 3092 spiritu
2622 3033 2675 3078 et
2714 3026 2906 3080 virtute
2949 3023 3106 3080 Elite.
3149 3022 3288 3090 Quid
3317 3027 3458 3080 enim
3491 3030 3539 3082 ei
3581 3029 3674 3100 qui

2073 3110 2136 3163 ab
2173 3109 2378 3166 Herode
2405 3115 2577 3184 capite
2621 3115 2805 3185 plexus
2837 3127 2915 3172 est
2960 3127 3009 3172 et
3053 3120 3100 3172 ei
3124 3119 3216 3187 qui
3265 3129 3486 3173 mortem
3537 3139 3673 3174 nun—

2074 3219 2236 3272 quam
2256 3207 2506 3274 gustavit,
2533 3223 2808 3262 commune
2829 3210 3038 3282 ?quare
3056 3227 3230 3264 vocem
3252 3212 3540 3266 secundum
3568 3231 3675 3268 nte-

2077 3295 2225 3350 dium
2256 3299 2541 3354 adventum
2576 3302 2922 3372 interpretari
2946 3303 3218 3358 debemus.

2153 3386 2307 3452 Quod
2333 3403 2510 3444 autem
2547 3409 2648 3447 vos:
2681 3411 2699 3444 ι
2747 3395 3005 3465 prcecedet
3036 3414 3053 3446 ι
3112 3396 3346 3465 priorem
3390 3396 3672 3449 adventum

2080 3479 2282 3533 indicat
2302 3497 2364 3534 ea:
2393 3483 2455 3536 iis
2478 3500 2595 3554 quce
2622 3486 3010 3556 subsequuntur
3036 3487 3292 3540 videmus.
3321 3487 3504 3540 Dicens
3534 3487 3674 3540 enim

2085 3589 2104 3622 ι
2143 3573 2402 3643 ρναιεείίει
2435 3592 2453 3626 ι
2491 3577 2639 3630 addit
2683 3596 2700 3628 ι
2728 3594 2908 3631 coram
2940 3579 3072 3646 ipso,
3106 3597 3124 3629 ι
3167 3577 3373 3632 clarum
3419 3579 3493 3632 sic
3537 3578 3674 3633 vocis

2050 3671 2056 3742 ᾗ
2091 3683 2108 3714 ι
2141 3667 2396 3736 praecedet
2427 3687 2444 3719 ι
2485 3669 2844 3740 signiﬁcatum
2878 3673 3094 3742 faciens.
3133 3671 3260 3726 Cum
3297 3671 3439 3724 enim
3481 3673 3666 3724 adven-

2089 3769 2192 3822 tus,
2222 3768 2421 3814 natura
2469 3778 2568 3816 sua
2610 3761 2828 3828 localis,
2863 3781 3074 3818 sursum
3108 3773 3202 3819 aut
3242 3766 3506 3826 deorsum.
3551 3774 3676 3818 ante

2090 3862 2182 3907 aut
2209 3860 2326 3924 post
2363 3853 2537 3924 pedes,
2584 3854 2773 3908 dextra
2835 3865 2928 3908 aut
2973 3857 3194 3909 sinistra
3255 3872 3441 3920 manu,
3505 3872 3673 3925 supra

2091 3954 2184 3998 aut
2212 3946 2356 4015 infra
2410 3963 2505 4000 nos
2557 3945 2642 4013 ﬁt,
2681 3965 2700 3999 ι
2736 3963 2916 4000 coram
2950 3947 3098 3999 nobis
3140 3966 3159 3998 ι
3199 3948 3407 4000 dicendi
3443 3945 3675 4016 facultas

2090 4053 2195 4090 non
2219 4039 2341 4102 erit,
2371 4039 2473 4092 nisi
2513 4037 2675 4092 oculis
2707 4039 2759 4091 in
2806 4056 3071 4092 summum
3099 4055 3278 4092 aerem
3312 4048 3406 4091 aut
3459 4037 3674 4107 pedibus

2091 4128 2161 4181 ad
2194 4129 2304 4182 ima
2342 4130 2552 4183 directis
2601 4129 2771 4184 locum
2804 4132 3098 4200 capiamus.
3127 4132 3232 4184 Sed
3257 4146 3424 4201 neque
3459 4131 3522 4184 de
3549 4133 3676 4185 dex-

2088 4229 2174 4274 tra
2203 4237 2370 4292 neque
2396 4222 2614 4276 sinistra
2663 4221 2797 4275 illud
2821 4222 3226 4293 intelligendum
3281 4231 3357 4276 est
3412 4222 3552 4293 quod
3590 4239 3673 4278 res

2089 4312 2302 4383 obliqua
2339 4313 2494 4383 foret.
2529 4312 2633 4368 Sed
2667 4330 2762 4368 nec
2790 4316 2929 4384 quod
2968 4325 3093 4369 ante
3143 4325 3216 4369 est
3249 4331 3366 4369 cum
3419 4332 3477 4369 eo
3530 4319 3670 4386 quod

2083 4406 2363 4474 posticum,
2388 4405 2707 4474 confundere
2731 4405 2868 4470 licet,
2890 4407 2991 4460 nisi
3014 4407 3189 4476 mytho
3213 4406 3275 4460 de
3297 4403 3673 4477 Cynocephalis

2081 4496 2241 4560 ﬁdem
2268 4498 2570 4552 habeamus.
2601 4497 2705 4552 Sed
2730 4499 2796 4565 si,
2825 4498 3019 4568 oﬂensa
3043 4508 3264 4560 natura,
3290 4500 3344 4552 in
3369 4499 3675 4554 umbilicum

2081 4605 2288 4658 semper
2312 4590 2574 4660 despicere
2626 4589 2900 4657 vellemus,
2945 4591 3114 4646 alium
3167 4593 3428 4646 neminem
3479 4607 3676 4664 prazce-

2083 4681 2206 4734 dere
2236 4679 2551 4746 diceremur,
2585 4681 2688 4734 nisi
2714 4698 2834 4736 eum
2863 4685 2953 4752 qui
2991 4698 3107 4737 vere
3133 4691 3260 4736 ante
3285 4697 3378 4736 nos
3405 4681 3672 4754 prwcedit.

397 4893 532 4948 diat.
557 4889 761 4945 Gallice
789 4886 1107 4944 Calmetus:
1149 4883 1350 4939 Manut!
1390 4879 1633 4954 lui.dit:
1676 4883 1873 4950 Quand
1927 4899 1982 4937 ce
2017 4887 2060 4943 D
2087 4894 2410 4954 sequentem
2439 4885 2802 4954 versiculum.

397 4979 496 5038 que
521 4978 646 5016 vous
672 4975 798 5038 aves
833 4957 1007 5038 prédit
1041 4971 1162 5038 sera
1203 4952 1482 5038 accompli,
1512 4955 1983 5038 que'poulez-vous

435 5051 499 5093 ue
551 5033 687 5098 {asse
723 5024 976 5098 l‘enfant,
1011 5035 1061 5081 et
1113 5027 1176 5079 de
1199 5025 1331 5098 quoi
1368 5024 1986 5098 devra-t-ils’abstenir?

435 5052 499 5093 ne
551 5052 687 5098 ιαδδε
723 5052 738 5083 ι
762 5052 976 5098 emam,
1011 5052 1060 5081 τι
1113 5052 1176 5079 αδ
1207 5052 1331 5094 quas
1368 5052 1482 5076 ucvt
1497 5052 1685 5078 ιιϊιιδ
1709 5052 1938 5079 uuuctur
1961 5052 1978 5077 ι

397 5052 597 5172 i‘ange
623 5103 694 5172 diu
714 5096 1250 5172 Seiyneurrépondit
1291 5096 1324 5146 ὰ
1379 5093 1578 5172 Marine
1622 5113 1671 5172 τ’
1692 5094 1802 5160 Que
1833 5105 1988 5172 νοις-ιι

400 5164 596 5228 ίειιιιῦε
623 5164 937 5224 s‘abstienne
959 5169 1023 5221 de
1053 5164 1164 5220 t'out
1195 5181 1250 5219 ce
1281 5180 1378 5234 que
1419 5165 1477 5234 je
1503 5164 1578 5236 lui
1616 5167 1671 5220 ai
1723 5167 1941 5236 marqué
1966 5181 1984 5220 :

395 5273 468 5285 -
500 5242 691 5313 qu'elle
722 5256 786 5293 ne
821 5241 1158 5313 mange_rien
1186 5237 1248 5290 de
1276 5251 1334 5313 ce
1348 5237 1438 5313 qui
1470 5234 1585 5288 nait
1620 5236 1685 5289 de
1728 5236 1781 5290 la
1805 5234 1980 5313 vigne,

398 5315 454 5368 ni
476 5305 538 5366 de
562 5328 620 5365 ce
651 5313 741 5382 qui
780 5317 902 5380 peut
953 5305 1160 5363 enivrer
1182 5322 1222 5382 .1
1249 5305 1444 5382 qu‘elle
1495 5321 1561 5382 ne
1619 5323 1806 5374 mange
1839 5305 1984 5382 ⁸εἱεη

399 5374 722 5453 α’ἱιηριιν.ἐι
742 5374 934 5453 qu'elie
964 5374 1310 5453 accomplisse
1328 5381 1378 5428 et
1403 5375 1568 5444 garde
1619 5392 1746 5431 avec
1770 5377 1888 5432 soin
1927 5393 1984 5431 ce

399 5470 500 5520 que
522 5447 628 5524 j'ai
658 5447 897 5524 ord'onné
924 5464 1018 5504 sur
1055 5465 1150 5524 s_o_n
1175 5447 1335 5524 sitiet.

468 5514 550 5578 Λᾶ
579 5537 642 5575 ea
670 5523 836 5576 verba
876 5536 1024 5574 vers.
1065 5520 1154 5585 15,
1209 5514 1286 5570 Ᾱὸ
1331 5514 1571 5585 omnibus
1614 5531 1732 5584 qua:
1776 5515 1982 5572 locutus

397 5608 516 5649 sum
546 5594 700 5649 uxori
725 5601 829 5646 tuw
859 5593 1123 5646 abstineat
1141 5584 1222 5651 se,
1249 5586 1310 5640 Ρ.
1343 5584 1623 5640 Calmetus
1678 5587 1774 5650 ait,
1827 5604 1888 5643 se
1913 5590 1981 5641 ob

404 5666 458 5718 id
492 5665 658 5718 verba
688 5663 953 5716 abstineat
977 5677 1030 5714 se
1088 5674 1188 5730 per
1221 5654 1412 5726 qu’elle
1442 5653 1606 5724 [uxor
1645 5655 1765 5728 tua]
1807 5657 1980 5730 s‘abs-

401 5739 577 5790 tienne
605 5733 936 5796 reddidisse,
965 5731 1094 5801 quis
1117 5745 1200 5801 ex‘
1217 5734 1509 5801 contextus
1563 5735 1761 5801 tenore
1818 5729 1980 5782 indu-

403 5814 527 5873 ctus
556 5815 639 5872 est
673 5804 740 5860 ad
765 5820 827 5860 ea
863 5795 1029 5859 verb'a
1061 5800 1130 5857 de
1176 5797 1386 5854 femina
1440 5795 1889 5868 intelligendum,
1919 5810 1977 5853 ut

2161 4952 2239 5020 (6)
2284 4957 2363 5009 id.
2395 4956 2533 5012 ibid.
2581 4974 2595 5010 :
2642 4953 2816 5020 Οὗτος
2844 4955 2954 5024 γάρ
2987 4957 3138 5008 ἐστιν
3173 4955 3201 5007 6
3233 4952 3425 5024 ῥηθεὶς
3447 4954 3553 5007 ὑπὸ
3580 4954 3676 5009 τοῦ

2095 5023 2324 5078 Ἥσαῖου
2355 5027 2450 5079 τοῦ
2473 5027 2778 5096 προφήτου,
2810 5023 3063 5096 λέγοντος
3098 5041 3112 5055 α
3140 5023 3306 5096 Φωνὴ,
3332 5023 3566 5096 βοῶντος
3616 5029 3674 5079 ἐν

2084 5097 2151 5166 τῇ
2181 5097 2396 5167 ἐρήμῳ,
2451 5091 2814 5167 Ἑτοιμάσατε
2849 5091 2975 5167 ήτήν
3006 5095 3125 5149 ὁδὸν
3164 5091 3392 5161 Κυρίου,
3455 5095 3677 5159 εὐθείας

2089 5165 2297 5238 ποιεῖτε
2322 5165 2422 5238 τᾲς
2447 5165 2895 5238 ,τρίδουςῂαὐτοί

2159 5237 2321 5290 (Ioni.
2352 5234 2631 5306 lsaiJcap.
2663 5235 2787 5302 ‘XL,
2813 5252 2864 5289 ν.
2902 5235 2958 5297 6,
2993 5243 3050 5291 el
3114 5234 3340 5306 Lucam,
3391 5235 3583 5306 cap._i,
3620 5249 3671 5289 ν.

2086 5306 2156 5361 76
2190 5324 2204 5361 :
2243 5309 2351 5360 Καὶ
2381 5307 2469 5373 σὺ,
2499 5304 2736 5372 παιδίον,
2784 5307 3077 5375 προφήτης
3112 5305 3374 5376 Ὑψίστου
3397 5304 3675 5376 κληθήσῃο

2086 5377 2448 5457 προπορεύσῃ
2478 5378 2591 5447 γὰρ
2621 5379 2728 5446 πρὸ
2752 5374 3052 5445 προσώπου
3095 5374 3331 5448 Κυρίου,
3372 5374 3672 5444 ἑτοιμάσαι

2083 5447 2235 5500 ὁδοὺς
2268 5447 2458 5500 αὐτου.
2496 5447 2560 5500 lt.
2602 5461 2652 5500 c.
2691 5463 2771 5500 Ill.
2799 5463 2850 5498 ν.
2886 5446 2941 5500 4.

2143 5461 2235 5500 ους
2268 5461 2458 5500 αυτου.
2496 5461 2560 5500 ιι.
2602 5461 2652 5501 c.
2691 5463 2771 5510 Ill,
2799 5463 2850 5498 ν.
2886 5461 2941 5500 4.

2151 5517 2226 5586 (7)
2253 5516 2411 5572 IEtas
2436 5516 2566 5571 Elite
2593 5517 2658 5570 ad
2683 5532 2912 5584 regnum
2947 5515 3153 5571 Aclnabi
3185 5519 3439 5577 refertur.
3466 5528 3670 5569 novem

2081 5595 2136 5640 et
2169 5587 2406 5656 amplius
2437 5586 2655 5643 szeculis
2685 5599 2811 5641 ante
2849 5587 3132 5640 Christum
3173 5599 3384 5641 natum.

2162 5653 2359 5727 (8):De
2387 5659 2797 5727 Cynoprosopis
2843 5656 3051 5712 Elian.
3099 5656 3242 5712 Hist.
3281 5657 3388 5713 An.
3437 5655 3542 5727 lib,
3602 5653 3673 5722 Χ.

2088 5742 2211 5798 cap.
2244 5725 2337 5794 25,
2379 5725 2467 5784 ed.
2497 5725 2742 5785 Gronov.
2781 5737 2930 5799 part.
2963 5743 3001 5796 ι,
3028 5744 3082 5799 p.
3104 5728 3230 5784 575.
