4078 6454
391 365 534 434 1ειι3

1565 375 1888 438 SCRIPTA
1921 372 2476 445 MISCELLANEA.

3523 397 3665 464 1314

1980 516 3626 552 __________________

910 659 1722 779 ΘΕΟΔΩΡΟΥ
1794 665 2098 781 ΤΟΥ
2138 668 3108 846 ΠΡΟΔΡΟΜΟΥ

1760 884 2086 937 ANATPOU.
2097 887 2141 938 Η
2183 884 2311 939 Τυῖ

1211 1052 1290 1136 Η
1364 1052 1724 1140 ΠΕΝΙΗ

1818 1055 2245 1143 ΣΟΦΙΗΝ
2314 1055 2610 1144 EAAX
2623 1059 2768 1145 EN
2783 1113 2810 1141 .

1037 1409 1898 1526 THEODORI

2058 1415 2857 1532 ’RODROMI
2943 1399 3026 1480 (η

1631 1632 2007 1693 INVECTIVA
2054 1635 2124 1691 IN
2187 1635 2397 1698 ILLUD

921 1813 1589 1902 PAUPERIES
1640 1784 2624 1906 SOPHIAM'NACTA
2697 1818 2909 1907 EST
2993 1799 3114 1908 (2).

502 2012 626 2065 Fed.
661 2012 903 2064 Morellus
924 2010 1082 2062 edidit
1107 2014 1162 2059 et
1183 2010 1363 2060 Latine
1387 2008 1559 2060 vertit.
1585 2036 1649 2047 —-
1706 2008 1903 2059 Morelli
1945 2009 2516 2063 notisintermiscentur
2558 2014 2704 2064 varia:
2743 2015 2988 2067 lectiones
3021 2030 3086 2068 ex
3110 2031 3202 2069 ms.
3227 2017 3338 2070 Vat.
3377 2019 3530 2074 ερον

1834 2109 1911 2158 ap.
1939 2097 2204 2148 Theilium.

447 2410 648 2475 Πολλὰ,
674 2414 839 2484 φησιν
883 2408 916 2478 ὴ
951 2407 1222 2476 παροιμία
1247 2448 1260 2472 ,
1296 2407 1584 2476 ψεύδονται
1615 2407 1807 2471 ἀοιδοὶ,
1857 2411 1951 2462 καὶ
1981 2416 2029 2474 Α
2055 2409 2217 2478 λέγω,
2242 2410 2338 2464 καὶ
2366 2410 2442 2482 τῷ
2472 2411 2709 2482 πλούτῳ,
2744 2413 2845 2481 τῆς
2893 2430 3229 2483 αυταρκειας
3256 2415 3355 2484 (5),
3399 2415 3475 2478 ὡς
3504 2412 3649 2471 εἶναι

375 2504 488 2571 ἐγὼ
515 2504 758 2574 τίθεμαι’
788 2503 906 2557 ἀλλ’
931 2503 1054 2556 ὅποι
1087 2501 1162 2574 (5)
1195 2500 1294 2572 μὲν
1322 2501 1415 2555 καὶ
1437 2501 1630 2564 ὁπόσα,
1667 2504 1727 2555 οὗ
1753 2503 1830 2572 τῷ
1863 2521 1956 2572 με-

373 2595 524 2662 γέθει
561 2597 722 2665 μόνον
760 2595 836 2666 (ὦ)
867 2595 961 2648 τοῦ
1011 2595 1437 2665 ἐγχειρήματος,
1483 2595 1620 2646 ἀλλὰ
1655 2593 1750 2647 καὶ
1785 2595 1960 2663 φειίοῖ

374 2685 468 2740 τοῦ
524 2689 727 2758 μέτρου
766 2689 862 2741 καὶ
911 2687 1024 2740 τῶν
1076 2686 1245 2750 ἐπῶν,
1294 2689 1470 2739 εἰπεῖν
1522 2686 1955 2755 ἀναστέλλομαι·

376 2782 530 2851 φιλία
560 2782 670 2852 γάρ
695 2782 778 2844 τίς
809 2797 876 2850 με
901 2781 991 2832 καὶ
1008 2780 1173 2842 αἰδὼς
1196 2782 1260 2832 ὲκ
1284 2781 1476 2843 παιδὸς
1501 2779 1614 2850 ἔχει
1633 2783 1760 2850 περὶ
1791 2780 1962 2850 Ὀμή-

377 2890 474 2944 ρου
506 2877 600 2928 καὶ
628 2874 736 2927 τῶν
766 2873 969 2925 λοιπῶν
1031 2873 1188 2925 οὐθὲν
1213 2868 1376 2942 ἦττον
1408 2873 1439 2942 ἢ
1470 2873 1562 2926 τὸν
1603 2873 1959 2941 Ἀρίστωνος.

380 2969 478 3020 Ἓν
505 2969 560 3020 δὲ
593 2968 750 3020 τοῦτο
776 2967 975 3036 ψεῦδος
1008 2967 1298 3036 ἀρχαϊκὸν,
1325 2966 1425 3018 οὐκ
1459 2964 1755 3034 ἀνάσχοιμ’
1783 2965 1849 3017 ἂν
1881 2964 1957 3034 μὴ

371 3061 489 3131 οὐχὶ
535 3051 834 3129 προθέσθαι
865 3060 942 3122 είς
973 3058 1222 3127 ἔλεγχον·
1280 3055 1446 3126 Πενίη
1505 3056 1635 3126 γὰρ,
1673 3058 1830 3126 φησὶ,
1873 3073 1960 3107 σο-

371 3154 502 3225 φίην
531 3155 744 3224 ἔλαχεν.
793 3154 991 3228 Ἔσται
1021 3153 1077 3206 δὲ
1101 3152 1259 3204 τοῦτο
1294 3151 1447 3216 πῶς;
1483 3151 1544 3204 Ei
1571 3150 1623 3202 τί
1657 3150 1756 3218 μὲν
1790 3150 1952 3203 πενία

371 3249 467 3304 καὶ
521 3251 713 3318 πένης,
752 3250 806 3301 τί
857 3249 913 3300 δὲ
945 3246 1108 3312 σοφὸς
1144 3247 1239 3299 καὶ
1273 3244 1436 3312 σοφία
1476 3244 1744 3306 διελόντες
1775 3244 1958 3314 εὖροι-

373 3358 494 3411 μεν.
531 3344 696 3396 Πενία
735 3341 835 3410 μὲν
881 3336 975 3394 οὖν
1017 3342 1134 3392 ἐστι
1166 3339 1402 3408 πρᾶγμα
1456 3337 1701 3389 ἐναντίον
1732 3337 1950 3406 πλούτῳ

371 3434 515 3486 κατὰ
559 3433 886 3505 διάμετρον*
928 3428 1320 3502 μεσιτευούσης
1373 3430 1598 3498 ἀμφοῖν,
1643 3431 1708 3498 τῇ
1763 3429 1944 3499 πενίᾳ,

443 3594 509 3649 1η
526 3593 736 3660 multis(
753 3595 827 3647 ait
843 3601 988 3647 vetus
1012 3591 1287 3662 adagium)
1314 3601 1572 3645 enarrant
1596 3590 1736 3662 falsa
1757 3599 1942 3656 poette.

2053 2507 2152 2576 τῆς
2181 2505 2514 2575 αὐταρκεία;
2565 2506 2872 2576 ὑπερϐολὴν
2917 2507 3014 2576 μὲν
3046 2507 3138 2559 τον
3174 2507 3428 2572 πλοῦτον,
3466 2509 3638 2562 ἔλλει-

2054 2599 2150 2666 ψιν
2170 2598 2227 2651 δὲ
2248 2598 2348 2668 τὴν
2378 2601 2590 2652 πενίαν.
2626 2601 2699 2652 Ub
2726 2602 2834 2671 γὰρ
2859 2601 2922 2671 δὴ
2941 2604 3030 2653 τὸν
3055 2599 3132 2671 μὴ
3150 2601 3549 2669 Συρακουσίαις
3571 2600 3648 2670 (6)

2057 2690 2412 2760 ἐντρυφῶντα
2429 2689 2758 2761 τραπέζαις,
2783 2693 2874 2743 καὶ
2899 2689 3192 2753 ποικιλίαις
3214 2690 3526 2752 Σικελικαῖς
3547 2689 3648 2756 (7),

2059 2783 2156 2836 καὶ
2198 2783 2470 2844 Ἀττικοῖς
2498 2783 2773 2852 πέμμασι,
2805 2784 3029 2853 θείημεν
3051 2785 3116 2837 ἂν
3143 2785 3251 2846 τοῖς
3284 2784 3606 2853 πενομένοις
3631 2800 3646 2814 ο

2063 2875 2155 2927 τὸν
2192 2874 2248 2926 δὲ
2283 2874 2415 2944 μηδὲ
2440 2874 2547 2926 τῶν
2571 2875 2706 2943 πρὸς
2734 2876 2983 2946 ἀνάγκην
3007 2871 3160 2945 οἶμαι
3181 2874 3647 2945 κατευποροῦντα.

2065 2967 2130 3018 Τί
2166 2968 2274 3036 γὰρ
2296 2970 2344 3018 εί
2371 2968 2397 3017 ὁ
2426 2967 2573 3019 δεῖνα
2614 2967 2862 3037 χρυσέων
2896 2970 2995 3037 μὲν
3033 2967 3316 3020 κυπέλλων
3360 2970 3460 3019 οὐκ
3489 2968 3652 3020 εὐπο-

2063 3060 2202 3129 ροίη,
2251 3060 2506 3130 ὀστράκῳ
2535 3059 2592 3112 δὲ
2638 3061 2790 3129 ὅμως
2829 3061 3158 3130 ὑπηρετοῖτο
3190 3058 3290 3130 τὴν
3318 3060 3515 3113 πόσιν
3549 3060 3647 3112 καὶ

2059 3152 2154 3202 τὸν
2201 3152 2299 3220 μὲν
2327 3153 2482 3214 Χῖον,
2515 3152 2548 3221 ἢ
2583 3153 2673 3204 τὸν
2703 3150 3014 3222 Μαρώνιον,
3049 3153 3081 3222 ἢ
3123 3153 3210 3205 τὸν
3241 3156 3304 3205 ὲκ
3336 3152 3540 3206 Βύϐλου
3570 3153 3646 3224 μὴ

2060 3245 2225 3307 πίνοι,
2262 3244 2387 3314 οϊνῳ
2425 3244 2481 3297 δὲ
2526 3247 2674 3314 ὅμως
2716 3246 2814 3314 τὴν
2843 3246 2999 3316 δίψαν
3033 3245 3188 3316 ίῷτο;
3217 3245 3387 3299 Τοῦτο
3419 3246 3538 3316 μὲν,
3568 3248 3645 3310 ὡς

2062 3335 2320 3403 παχυλῶς
2369 3337 2565 3401 εἰπεῖν,
2629 3337 2656 3386 ὁ
2705 3336 2872 3406 πένης
2937 3341 3029 3390 καὶ
3080 3337 3348 3408 ήπενία·
3386 3340 3549 3407 σοφία
3585 3339 3644 3391 δέ

2055 3429 2200 3480 ἐστιν
2230 3428 2508 3498 ἐπιστήμη
2543 3428 2683 3498 αὐτὴ
2715 3429 2880 3496 αὐτῆς
2917 3430 3122 3496 ἕνεκεν,
3159 3435 3252 3485 καὶ
3301 3430 3393 3484 τοῦ
3442 3431 3644 3484 ειδέναι

2050 3591 2354 3658 sapientia,
2414 3589 2694 3644 dividendo
2763 3607 2826 3644 ac
2903 3592 3203 3660 definiendo
3269 3595 3642 3655 invenerimus.

374 3689 631 3760 Equidem
663 3689 952 3741 assentior:
972 3685 1064 3740 sed
1099 3686 1206 3748 ubi,
1231 3687 1342 3754 qui,
1367 3689 1588 3755 quoties,
1615 3702 1719 3740 non
1743 3693 1950 3738 tantum
2004 3759 2015 3760 ί
2061 3682 2253 3753 ιηορὶα
2277 3685 2438 3754 igitur
2454 3692 2530 3738 est
2560 3701 2640 3737 res
2663 3672 2844 3753 opibus
2866 3700 2930 3738 ex
2955 3687 3214 3741 diametro
3239 3691 3500 3758 apposita,
3537 3706 3644 3742 me-

371 3784 434 3834 ob
457 3781 613 3852 hujus
636 3781 988 3851 aggressionis
1025 3778 1468 3849 magnitudinem,
1497 3794 1679 3832 verum
1717 3778 1876 3830 etiam
1903 3785 1962 3829 ut
1995 3759 2036 3813 Β
2066 3779 2210 3830 dium
2258 3779 2396 3832 inter
2441 3787 2743 3848 utramque,
2783 3780 3019 3850 irwpiam
3068 3783 3182 3834 dico
3225 3791 3274 3835 et
3320 3783 3644 3852 opulentiam

372 3886 538 3930 metro
571 3891 792 3940 parcam
825 3883 874 3928 et
911 3874 1165 3952 versibus,
1196 3881 1408 3926 cunctor
1433 3888 1684 3926 asserere.
1720 3871 1783 3923 At
1819 3874 1958 3924 enim
2068 3878 2276 3924 tenente
2315 3871 2644 3939 sit/ﬁcientia,
2677 3871 2809 3925 adeo
2840 3881 2896 3925 ut
2932 3874 3255 3942 sufﬁcientia:
3297 3891 3535 3930 excessus
3571 3883 3642 3929 sit

373 3970 604 4024 amicitia
636 3966 882 4036 quwdam
913 3982 978 4020 ac
1020 3965 1313 4019 reverentia
1345 3982 1376 4017 a
1419 3965 1649 4034 pueritia
1685 3972 1954 4032 concepta,

372 4066 606 4137 prohibet
640 4081 723 4118 me
750 4066 815 4118 de
852 4062 1086 4118 Homero
1115 4071 1162 4116 et
1193 4061 1407 4131 reliquis
1432 4062 1486 4114 id
1514 4063 1809 4121 enuntiare,
1853 4074 1956 4111 non

373 4159 548 4211 minus
581 4173 744 4227 quam
787 4155 915 4210 olim
951 4154 1212 4209 Aristonis
1232 4152 1425 4221 ﬁlium.
1466 4151 1638 4206 Unum
1663 4159 1838 4204 tamen
1860 4150 1955 4204 hoc

373 4251 608 4319 priscum
655 4248 989 4303 mendacium
1040 4248 1351 4317 neutiquam
1412 4245 1548 4313 ferre
1607 4259 1832 4312 possem,
1869 4258 1960 4296 nec

372 4350 692 4412 temperare,
754 4356 855 4410 quo
905 4342 1077 4394 minus
1129 4339 1182 4391 in
1235 4338 1464 4391 medium
1515 4336 1584 4390 ad
1633 4335 1962 4405 urguendum

372 4434 616 4504 alferam.
639 4433 956 4503 Hujusmodi
978 4447 1096 4485 vero
1120 4439 1214 4484 est.
1237 4429 1536 4500 Paupertas
1567 4429 1813 4497 sophiam
1841 4443 1962 4481 sor-

2065 3965 2361 4034 opulentia,
2389 3965 2615 4033 defectus
2644 3979 2764 4018 vero
2791 3966 2993 4033 inopia.
3035 3963 3468 4036 Haudquaquam
3505 3969 3642 4022 enim

2065 4073 2182 4109 eum
2203 4057 2291 4125 qui
2308 4054 2646 4126 Syracusana
2655 4072 2769 4108 rum
2783 4072 3085 4109 mensarum
3101 4058 3298 4111 deliciis
3315 4075 3418 4113 non
3435 4060 3640 4130 difﬂuit,

2065 4149 2295 4219 cupediis
2319 4148 2510 4203 Siculis
2534 4158 2583 4202 et
2608 4150 2794 4202 Atticis
2813 4149 2932 4202 libis
2952 4167 3051 4203 non
3071 4152 3288 4219 fruitur,
3309 4156 3448 4205 inter
3464 4153 3643 4223 inapes

2063 4237 2456 4307 constituimus,
2498 4241 2589 4295 sed
2615 4257 2736 4295 eum
2777 4243 2964 4311 opinor
2994 4246 3077 4295 cui
3120 4260 3183 4295 ne
3211 4261 3292 4297 res
3326 4245 3534 4314 quidem
3575 4245 3646 4300 ad

2065 4335 2230 4388 vitam
2256 4334 2562 4388 necessaria:
2586 4342 2890 4404 suppetunt.
2917 4334 3052 4398 Quid
3079 4336 3218 4388 enim
3245 4337 3289 4388 si
3314 4337 3397 4390 ltic
3433 4345 3527 4390 aut
3556 4337 3646 4390 ille

2069 4428 2245 4481 aureis
2273 4426 2473 4498 poculis
2495 4443 2600 4481 non
2634 4427 2886 4488 abundet,
2911 4445 3090 4482 verum
3132 4430 3184 4481 in
3217 4439 3446 4484 testacea
3469 4433 3648 4502 supel-

369 4525 469 4580 tita
492 4533 598 4579 est.
619 4524 886 4589 Quomodo
908 4526 1120 4578 tandem
1141 4524 1193 4578 id
1215 4523 1471 4576 constabit
1492 4522 1516 4574 .9
1537 4523 1584 4574 si
1601 4521 1812 4591 quidem
1837 4519 1965 4590 quid
2070 4520 2234 4576 lectili
2259 4524 2448 4576 victum
2481 4522 2580 4575 sibi
2623 4531 2872 4592 suggerat
2908 4531 2956 4574 et
2988 4531 3168 4592 potum
3189 4523 3215 4576 Ρ
3249 4532 3297 4578 ει
3327 4523 3510 4580 Chium
3537 4527 3649 4595 qui-

371 4619 550 4688 inopia
580 4618 674 4681 sit,
705 4626 755 4670 et
779 4618 904 4688 quid
931 4619 1106 4688 inops,
1147 4618 1273 4686 quid
1309 4617 1434 4670 item
1478 4618 1712 4684 sapiens,
1748 4623 1797 4666 et
1827 4613 1952 4684 quid

447 4801 526 4872 (1)
563 4799 755 4872 Utrum
788 4796 1114 4872 Theodorus
1173 4801 1262 4855 hic
1289 4800 1632 4858 Prodromus
1693 4801 1832 4856 idem
1872 4800 1944 4855 sit
1977 4800 2020 4860 α

374 4869 788 4941 οιιὴιὲποποιῷ,
807 4869 949 4940 Cyro
972 4869 1294 4937 Prodromo,
1317 4873 1475 4938 cujus
1499 4873 1741 4941 priorum
1773 4887 1947 4929 carm.

376 4941 601 5009 ὲκλογαὶ
631 4940 747 4995 ηοῐι
776 4940 1054 4994 illaudataa
1087 4941 1154 4994 de
1206 4943 1452 4996 oraculis
1487 4940 1773 5010 utriusque
1823 4942 1947 4996 Fae-

376 5013 524 5067 deris
549 5020 788 5081 exstant,
835 5010 1100 5081 incertum
1169 5012 1322 5074 mihi,
1372 5028 1473 5067 nec
1511 5015 1647 5068 satis
1693 5028 1948 5081 comper-

377 5093 490 5136 tum
542 5092 645 5136 est.
701 5080 966 5134 Eumdem
1039 5088 1218 5134 tamen
1272 5097 1418 5148 esse,
1490 5099 1556 5137 ex
1603 5097 1668 5137 eo
1713 5080 1951 5138 fortasse

376 5153 506 5220 quis
533 5152 774 5221 colligat,
807 5149 953 5219 quod
991 5149 1045 5203 in
1073 5152 1300 5222 exordio
1336 5152 1536 5206 fatetur
1585 5169 1644 5208 se
1686 5169 1713 5205 a
1761 5153 1947 5222 pueris

375 5233 564 5292 poetas
591 5220 776 5292 amore
804 5235 868 5292 ac
901 5220 1213 5292 reverentia
1272 5232 1647 5289 prosecutum,
1699 5220 1950 5278 Platonis

374 5288 652 5362 exemplo,
682 5291 780 5358 qui
820 5288 1243 5362 lyonoril‘iceuac
1275 5288 1600 5362 verecunde
1651 5294 1944 5347 admodum

374 5365 439 5414 dc
474 5357 715 5417 lldtnero’
735 5360 901 5416 verba
945 5357 1199 5430 fecitlib.
1229 5360 1295 5413 III
1317 5361 1381 5415 de
1429 5361 1580 5430 Rep.,
1616 5363 1707 5417 ubi
1769 5372 1948 5416 tamen

374 5448 500 5486 eum
542 5431 855 5486 redimitqu
906 5427 1130 5501 coronis
1165 5439 1225 5501 iet
1284 5427 1590 5485 delibutum
1656 5435 1951 5501 unguentis

373 5502 577 5556 emittit
605 5517 670 5555 ex
698 5502 856 5572 urbe.
891 5500 961 5572 At
995 5512 1095 5551 cur
1128 5500 1249 5567 pius
1274 5512 1432 5570 poeta
1463 5500 1753 5556 oratorem
1781 5518 1950 5572 agens

374 5573 490 5626 Sula
512 5572 624 5625 τῶν
680 5570 787 5634 ἔξω
826 5567 1184 5641 profanorum
1226 5567 1559 5641 scriptorum
1624 5567 1952 5627 auctoritate

374 5644 568 5696 crebro
603 5656 757 5706 usus,
792 5638 1146 5707 ἁγιογράφων
1179 5653 1233 5694 et
1281 5638 1564 5697 sacrorum
1632 5651 1948 5704 auctorum,

375 5727 515 5781 quos
540 5712 723 5778 digitis
745 5709 973 5783 callebat
1003 5717 1052 5762 et
1081 5724 1231 5778 aure,
1263 5729 1330 5768 ue
1357 5711 1461 5783 γρύ
1491 5712 1714 5780 quidem
1751 5712 1944 5766 memi-

375 5783 566 5848 nisset,
601 5781 874 5850 ἐξαπορώ.

2069 4614 2186 4667 dem
2215 4630 2440 4678 merum,
2489 4621 2582 4668 aut
2613 4614 2936 4682 Maronium,
2976 4624 3068 4668 aut
3100 4631 3128 4668 e
3163 4615 3329 4688 Byblo
3376 4618 3648 4673 advectum

2134 4799 2373 4868 (2)lllud
2419 4799 2600 4869 ῥητὸν,
2647 4799 2810 4866 Πενίη
2862 4799 3056 4868 σοφίην
3103 4797 3314 4867 ἔλαχεν,
3352 4805 3646 4866 paupertas

2055 4873 2378 4938 sapieuttam
2419 4873 2612 4937 adepta
2663 4878 2783 4933 est,
2815 4869 3125 4924 Zt-uodotus
3172 4884 3461 4936 παροιμιο]
3478 4869 3647 4936 ράφος

2055 4955 2120 4993 ex
2155 4939 2414 5008 Euripide
2461 4944 2663 5000 |audat,
2711 4940 2805 4994 sed
2873 4941 2924 4994 in
2969 4939 3289 5009 σωζομένοις
3342 4938 3402 4991 οὐ
3443 4941 3643 4995 κεῖται.

2127 5011 2202 5078 (5)
2236 5009 2336 5065 Ms.
2371 5012 2494 5065 Vat.
2528 5010 2654 5074 505,
2679 5011 2808 5079 ὅπη.

2150 5080 2201 5147 ι)
2241 5082 2336 5134 Ms.
2374 5081 2565 5150 μόνου.

2107 5146 2184 5215 (5)
2218 5152 2345 5204 Hor.
2369 5146 2538 5204 Aurea
2565 5151 2899 5204 mediocritas
2941 5163 2970 5201 a
3015 5147 3217 5204 Graecis
3243 5147 3504 5204 delinitur
3529 5146 3646 5214 ἕξις

2052 5221 2368 5290 ἀρκουμένη
2426 5215 2506 5284 οἷς
2561 5222 2662 5276 δεῖ,
2715 5221 2946 5274 Habitus
3000 5220 3064 5274 iis
3116 5220 3315 5289 quibus
3367 5233 3509 5290 opus
3557 5229 3646 5274 est

2051 5300 2368 5345 contentus.

2125 5361 2202 5432 (6)
2366 5361 2830 5432 Συρῤακουσίαις.

2124 5427 2454 5513 (7)._Sicu.lu:'
2480 5427 2674 5513 dapes,
2704 5431 2840 5513 Hor.
2877 5427 3077 5513 .lll.nc.,
3117 5428 3208 5513 od.
3243 5430 3269 5484 1
3291 5471 3306 5495 ,
3337 5445 3382 5513 a-
3407 5428 3646 5513 .Platoue

2053 5497 2296 5570 graviter
2325 5497 2708 5569 vituperantur
2754 5501 2819 5554 Ill
2855 5499 2917 5552 de
2970 5497 3099 5570 Rep.
3134 5500 3220 5553 his
3270 5501 3476 5561 verbis.
3520 5501 3647 5568 qui-

2063 5574 2164 5625 bus
2196 5571 2284 5623 hic
2316 5571 2559 5641 auctoris
2590 5572 2773 5641 nostri,
2811 5573 2964 5624 locus
3023 5572 3386 5638 locupletatur
3414 5587 3428 5624 :
3459 5572 3643 5641 Συρα-

2059 5641 2305 5710 κουσίαν,
2333 5633 2379 5693 ὦ
2413 5641 2554 5708 φίλε,
2578 5640 2856 5710 τράπεζαν
2887 5642 2982 5691 καὶ
3033 5633 3324 5710 Σικελικὴν
3370 5633 3643 5700 ποικιλίαν

2058 5709 2229 5832 bid/inv,
2266 5709 2341 5774 ὼς
2397 5710 2581 5774 ἔοικας
2615 5709 2804 5771 αἰνεῖς.
2876 5710 2946 5764 Μ.
2972 5709 3089 5765 Cic.
3115 5726 3151 5764 ιι
3200 5709 3285 5766 der
3311 5710 3444 5770 Fin;
3480 5721 3542 5766 et
3587 5727 3641 5766 ν.

2113 5794 2228 5832 usc.

2113 5794 2228 5833 USC.
