4078 6442
481 443 622 511 1315
1669 431 2070 494 THEODORI
2111 424 2515 491 PRODROMI
3616 422 3779 487 1316

479 558 645 629 χάριν
669 551 881 627 αἱρετὴ,
935 552 1029 607 καὶ
1061 549 1414 622 ἀρχικωτάτη
1444 547 1550 602 τῶν
1602 545 1780 600 ἄλλων
1812 545 1905 599 καὶ
1942 545 2062 597 ὲπι-
2093 554 2136 605 Α
2166 544 2254 606 νός
2282 560 2341 595 τε
2375 541 2494 604 ὅλος
2533 542 2625 594 καὶ
2657 536 3047 610 θηλυνόμενος,
3091 536 3183 591 καὶ
3210 536 3287 607 τῷ
3319 536 3778 609 ἐκδεδιῃτημενῳ

478 646 747 718 τακτική⁶
778 646 874 699 καὶ
904 645 933 698 6
961 643 1122 713 σοφὸς
1161 645 1188 696 6
1216 641 1375 696 πάντ’
1406 638 1768 708 ἐπιστάμενος
1797 638 1872 701 ὡς
1910 637 2056 691 ὲνδέ-
2162 634 2261 705 βίῳ
2308 632 2786 703 διαφθειρόμενος’
2840 632 2935 685 καὶ
2993 631 3053 683 οὐ
3117 631 3279 699 μόνον
3339 631 3676 693 ἀπαίδευτος
3742 633 3778 684 6

480 757 635 811 χεται
659 755 675 770 ⁶
715 738 811 792 καὶ⁴
838 736 909 791 τὰ
950 734 1165 807 χαλεπὰ
1193 733 1393 804 μᾶλλον
1422 733 1516 786 καὶ
1549 731 1624 802 μὴ
1659 730 1817 803 ῥᾴδια
1848 728 2060 797 ἁνθρὼ-
2159 726 2399 790 τοιοῦτος
2435 727 2665 788 ὲσεῖται,
2696 723 2833 777 ἀλλὰ
2877 727 2972 777 καὶ
3001 727 3112 788 τοῖς
3152 724 3617 794 πεπαιδευμένοις
3647 742 3770 778 πο-

482 849 571 902 πῳ
604 829 894 900 γινώσκειν
948 829 1209 899 (8).’”Ετι
1234 843 1297 895 γε
1329 826 1436 894 μὴν
1482 823 1510 876 ὁ
1556 823 1948 894 ἀκριϐέστατος
1980 819 2057 891 (9)
2159 816 2367 886 λέμιος.
2399 811 2527 878 Οἷος
2547 811 2615 887 ἦν
2647 817 2674 868 6
2703 814 2980 877 Διονύσιος
3009 815 3037 866 6
3069 816 3351 884 τυραννῶν
3388 815 3661 879 Σικελία·,
3706 817 3779 869 τδ

481 921 576 974 καὶ
602 917 1127 988 διδασκαλικώτερος
1157 917 1266 971 τῶν
1313 915 1523 969 αἰτίων.
1578 913 1834 967 Τοιούτου
1867 911 1932 980 δὴ
1959 910 2056 964 τοῦ
2165 908 2308 977 μέγα
2359 908 2467 960 τῶν
2508 906 2753 976 Ἀθηνῶν
2801 906 3066 976 καύχημα
3097 905 3210 977 (Η)
3244 906 3531 973 Πλάτωνα,
3566 906 3773 978 προδι-

485 1011 676 1083 σοφοῢ,
709 1012 805 1064 καὶ
843 1009 1096 1080 τοιαύτης
1132 1010 1235 1079 τῆς
1281 1009 1471 1076 σοφίας
1518 1005 1706 1074 οὖσης,
1758 1003 2057 1075 σκοπητέον
2159 998 2282 1062 δοὺς
2301 1002 2413 1064 τοῖς
2444 999 2795 1070 μισθοφόροις
2815 999 3302 1068 φονευθησόμενον.
3338 1000 3495 1052 Οὕτω
3525 998 3625 1070 μὲν
3657 998 3773 1053 οὖν

483 1103 590 1158 τίνι
627 1104 693 1157 ἂν
722 1102 833 1155 τῶν
872 1100 1336 1172 προεκτεθέντων,
1377 1098 1569 1161 πενίας
1602 1096 1746 1163 λέγω
1774 1096 1868 1149 καὶ
1897 1095 2062 1148 πλού-

483 1213 578 1249 του
607 1195 701 1249 κα)¹
730 1193 1086 1264 αὐταρκείας,
1115 1193 1175 1245 τὸ
1219 1190 1424 1258 ταύτης
1461 1188 1624 1243 καλὸν
1659 1187 1933 1257 ἁλώσιμον
1966 1187 2046 1254 γει

487 1303 648 1341 νοιτο.
688 1287 807 1338 ’ῐνα
859 1283 903 1337 δ’
950 1280 1622 1353 εὐπαρακολουθητότερος
1656 1280 1785 1350 ἡμῖν
1835 1281 1862 1331 6
1905 1277 2061 1345 λόγος

486 1376 747 1449 προϐαίη,
783 1372 957 1429 ταῦτα
1002 1370 1450 1444 προπαραλαϐεἰν
1487 1370 1782 1437 ἀναγκαῖον
1803 1384 1817 1398 ⁸
1849 1366 1925 1431 ὡς
1956 1366 2061 1437 μά-

489 1468 641 1538 θησις
668 1464 771 1536 μὲν
800 1464 990 1534 σοφίας
1024 1463 1312 1534 ποριστικὴ
1334 1474 1349 1490 ·
1381 1463 1446 1531 τῇ
1474 1460 1533 1514 δὲ
1564 1460 1671 1530 ἄρα
1697 1458 1929 1529 μαθήσει
1968 1456 2065 1510 καὶ

489 1551 753 1623 χορηγίας
784 1550 866 1604 δεῖ
897 1549 1267 1618 παντοδαπῆς,
1294 1549 1389 1603 καὶ⁵
1404 1548 1648 1620 βιϐλίων,
1672 1549 1749 1612 ὡς
1771 1547 1844 1618 μὴ
1879 1547 1945 1601 ἂν
1971 1548 2064 1602 ᾶλ-

490 1644 596 1706 λως
631 1643 749 1707 ἐξὸν
796 1640 1019 1697 εἶναιτὸ
1062 1641 1250 1712 χρῆμα
1280 1641 1421 1694 ἑλεῖν
1457 1640 1584 1705 τοὺς
1634 1640 1708 1711 μὴ
1739 1642 1834 1693 καὶ
1866 1639 2065 1702 αὐτοὺς

495 1735 901 1804 μουοολήπτους
929 1734 1219 1803 ἐσομένους
1259 1731 1399 1803 μετὰ
1429 1734 1520 1785 τὸν
1562 1730 1850 1802 Ἀσκραῖον
1879 1731 2060 1803 σοφόν.

495 1827 618 1878 ’Ὁτι
642 1824 741 1896 μὲν
763 1823 858 1879 οὖν
893 1824 972 1892 τῷ
1010 1823 1226 1895 πλούτῳ
1255 1824 1354 1879 οὐκ
1385 1825 1451 1878 ἂν
1488 1824 1520 1894 ἡ
1555 1825 1718 1893 σοφία
1757 1821 2065 1894 θηράσιμος

492 1919 703 1986 γένοιτο
753 1919 822 1972 τὰ
873 1917 1066 1984 πολλὰ,
1127 1918 1376 1971 ἐντεῦθεν
1427 1918 1819 1985 σκοπουμένοις
1856 1916 1942 1987 εἴη
1998 1916 2065 1970 ἂν

492 2011 830 2083 ὲμφανέςοῆ
882 2012 990 2082 γὰρ
1041 2011 1175 2081 περὶ
1204 2011 1392 2065 τοῦτον
1442 2010 1823 2082 γλισχρεύεταί
1853 2026 1914 2063 τε
1970 2009 2066 2063 καὶ

491 2102 891 2176 χρηματίζεται
925 2101 1060 2172 (10),
1115 2102 1211 2156 καὶ
1250 2101 1421 2163 οὕτως
1452 2100 1518 2154 ἂν
1549 2100 1678 2173 ἄχρι
1714 2101 1915 2163 παντὸς
1954 2101 2068 2154 δια-

490 2193 670 2264 τελοίη
704 2193 1061 2258 ἀπαίδευτος’
1118 2194 1237 2247 οὐδὲ
1291 2194 1399 2263 γὰρ
1437 2192 1637 2260 τυφλὸν
1695 2193 1943 2263 ἡγεμόνα
1972 2191 2066 2247 τοῦ

489 2285 653 2357 χοροῦ
676 2286 1048 2356 προεστήσατο
1072 2285 1163 2338 τὸν
1188 2285 1450 2348 πλοῦτον,
1484 2284 1628 2339 καθά
1658 2301 1762 2337 που
1795 2284 1893 2338 καὶ
1926 2285 2071 2338 Πλά-

490 2394 598 2431 των
619 2378 677 2431 ὲν
695 2376 998 2441 Πολιτείαις
1029 2378 1193 2448 φησίν
1214 2394 1229 2408 ο
1264 2377 1297 2448 ἢ
1334 2376 1472 2448 πρὸς
1502 2376 1715 2447 τρυφὰς
1742 2379 1839 2430 καὶ
1870 2377 2072 2441 πότους

493 2471 586 2525 καὶ
615 2469 831 2533 ἀνέσεις
862 2470 1241 2540 ἁποχρήσαιτο
1274 2468 1351 2538 τῷ
1379 2468 1585 2539 χρυσῷ,
1612 2468 2072 2539 κατασαρκούμε-

495 2686 599 2724 non
626 2671 921 2734 bibat,vino
941 2679 1117 2724 tamen
1136 2672 1316 2741 utique
1337 2671 1478 2724 sitim
1505 2671 1759 2741 expleat?
1775 2669 1897 2726 Tale
1918 2672 2071 2741 quid-

495 2762 620 2815 dam
657 2772 753 2823 est,
795 2772 852 2817 ut
888 2779 1071 2817 crassa
1118 2764 1356 2818 Minerva
1386 2765 1580 2830 dicam,
1604 2768 1750 2833 inops
1787 2772 1838 2818 et
1865 2765 2070 2834 inopia.

494 2852 601 2907 Sed
637 2855 896 2921 sapientia
925 2864 1000 2908 est
1040 2854 1265 2908 scientia
1303 2872 1419 2923 quae
1445 2858 1563 2926 ipsa
1590 2873 1684 2926 per
1716 2872 1770 2910 se
1799 2866 1848 2909 et
1875 2857 2075 2912 sciendi

495 2943 668 3011 gratia
705 2941 948 3011 optabilis
981 2951 1056 2996 est
1083 2952 1129 2996 et
1166 2943 1401 2996 omnium
1424 2942 1660 2997 aliarum
1698 2946 1969 3009 aptissima
2002 2943 2072 2997 ad

494 3029 864 3099 imperandum
905 3047 967 3083 ac
1009 3032 1441 3102 praecipiendum.
1499 3031 1564 3086 Et
1613 3034 1825 3103 sapiens
1869 3041 1943 3087 est
1991 3033 2083 3104 qui

496 3118 675 3172 omnia
708 3120 826 3181 scit,
857 3119 1029 3189 quoad
1050 3127 1238 3189 potest,
1269 3128 1317 3173 et
1340 3137 1457 3189 qua:
1488 3120 1720 3190 difficilia
1741 3130 1863 3175 sunt
1896 3121 2084 3175 admo-

495 3209 619 3262 dum
645 3225 809 3280 neque
826 3211 1032 3279 cognitu
1053 3211 1251 3264 homini
1267 3209 1467 3279 facilia.
1493 3209 1730 3280 Itemque
1754 3212 1796 3265 is
1820 3212 1909 3278 qui
1931 3226 2087 3264 accu-

497 3302 795 3353 ratissimus
813 3309 889 3353 est
911 3309 957 3353 et
985 3302 1288 3370 aptissimus
1309 3301 1376 3354 ad
1398 3301 1660 3355 docendas
1681 3319 1856 3356 rerum
1871 3319 2083 3357 causas.

498 3391 831 3461 Quapmpter
852 3409 973 3446 cum
1002 3393 1126 3445 talis
1154 3393 1220 3445 sit
1250 3393 1484 3461 sapiens,
1517 3401 1564 3444 et
1589 3392 1846 3462 ejusmodi
1875 3393 2085 3462 sapien-

497 3487 595 3551 tia,
623 3485 908 3539 videndum
945 3494 1020 3538 est
1056 3502 1086 3537 a
1113 3501 1344 3554 quonam
1372 3500 1553 3537 eorum
1580 3500 1696 3553 qua:
1725 3485 2079 3554 exposuimus,

498 3579 561 3631 de
600 3586 920 3645 paupertate
969 3584 1018 3630 et
1061 3577 1256 3631 divitiis
1305 3575 1487 3645 loquor
1533 3592 1596 3629 ac
1630 3575 1694 3629 de
1748 3577 2080 3647 sufficientia,

497 3670 642 3725 illius
707 3669 1039 3741 pulchritudo
1092 3669 1414 3739 apprehendi
1473 3669 1674 3738 possit.
1765 3668 1956 3724 Verum
2024 3678 2082 3723 ut

499 3763 670 3816 oratio
703 3761 873 3832 magis
912 3776 1084 3814 secum
1138 3762 1251 3830 ipsa
1279 3760 1592 3825 consentiat,
1635 3761 1730 3814 hoc
1757 3768 2084 3816 antevertere

500 3871 706 3911 necesse
757 3864 866 3921 est;
924 3853 1065 3925 quod
1112 3852 1386 3923 disciplina
1429 3853 1640 3923 quidem
1696 3855 1973 3925 sapientia
2015 3857 2083 3909 sit

496 3948 888 4019 suppeditatrim
922 3962 941 4002 :
997 3947 1088 4000 sed
1120 3947 1376 4000 doctrinae
1416 3948 1767 4017 omnigenere
1806 3952 2082 4018 suppetia-

500 4057 619 4094 rum
680 4057 813 4110 opus
854 4046 931 4093 est
978 4047 1028 4091 et
1068 4038 1235 4093 libris.
1303 4037 1741 4110 Quandoquidem
1815 4057 1920 4095 non
1967 4041 2083 4096 licet

499 4133 655 4188 aliter
695 4150 752 4188 re
799 4134 981 4202 potiri,
1018 4133 1081 4185 iis
1128 4142 1268 4186 certe
1310 4134 1402 4203 qui
1431 4133 1544 4203 ipso
1577 4150 1852 4189 musarum
1899 4136 2083 4207 afflatu

501 4227 726 4295 correpti
770 4241 874 4279 non
904 4224 1096 4294 forent,
1149 4239 1213 4278 ea.
1263 4224 1461 4279 Αθαναιὶ
1500 4226 1757 4295 sapientis
1795 4229 2082 4284 sententia.

496 4314 623 4370 lam
650 4332 771 4370 vero
793 4314 931 4386 quod
959 4331 1050 4368 nec
1075 4315 1256 4385 opibus
1283 4317 1553 4386 sapientia
1585 4319 1852 4372 commode
1870 4336 2088 4391 compa-

502 4408 617 4461 rari
656 4413 967 4476 plerumque
1013 4407 1199 4475 possit,
1246 4408 1346 4461 hac
1384 4410 1591 4462 ratione
1624 4411 2084 4468 considerantibus

470 4524 475 4529 ο
502 4497 842 4567 conspicuum
875 4497 1053 4560 fuerit.
1086 4494 1231 4550 Nam
1266 4498 1310 4552 is
1346 4500 1436 4569 qui
1476 4501 1668 4555 divitiis
1696 4505 1951 4558 tenaciter
1980 4506 2081 4559 ad-

509 4591 688 4654 lueret,
735 4596 785 4642 et
831 4590 987 4642 nimis
1028 4597 1263 4644 attentus
1292 4599 1367 4644 est
1402 4592 1472 4646 ad
1502 4609 1611 4647 rem
1649 4594 1965 4663 faciendam,
1991 4600 2086 4653 hoc

2162 1088 2504 1159 ἑκατέρωθεν
2556 1091 2586 1160 ἡ
2629 1089 2791 1158 σοφία
2843 1089 2921 1157 τῷ
2952 1088 3169 1158 πλούτῳ
3209 1088 3322 1159 (12)
3371 1090 3769 1159 ἀπαγορεύσι-

2167 1198 2268 1251 μος
2301 1179 2412 1251 (15)
2436 1198 2448 1211 ⁸
2480 1181 2623 1251 πλὴν
2656 1183 2705 1234 εί
2737 1181 2811 1251 μή
2858 1198 2940 1243 τις
2974 1180 3241 1251 ἡγεμόνος
3280 1180 3395 1251 (Η)
3450 1181 3573 1234 νοῦν
3600 1182 3772 1250 αὐτῷ

2164 1274 2450 1342 ἐπιστήσει
2475 1273 2583 1327 τῶν
2617 1275 2934 1343 προσόντων
2967 1274 3145 1340 δεξιὸν
3187 1276 3492 1344 οἰκονόμον.
3538 1275 3775 1344 Σκοπη-

2162 1364 2287 1417 τέον
2322 1365 2379 1418 δὲ
2425 1366 2474 1418 εἰ
2513 1366 2589 1436 μὴ
2638 1364 2859 1436 τοιαύτη
2899 1365 2982 1428 τίς
3015 1367 3131 1419 ἐστι
3159 1368 3255 1419 καὶ
3301 1366 3379 1436 τῷ
3427 1368 3725 1436 πενομένῳ
3753 1383 3768 1397 ·

2165 1459 2258 1510 καὶ
2280 1457 2428 1520 ὅπως
2443 1456 2553 1511 τῶν
2577 1457 2998 1527 προειρημένων
3035 1458 3111 1527 μὴ
3134 1457 3520 1527 ὲκλαθοίμεθα.
3556 1456 3779 1529 Εἴρητο

2164 1546 2222 1600 δὲ
2249 1549 2342 1601 καὶ
2365 1548 2629 1619 χορηγίας
2674 1546 2932 1610 παντοίας
2978 1546 3090 1600 δεῖν
3134 1546 3211 1617 τῷ
3240 1548 3612 1618 μαθησομένῳ
3663 1550 3777 1601 καὶ

2167 1637 2400 1709 βίϐλων·
2437 1638 2572 1692 ἀλλὰ
2599 1638 2701 1709 μὲν
2724 1640 2752 1691 6
2787 1638 2978 1708 πένης,
3016 1640 3065 1691 εί
3103 1637 3280 1709 ὀρθῶς
3312 1640 3370 1693 ἐν
3395 1640 3507 1702 τοῖς
3542 1640 3731 1692 ἀνωτὲ
3751 1669 3769 1681 -

2168 1749 2248 1804 ρω
2276 1731 2436 1786 αὑτὸν
2458 1732 2879 1801 ὑπεγράψαμεν,
2912 1732 3129 1795 οὐδενὸς
3150 1732 3216 1785 ἂν
3247 1731 3431 1785 αὐτῶν
3456 1732 3735 1800 εύποροίη
3759 1746 3776 1762 ’

2169 1822 2287 1886 πῶς
2315 1823 2424 1894 γὰρ
2483 1822 2569 1894 εἴη
2602 1822 2773 1895 πένης
2798 1823 2827 1875 6
2858 1822 3305 1894 κεχορηγημένος
3354 1823 3777 1893 ἁπανταβθεν,

2100 1896 2267 1969 Βκαὶ
2303 1917 2502 1985 μυρίας
2546 1917 2678 1978 ὅσας
2729 1915 2828 1978 τὰς
2886 1914 3081 1977 κίστας
3136 1914 3484 1986 ὑπερχειλεῖς
3539 1915 3782 1985 βιϐλίων

2177 2006 2423 2061 πλουτῶν
2454 2023 2468 2071 ;
2502 2005 2855 2076 Συμπέραινε
2900 2005 2958 2059 δὲ
3003 2006 3065 2059 τὸ
3100 2005 3284 2061 λεῖπον
3318 2008 3481 2069 αὐτὸς
3502 2028 3505 2035 ·
3530 2007 3620 2060 διὰ
3658 2007 3784 2061 τῶν

2174 2097 2445 2168 κειμένων
2466 2114 2479 2128 ·
2514 2098 2803 2151 ὲνδεόντων
2830 2098 2937 2169 γὰρ
2962 2098 3041 2170 τῷ
3074 2099 3360 2171 πενομένῳ
3392 2100 3524 2164 τῶν,
3566 2094 3643 2153 ὧν
3672 2100 3787 2151 οὐκ

2176 2192 2304 2246 ἄνευ
2325 2193 2358 2261 ἠ
2394 2190 2651 2262 μάθησις,
2672 2191 2767 2244 καὶ
2788 2190 2877 2245 διὰ
2901 2189 3059 2244 τοῦτο
3088 2190 3189 2261 τῆς
3223 2192 3515 2262 μαθήσεώς
3545 2210 3601 2244 τε
3638 2195 3786 2245 ἁπε-

2169 2286 2511 2354 γνωσμένης,
2544 2287 2638 2337 καὶ
2666 2286 3207 2354 συναπεγνωσμὲνης
3245 2286 3384 2357 αὐτῇ
3419 2286 3518 2355 τῆς
3552 2288 3783 2353 σοφίας.

2171 2378 2341 2445 σαφὲς
2365 2378 2552 2430 λοιπὸν
2574 2379 2634 2430 τὸ
2665 2377 3067 2447 συμπέρασμα.
3109 2376 3183 2430 Τὸ
3221 2379 3330 2448 γὰρ
3362 2378 3494 2431 αὐτὸ
3527 2379 3785 2448 χρυσίον,

2174 2472 2334 2523 κάκεῖ
2359 2472 2425 2541 τῇ
2463 2468 2631 2539 πολλῇ
2663 2469 2917 2541 δαψιλείᾳ
2948 2471 3049 2540 τὴν
3082 2470 3294 2540 τρυφὴν
3332 2470 3785 2537 συνεισενεγκὸν,

2178 2671 2432 2743 praefecit,
2458 2673 2694 2725 utetiam
2721 2670 2879 2726 Plato
2906 2671 3084 2727 scribit
3107 2672 3160 2724 in
3180 2670 3332 2725 libris
3355 2671 3419 2725 de
3439 2671 3789 2743 Republica);

2179 2773 2274 2819 aut
2305 2767 2373 2818 ad
2404 2764 2645 2831 delicias,
2675 2766 3046 2835 intempestiva
3089 2765 3353 2830 convivia,
3382 2773 3432 2818 et
3473 2764 3789 2819 oblectatio-

2179 2874 2299 2912 nem
2319 2857 2487 2912 animi
2509 2858 2815 2912 abuteretur
2836 2874 2969 2910 auro
2986 2871 3006 2914 :
3026 2856 3177 2910 obeso
3200 2872 3419 2923 corpore
3440 2857 3789 2919 saburratus,

2182 2951 2452 3019 nimiaque
2468 2948 2603 3003 mole
2618 2949 2822 3020 sagina:
2843 2949 3196 3019 effeminatus,
3215 2958 3265 3000 et
3289 2946 3460 3002 soluto
3485 2964 3548 3001 ac
3566 2949 3789 3018 profusa

2180 3043 2344 3097 uictus
2369 3057 2560 3113 genere
2583 3042 2899 3112 pro/ligatus
2920 3056 2937 3094 :
2962 3039 3184 3111 proinde
3212 3055 3317 3093 non
3338 3038 3511 3093 solum
3535 3038 3787 3093 indoctus

2184 3133 2312 3189 talis
2357 3134 2619 3195 evaderet,
2651 3148 2835 3187 verum
2865 3133 3027 3186 etiam
3054 3133 3383 3185 eruditorum
3414 3133 3577 3185 hostis
3619 3133 3764 3201 effice

2191 3235 2378 3281 retur:
2415 3224 2591 3295 qualis
2632 3224 2729 3294 fuit
2761 3224 2893 3277 olim
2934 3223 3220 3294 Dionysius
3266 3221 3465 3278 Sicilia:
3498 3204 3795 3294 tyrannus:

2192 3319 2283 3390 qui
2301 3320 2596 3372 maximum
2610 3318 2939 3373 Athenarum
2953 3326 3326 3371 ornamentum
3344 3316 3617 3371 Platonem
3629 3317 3793 3370 scrc:-

2189 3410 2367 3469 litibus
2396 3409 2736 3464 mercenariis
2767 3408 3142 3462 trucidandum
3165 3407 3492 3478 prodiderat.
3515 3408 3607 3462 Sic
3627 3410 3793 3475 igitur

2182 3502 2430 3573 utrinque
2470 3502 2736 3572 sapientia
2785 3500 2966 3571 opibus
3005 3499 3287 3554 interdicta
3322 3506 3435 3553 est:
3468 3499 3571 3551 nisi
3594 3500 3640 3552 si
3674 3501 3794 3567 quis

2184 3606 2412 3650 mentem
2456 3596 2555 3662 ipsi
2580 3595 2765 3648 ducem
2808 3593 3072 3657 intendat,
3113 3595 3385 3648 dexteram
3438 3607 3618 3645 eorum
3672 3607 3792 3660 qua:

2183 3689 2376 3742 adsunt
2395 3688 2845 3758 dispensatricem.
2867 3686 3322 3741 Considerandum
3344 3684 3468 3738 item
3485 3691 3559 3736 est
3583 3701 3651 3737 an
3684 3698 3789 3735 non

2184 3783 2441 3852 ejusmodi
2464 3781 2561 3835 illa
2589 3782 2681 3844 sit,
2714 3783 2878 3835 etiam
2905 3781 3127 3850 penuria
3158 3778 3428 3832 laboranti
3454 3794 3468 3830 :
3494 3785 3551 3831 ut
3583 3778 3658 3830 sic
3682 3792 3789 3827 non

2184 3889 2367 3927 eorum
2396 3889 2514 3944 qua
2537 3882 2661 3926 ante
2689 3872 2919 3926 diximus
2942 3871 3315 3926 obliviscamur
3333 3884 3349 3921 :
3367 3869 3566 3921 dictum
3609 3878 3789 3919 autem

2187 3974 2287 4025 est.
2313 3966 2458 4019 omni
2480 3980 2673 4035 genere
2705 3963 3172 4035 suppeditationis,
3194 3974 3240 4014 et
3263 3961 3511 4015 subsidiis
3534 3960 3789 4012 librorum

2185 4072 2314 4125 opus
2342 4072 2453 4110 esse
2481 4056 2715 4110 discendi
2736 4056 2947 4123 cupido.
2976 4054 3257 4110 Enimvero
3282 4069 3510 4122 pauper,
3532 4052 3789 4121 siquidem

2193 4159 2334 4204 recte
2357 4152 2618 4219 superiori
2641 4167 2882 4205 sermone
2914 4167 3036 4204 eum
3061 4150 3456 4219 descripsimus.
3483 4148 3680 4202 nullius
3727 4156 3790 4197 ca:

2185 4244 2264 4297 his
2287 4241 2626 4296 adminiculis
2651 4243 2859 4311 capiam
2899 4242 2998 4296 sibi
3026 4241 3438 4308 comparaverit.
3470 4238 3679 4293 Etenim
3700 4237 3790 4306 qui

2187 4342 2319 4387 esset
2348 4333 2523 4400 inops,
2558 4333 2910 4403 undequaque
2947 4332 3195 4387 subsidiis
3226 4332 3466 4403 adjutus,
3508 4338 3666 4399 atque
3709 4330 3793 4381 in-

2186 4426 2421 4479 numeris
2458 4432 2507 4478 et
2535 4426 2690 4494 quasi
2727 4422 2881 4495 pleno
2936 4422 3087 4479 labro
3121 4422 3527 4478 exuberantibus
3561 4421 3703 4474 cistis
3744 4426 3793 4471 et

2195 4514 2427 4586 capsulis
2448 4516 2703 4569 librorum
2733 4516 2932 4569 ditatus
2955 4515 2979 4568 ?
2999 4512 3202 4583 Perﬁce
3222 4529 3380 4584 porro
3415 4521 3471 4567 tu
3489 4512 3625 4582 quod
3652 4512 3792 4565 deeit

2190 4622 2283 4675 per
2306 4623 2369 4660 ea
2405 4623 2523 4676 qua:
2546 4609 2820 4677 proposita
2861 4616 2909 4662 et
2945 4609 3183 4661 admissa
3208 4615 3370 4660 sunt:
3397 4622 3521 4660 nam
3547 4622 3664 4657 cum
3705 4605 3789 4656 de-

506 4690 650 4736 certe
701 4682 854 4735 modo
908 4682 977 4734 ad
1025 4698 1178 4735 omne
1225 4692 1426 4754 tempus
1488 4687 1704 4757 ignarus
1761 4702 2095 4759 permaneret
2125 4706 2172 4764 υ
2197 4698 2381 4767 ficiunt
2407 4702 2584 4770 inopia
2608 4701 2873 4755 laboranti
2896 4719 2957 4754 ea
2986 4702 3100 4755 sine
3116 4701 3304 4768 quibus
3327 4700 3570 4751 doctrina
3606 4694 3793 4765 parari

505 4781 696 4847 (neque
745 4775 887 4827 enim
921 4775 1238 4845 sapientiam
1282 4794 1474 4832 cacant
1508 4779 1793 4835 ductricem
1823 4783 1980 4837 choro
2004 4800 2101 4837 suo
2211 4794 2412 4862 nequit,
2465 4809 2526 4848 ac
2569 4802 2848 4864 propterea
2894 4793 3173 4861 disciplina
3211 4794 3493 4862 desperata
3523 4796 3623 4853 est,
3660 4803 3713 4839 tt'
3736 4802 3796 4839 ac

577 4977 653 5048 (8)
710 4973 988 5048 Sapientis
1055 4973 1427 5048 «igﬂliitionem
1500 4991 1563 5028 ex
1629 4977 1715 5031 his
1779 4978 2095 5038 Arislmielis

504 5044 690 5102 verbis
717 5046 773 5100 in
803 5045 1029 5099 exordio
1054 5044 1163 5096 τῶν
1186 5048 1322 5112 μετὰ
1352 5045 1423 5098 τὰ
1455 5050 1680 5113 φυσικὰ,
1716 5049 1943 5105 concise
1969 5070 2093 5106 inu-

509 5126 697 5172 tnalus
719 5124 805 5170 est
838 5132 873 5185 :7
926 5113 1420 5185 ’Υπολαμϐάνομεν
1442 5116 1506 5183 δὴ
1567 5116 1783 5184 πρῶτον
1823 5118 1923 5185 μὲν
1968 5124 2091 5175 ὲπί-

510 5186 740 5259 στασθαι
788 5184 1021 5259 μάλιστα
1053 5184 1254 5259 πάντα⁸
1292 5186 1383 5259 τὸν
1437 5184 1599 5259 σοφὸν
1657 5185 1763 5259 ὡς*
1789 5184 2087 5259 ἐνδέχεται,

511 5254 1174 5327 μὴ’καθέκαστονμέχοντα
1208 5254 1304 5327 τὴν
1348 5255 1661 5327 ἐπιστήμην
1706 5254 1941 5327 αύτῶν,”
1968 5254 2088 5313 εἶτα

506 5322 597 5379 τὸν
621 5325 833 5398 χαλεπᾲ
869 5322 1070 5390 γνῶναι
1097 5323 1391 5398 δυνάμενον
1415 5322 1511 5376 καὶ
1537 5322 1627 5398 μη
1665 5324 1822 5394 ῥᾴδια
1873 5329 2089 5398 ανθρώ-

510 5413 596 5464 πῳ
626 5394 999 5462 γιγνώσκειν,
1038 5394 1223 5446 τοῦτον
1268 5395 1447 5460 σοφόν.
1478 5411 1498 5443 ι
1535 5394 1775 5450 Primum
1807 5394 2091 5453 cxistiina-

513 5464 982 5531 mus'sapie‘ntcni
1040 5464 1223 5517 omnia
1293 5466 1435 5516 scire
1493 5467 1724 5518 maxime
1769 5470 1949 5533 quoad
2005 5470 2090 5525 fas

511 5545 616 5606 est.
645 5533 786 5606 haud
820 5548 915 5601 per
944 5533 1161 5603 singula
1188 5534 1433 5602 ipsorum
1464 5534 1714 5606 scientia
1749 5536 2039 5606 praeditum
2071 5557 2086 5594 :

508 5603 1047 5677 deindesapicntem
1063 5616 1282 5677 quoque
1297 5617 1433 5677 cum_
1449 5619 1571 5658 esse
1593 5603 1868 5673 ducimus,
1893 5609 1985 5677 qui
2002 5623 2093 5661 ar-

508 5674 623 5747 duo"
648 5673 1005 5740 dilticiliaque
1036 5673 1244 5725 homini
1277 5673 1499 5743 cOgnitu
1520 5711 1535 5739 ,
1564 5687 1672 5729 non
1706 5673 1966 5747 pcrcepiu
2014 5678 2093 5733 la-

510 5740 863 5810 cilia,‘potesl
882 5755 1235 5812 cognoscere.
1278 5760 1297 5793 s

584 5830 660 5899 (9)
697 5830 796 5883 Ms.
835 5831 1250 5900 ἀκριϐέστερος.

587 5920 697 5992 (10)
726 5919 826 5977 Ms.
860 5922 931 5974 "H
974 5922 1080 5993 γὰρ
1112 5923 1239 5991 περὶ
1273 5925 1481 5982 τούτων
1509 5930 1537 5981 6
1566 5928 1704 5999 ἔχων
1742 5930 2103 6002 γλισχρεύσεο

2208 4986 2298 5037 ταί
2319 5003 2399 5050 τε,
2443 4989 2537 5039 καὶ
2570 4985 3001 5056 χρηματίσεται.

2276 5056 2389 5126 (ll)
2422 5056 2520 5126 Ms.
2552 5056 2804 5126 αὒχημᾳο

2274 5124 2389 5192 (12)
2409 5124 2513 5180 Ms.
2548 5124 2889 5179 πλουτοῦντι.

2271 5188 2385 5266 (15)
2427 5195 2619 5250 Graeca
2681 5198 2770 5251 hic
2818 5194 3135 5259 menilosav,
3191 5208 3293 5265 ego
3340 5193 3421 5266 sic
3451 5188 3791 5266 emendanda

2198 5263 2582 5336 conjieiebam.
2603 5266 3003 5336 gignenziimsu
3026 5263 3394 5336 in’»accns.indi
3420 5272 3652 5323 mutato.
3673 5264 3795 5327 ὴγε·

2198 5333 2337 5403 μόνα
2382 5338 2529 5390 νοῦν.
2554 5333 2709 5401 Quod
2749 5336 2814 5388 nd
2849 5336 2909 5387 τὺ
2936 5333 3268 5404 ἡγεμονικὸν
3307 5341 3543 5404 spectat,
3602 5348 3689 5385 an.
3713 5342 3795 5383 iur

2204 5405 2273 5459 ad
2311 5406 2425 5459 haec
2461 5406 2603 5460 forte
2629 5404 2915 5459 Menandri
2951 5405 3225 5475 respexit:

2298 5520 2601 5589 Μακάριος
2621 5521 2686 5585 ὃς
2720 5520 2819 5589 καὶ
2851 5522 3074 5573 οὐσίαν
3107 5518 3203 5571 καί
3234 5517 3388 5572 νοῦν
3413 5518 3539 5589 ἔχει
3566 5533 3580 5548 ·

2304 5585 2522 5659 Χρῆτὶιι
2556 5591 2666 5658 γὰρ
2696 5588 2875 5655 οὗτος
2906 5593 2991 5652 εὶς
3015 5590 3054 5643 ἂ
3084 5589 3178 5643 δεῖ
3203 5585 3683 5657 τούτοιςᾶαλὼς

2200 5697 2324 5752 qua:
2352 5682 2436 5735 sic
2462 5684 2660 5737 Latine
2698 5682 2866 5737 reddo
2890 5699 2908 5735 :

2334 5773 2535 5847 βροτω
2566 5784 2816 5847 εδιηοαηι
2870 5784 3042 5847 mente
3072 5792 3192 5846 opes
3222 5777 3311 5845 qui
3339 5776 3589 5847 possidet,

2339 5843 2584 5914 Namque
2609 5844 2778 5898 utitur
2798 5843 3125 5914 pulcln'eltis',
3157 5843 3401 5902 decorum
3429 5863 3523 5902 ceu
3543 5844 3711 5918 jubet.

2285 5935 2395 6007 (ιι)
2432 5934 2534 5991 Ms.
2567 5934 2837 6008 ἡγεμόνα.
