  <div class='ocr_page' id='page_1' title='image "/cluster/home/n/w/nwhite01/storage/ocr_20150623/133/coo.31924054870385/666.png"; bbox 0 0 4078 6448; ppageno 0'>
   <div class='ocr_carea' id='block_1_1' title="bbox 414 410 547 475">
    <p class='ocr_par' dir='ltr' id='par_1_1' title="bbox 414 410 547 475">
     <span class='ocr_line' id='line_1_1' title="bbox 414 410 547 475; baseline -0.023 0"><span class='ocrx_word' id='word_1_1' title='bbox 414 410 547 475; x_wconf 75' lang='lat' dir='ltr'><strong><em>13H</em></strong></span> 
     </span>
    </p>
   </div>
   <div class='ocr_carea' id='block_1_2' title="bbox 1577 405 2503 471">
    <p class='ocr_par' dir='ltr' id='par_1_2' title="bbox 1577 405 2503 471">
     <span class='ocr_line' id='line_1_2' title="bbox 1577 405 2503 471; baseline 0.001 -5"><span class='ocrx_word' id='word_1_2' title='bbox 1577 405 1906 468; x_wconf 77' lang='lat' dir='ltr'><strong><em>SCRIPTA</em></strong></span> <span class='ocrx_word' id='word_1_3' title='bbox 1945 406 2379 471; x_wconf 81' lang='lat' dir='ltr'><strong><em>MISCELLAN</em></strong></span> <span class='ocrx_word' id='word_1_4' title='bbox 2388 410 2503 470; x_wconf 85' lang='lat' dir='ltr'><strong><em>EA.</em></strong></span> 
     </span>
    </p>
   </div>
   <div class='ocr_carea' id='block_1_3' title="bbox 3537 408 3676 478">
    <p class='ocr_par' dir='ltr' id='par_1_3' title="bbox 3537 408 3676 478">
     <span class='ocr_line' id='line_1_3' title="bbox 3537 408 3676 478; baseline 0.014 -2"><span class='ocrx_word' id='word_1_5' title='bbox 3537 408 3676 478; x_wconf 78' lang='lat'><strong><em>1318</em></strong></span> 
     </span>
    </p>
   </div>
   <div class='ocr_carea' id='block_1_4' title="bbox 406 516 3680 598">
    <p class='ocr_par' dir='ltr' id='par_1_4' title="bbox 406 516 3680 598">
     <span class='ocr_line' id='line_1_4' title="bbox 406 516 3680 598; baseline 0 -20"><span class='ocrx_word' id='word_1_6' title='bbox 406 527 516 578; x_wconf 88' lang='grc' dir='ltr'><strong><em>τῶν</em></strong></span> <span class='ocrx_word' id='word_1_7' title='bbox 546 522 815 577; x_wconf 90' lang='grc' dir='ltr'>πλουσίων</span> <span class='ocrx_word' id='word_1_8' title='bbox 858 524 982 586; x_wconf 79' lang='grc' dir='ltr'>τοὺς</span> <span class='ocrx_word' id='word_1_9' title='bbox 1025 521 1244 585; x_wconf 76' lang='grc' dir='ltr'>πλείους</span> <span class='ocrx_word' id='word_1_10' title='bbox 1271 519 1508 590; x_wconf 81' lang='grc' dir='ltr'>ἁσοφους</span> <span class='ocrx_word' id='word_1_11' title='bbox 1560 521 1786 590; x_wconf 77' lang='grc' dir='ltr'>ἐποίησε</span> <span class='ocrx_word' id='word_1_12' title='bbox 1808 538 1821 552; x_wconf 86' lang='grc'><strong>·</strong></span> <span class='ocrx_word' id='word_1_13' title='bbox 1857 516 2064 585; x_wconf 66' lang='grc' dir='ltr'>κάν-Ἀ</span> <span class='ocrx_word' id='word_1_14' title='bbox 2093 521 2219 582; x_wconf 80' lang='grc' dir='ltr'>τοὺς</span> <span class='ocrx_word' id='word_1_15' title='bbox 2245 521 2302 574; x_wconf 81' lang='grc' dir='ltr'>δὲ</span> <span class='ocrx_word' id='word_1_16' title='bbox 2334 521 2605 592; x_wconf 79' lang='grc' dir='ltr'>Ἕλληνας</span> <span class='ocrx_word' id='word_1_17' title='bbox 2641 519 2719 591; x_wconf 77' lang='grc' dir='ltr'>τῷ</span> <span class='ocrx_word' id='word_1_18' title='bbox 2746 519 3063 591; x_wconf 73' lang='grc' dir='ltr'><strong><em>λογιστικῷ.</em></strong></span> <span class='ocrx_word' id='word_1_19' title='bbox 3100 520 3162 575; x_wconf 84' lang='grc' dir='ltr'><em>Ὃ</em></span> <span class='ocrx_word' id='word_1_20' title='bbox 3193 521 3293 592; x_wconf 77' lang='grc' dir='ltr'>μὲν</span> <span class='ocrx_word' id='word_1_21' title='bbox 3321 520 3437 588; x_wconf 82' lang='grc' dir='ltr'>οὖν,</span> <span class='ocrx_word' id='word_1_22' title='bbox 3475 525 3680 598; x_wconf 81' lang='grc' dir='ltr'>Σοφίην</span> 
     </span>
    </p>
   </div>
   <div class='ocr_carea' id='block_1_5' title="bbox 407 610 1988 685">
    <p class='ocr_par' dir='ltr' id='par_1_5' title="bbox 407 610 1988 685">
     <span class='ocr_line' id='line_1_5' title="bbox 407 610 1988 685; baseline -0.003 -15"><span class='ocrx_word' id='word_1_23' title='bbox 407 613 583 670; x_wconf 80' lang='grc' dir='ltr'>ταῦθα</span> <span class='ocrx_word' id='word_1_24' title='bbox 621 616 689 685; x_wconf 82' lang='grc' dir='ltr'><strong><em>τῇ</em></strong></span> <span class='ocrx_word' id='word_1_25' title='bbox 716 613 970 667; x_wconf 85' lang='grc' dir='ltr'>παντελεῖ</span> <span class='ocrx_word' id='word_1_26' title='bbox 1002 613 1242 683; x_wconf 77' lang='grc' dir='ltr'><strong><em>ἀπουσίᾳ</em></strong></span> <span class='ocrx_word' id='word_1_27' title='bbox 1273 612 1369 683; x_wconf 81' lang='grc' dir='ltr'><strong><em>τὴν</em></strong></span> <span class='ocrx_word' id='word_1_28' title='bbox 1401 614 1465 664; x_wconf 80' lang='grc' dir='ltr'>ἐκ</span> <span class='ocrx_word' id='word_1_29' title='bbox 1495 610 1589 664; x_wconf 81' lang='grc' dir='ltr'>τοῦ</span> <span class='ocrx_word' id='word_1_30' title='bbox 1622 610 1783 682; x_wconf 78' lang='grc' dir='ltr'>λιμοῦ</span> <span class='ocrx_word' id='word_1_31' title='bbox 1817 613 1988 683; x_wconf 79' lang='grc' dir='ltr'>ἀγχό-</span> 
     </span>
    </p>
   </div>
   <div class='ocr_carea' id='block_1_6' title="bbox 408 703 1989 778">
    <p class='ocr_par' dir='ltr' id='par_1_6' title="bbox 408 703 1989 778">
     <span class='ocr_line' id='line_1_6' title="bbox 408 703 1989 778; baseline -0.002 -19"><span class='ocrx_word' id='word_1_32' title='bbox 408 723 504 778; x_wconf 89' lang='grc' dir='ltr'><strong><em>νην</em></strong></span> <span class='ocrx_word' id='word_1_33' title='bbox 554 706 998 776; x_wconf 81' lang='grc' dir='ltr'>ὲπεισκυκλῆσαν</span> <span class='ocrx_word' id='word_1_34' title='bbox 1031 706 1169 777; x_wconf 78' lang='grc'><strong>(15),</strong></span> <span class='ocrx_word' id='word_1_35' title='bbox 1213 704 1307 758; x_wconf 80' lang='grc' dir='ltr'><strong><em>τοῦ</em></strong></span> <span class='ocrx_word' id='word_1_36' title='bbox 1363 707 1644 776; x_wconf 78' lang='grc' dir='ltr'><strong><em>χρήματος</em></strong></span> <span class='ocrx_word' id='word_1_37' title='bbox 1703 706 1795 757; x_wconf 74' lang='grc' dir='ltr'>καὶ</span> <span class='ocrx_word' id='word_1_38' title='bbox 1848 703 1989 756; x_wconf 78' lang='grc' dir='ltr'>οὕτω</span> 
     </span>
    </p>
   </div>
   <div class='ocr_carea' id='block_1_7' title="bbox 408 798 1986 869">
    <p class='ocr_par' dir='ltr' id='par_1_7' title="bbox 408 798 1986 869">
     <span class='ocr_line' id='line_1_7' title="bbox 408 798 1986 869; baseline -0.003 -15"><span class='ocrx_word' id='word_1_39' title='bbox 408 802 548 865; x_wconf 71' lang='grc' dir='ltr'>τοὺς</span> <span class='ocrx_word' id='word_1_40' title='bbox 583 801 913 869; x_wconf 82' lang='grc' dir='ltr'>πενομένους</span> <span class='ocrx_word' id='word_1_41' title='bbox 949 798 1378 868; x_wconf 83' lang='grc' dir='ltr'>ἀπηλλοτρίωσε.</span> <span class='ocrx_word' id='word_1_42' title='bbox 1429 799 1853 868; x_wconf 85' lang='grc' dir='ltr'>Προσμαρτυρεῖ</span> <span class='ocrx_word' id='word_1_43' title='bbox 1887 814 1986 866; x_wconf 86' lang='grc' dir='ltr'><strong><em>μου</em></strong></span> 
     </span>
    </p>
   </div>
   <div class='ocr_carea' id='block_1_8' title="bbox 410 889 1988 960">
    <p class='ocr_par' dir='ltr' id='par_1_8' title="bbox 410 889 1988 960">
     <span class='ocr_line' id='line_1_8' title="bbox 410 889 1988 960; baseline -0.004 -12"><span class='ocrx_word' id='word_1_44' title='bbox 410 896 500 948; x_wconf 71' lang='grc' dir='ltr'>καὶ</span> <span class='ocrx_word' id='word_1_45' title='bbox 537 891 762 946; x_wconf 79' lang='grc' dir='ltr'><strong><em>Πλάτων</em></strong></span> <span class='ocrx_word' id='word_1_46' title='bbox 791 889 868 960; x_wconf 80' lang='grc' dir='ltr'>τῷ</span> <span class='ocrx_word' id='word_1_47' title='bbox 899 889 1072 960; x_wconf 73' lang='grc' dir='ltr'>λόγῳο</span> <span class='ocrx_word' id='word_1_48' title='bbox 1106 889 1198 942; x_wconf 76' lang='grc' dir='ltr'><strong><em>ὑπ’</em></strong></span> <span class='ocrx_word' id='word_1_49' title='bbox 1217 889 1542 960; x_wconf 73' lang='grc' dir='ltr'><strong><em>ἀμφοτέρων</em></strong></span> <span class='ocrx_word' id='word_1_50' title='bbox 1574 890 1770 957; x_wconf 83' lang='grc' dir='ltr'>λέγων,</span> <span class='ocrx_word' id='word_1_51' title='bbox 1798 890 1988 951; x_wconf 81' lang='grc' dir='ltr'>πενίας</span> 
     </span>
    </p>
   </div>
   <div class='ocr_carea' id='block_1_9' title="bbox 409 976 1990 1052">
    <p class='ocr_par' dir='ltr' id='par_1_9' title="bbox 409 976 1990 1052">
     <span class='ocr_line' id='line_1_9' title="bbox 409 976 1990 1052; baseline -0.003 -16"><span class='ocrx_word' id='word_1_52' title='bbox 409 986 502 1038; x_wconf 71' lang='grc' dir='ltr'><strong><em>καλ⁸</em></strong></span> <span class='ocrx_word' id='word_1_53' title='bbox 530 976 783 1049; x_wconf 79' lang='grc' dir='ltr'>πλούτου,</span> <span class='ocrx_word' id='word_1_54' title='bbox 813 980 1029 1052; x_wconf 79' lang='grc' dir='ltr'>χείρονα</span> <span class='ocrx_word' id='word_1_55' title='bbox 1076 979 1185 1033; x_wconf 85' lang='grc' dir='ltr'>τῶν</span> <span class='ocrx_word' id='word_1_56' title='bbox 1229 979 1433 1049; x_wconf 85' lang='grc' dir='ltr'>τεχνῶν</span> <span class='ocrx_word' id='word_1_57' title='bbox 1462 980 1530 1033; x_wconf 83' lang='grc' dir='ltr'>τὰ</span> <span class='ocrx_word' id='word_1_58' title='bbox 1564 978 1723 1047; x_wconf 80' lang='grc' dir='ltr'>ἔργα,</span> <span class='ocrx_word' id='word_1_59' title='bbox 1767 981 1860 1032; x_wconf 73' lang='grc' dir='ltr'>καὶ</span> <span class='ocrx_word' id='word_1_60' title='bbox 1894 980 1990 1031; x_wconf 79' lang='grc' dir='ltr'>αύ-</span> 
     </span>
    </p>
   </div>
   <div class='ocr_carea' id='block_1_10' title="bbox 406 1069 1987 1143">
    <p class='ocr_par' dir='ltr' id='par_1_10' title="bbox 406 1069 1987 1143">
     <span class='ocr_line' id='line_1_10' title="bbox 406 1069 1987 1143; baseline -0.003 -17"><span class='ocrx_word' id='word_1_61' title='bbox 406 1075 532 1137; x_wconf 78' lang='grc' dir='ltr'>τοὺς</span> <span class='ocrx_word' id='word_1_62' title='bbox 584 1073 709 1136; x_wconf 78' lang='grc' dir='ltr'>τοὺς</span> <span class='ocrx_word' id='word_1_63' title='bbox 742 1071 1088 1143; x_wconf 78' lang='grc' dir='ltr'><strong><em>χειροτέχνας</em></strong></span> <span class='ocrx_word' id='word_1_64' title='bbox 1132 1070 1400 1139; x_wconf 87' lang='grc' dir='ltr'>γίνεσθαι.</span> <span class='ocrx_word' id='word_1_65' title='bbox 1457 1070 1609 1122; x_wconf 78' lang='grc' dir='ltr'>Ἐπεὶ</span> <span class='ocrx_word' id='word_1_66' title='bbox 1653 1069 1833 1122; x_wconf 88' lang='grc' dir='ltr'>τοίνυν</span> <span class='ocrx_word' id='word_1_67' title='bbox 1862 1069 1987 1122; x_wconf 75' lang='grc' dir='ltr'>οὔτε</span> 
     </span>
    </p>
   </div>
   <div class='ocr_carea' id='block_1_11' title="bbox 408 1161 1982 1232">
    <p class='ocr_par' dir='ltr' id='par_1_11' title="bbox 408 1161 1982 1232">
     <span class='ocr_line' id='line_1_11' title="bbox 408 1161 1982 1232; baseline -0.003 -12"><span class='ocrx_word' id='word_1_68' title='bbox 408 1166 637 1231; x_wconf 83' lang='grc' dir='ltr'>πλοῦτος</span> <span class='ocrx_word' id='word_1_69' title='bbox 669 1164 793 1220; x_wconf 75' lang='grc' dir='ltr'>οὔτε</span> <span class='ocrx_word' id='word_1_70' title='bbox 825 1163 986 1217; x_wconf 86' lang='grc' dir='ltr'>πενία</span> <span class='ocrx_word' id='word_1_71' title='bbox 1013 1165 1115 1231; x_wconf 79' lang='grc' dir='ltr'>τὴν</span> <span class='ocrx_word' id='word_1_72' title='bbox 1168 1162 1383 1232; x_wconf 88' lang='grc' dir='ltr'>σοφίαν,</span> <span class='ocrx_word' id='word_1_73' title='bbox 1416 1162 1491 1225; x_wconf 84' lang='grc' dir='ltr'>ὡς</span> <span class='ocrx_word' id='word_1_74' title='bbox 1528 1161 1833 1230; x_wconf 74' lang='grc' dir='ltr'><strong><em>ἐδείξαμεν,</em></strong></span> <span class='ocrx_word' id='word_1_75' title='bbox 1866 1162 1982 1216; x_wconf 63' lang='grc' dir='ltr'>ἔλα-</span> 
     </span>
    </p>
   </div>
   <div class='ocr_carea' id='block_1_12' title="bbox 402 1252 1987 1331">
    <p class='ocr_par' dir='ltr' id='par_1_12' title="bbox 402 1252 1987 1331">
     <span class='ocr_line' id='line_1_12' title="bbox 402 1252 1987 1331; baseline -0.004 -16"><span class='ocrx_word' id='word_1_76' title='bbox 402 1277 527 1331; x_wconf 83' lang='grc' dir='ltr'>χεν·</span> <span class='ocrx_word' id='word_1_77' title='bbox 559 1260 808 1314; x_wconf 83' lang='grc' dir='ltr'>λείπεται</span> <span class='ocrx_word' id='word_1_78' title='bbox 856 1259 921 1326; x_wconf 82' lang='grc' dir='ltr'>δὴ</span> <span class='ocrx_word' id='word_1_79' title='bbox 949 1257 1045 1311; x_wconf 82' lang='grc' dir='ltr'>τοῦ</span> <span class='ocrx_word' id='word_1_80' title='bbox 1094 1257 1286 1327; x_wconf 80' lang='grc' dir='ltr'>μέσου,</span> <span class='ocrx_word' id='word_1_81' title='bbox 1313 1257 1412 1325; x_wconf 82' lang='grc' dir='ltr'>τῆς</span> <span class='ocrx_word' id='word_1_82' title='bbox 1445 1255 1796 1326; x_wconf 75' lang='grc' dir='ltr'>αὐταρκείας,</span> <span class='ocrx_word' id='word_1_83' title='bbox 1847 1252 1987 1309; x_wconf 71' lang='grc' dir='ltr'>εἶναι</span> 
     </span>
    </p>
   </div>
   <div class='ocr_carea' id='block_1_13' title="bbox 402 1346 1990 1427">
    <p class='ocr_par' dir='ltr' id='par_1_13' title="bbox 402 1346 1990 1427">
     <span class='ocr_line' id='line_1_13' title="bbox 402 1346 1990 1427; baseline -0.004 -20"><span class='ocrx_word' id='word_1_84' title='bbox 402 1352 610 1422; x_wconf 83' lang='grc' dir='ltr'>ταύτην</span> <span class='ocrx_word' id='word_1_85' title='bbox 635 1352 734 1422; x_wconf 87' lang='grc' dir='ltr'>τὴν</span> <span class='ocrx_word' id='word_1_86' title='bbox 762 1350 983 1421; x_wconf 86' lang='grc' dir='ltr'>λάχεσιν</span> <span class='ocrx_word' id='word_1_87' title='bbox 1015 1349 1152 1419; x_wconf 78' lang='grc'><strong>(16).</strong></span> <span class='ocrx_word' id='word_1_88' title='bbox 1178 1348 1326 1417; x_wconf 81' lang='grc' dir='ltr'>Α’ύτη</span> <span class='ocrx_word' id='word_1_89' title='bbox 1357 1347 1467 1427; x_wconf 83' lang='grc' dir='ltr'><strong><em>γάρ</em></strong></span> <span class='ocrx_word' id='word_1_90' title='bbox 1497 1346 1571 1417; x_wconf 83' lang='grc' dir='ltr'><strong><em>τῷ</em></strong></span> <span class='ocrx_word' id='word_1_91' title='bbox 1628 1346 1726 1416; x_wconf 78' lang='grc' dir='ltr'>μὲν</span> <span class='ocrx_word' id='word_1_92' title='bbox 1757 1346 1817 1398; x_wconf 78' lang='grc' dir='ltr'>οὐ</span> <span class='ocrx_word' id='word_1_93' title='bbox 1856 1363 1990 1400; x_wconf 86' lang='grc' dir='ltr'>παν-</span> 
     </span>
    </p>
   </div>
   <div class='ocr_carea' id='block_1_14' title="bbox 402 1435 1984 1513">
    <p class='ocr_par' dir='ltr' id='par_1_14' title="bbox 402 1435 1984 1513">
     <span class='ocr_line' id='line_1_14' title="bbox 402 1435 1984 1513; baseline -0.004 -16"><span class='ocrx_word' id='word_1_94' title='bbox 402 1441 574 1506; x_wconf 86' lang='grc' dir='ltr'>τελῶς</span> <span class='ocrx_word' id='word_1_95' title='bbox 598 1441 926 1513; x_wconf 81' lang='grc' dir='ltr'>ἀχορηγήτῳ</span> <span class='ocrx_word' id='word_1_96' title='bbox 952 1439 1050 1510; x_wconf 78' lang='grc' dir='ltr'>τῆς</span> <span class='ocrx_word' id='word_1_97' title='bbox 1090 1437 1282 1500; x_wconf 78' lang='grc' dir='ltr'>πενίας</span> <span class='ocrx_word' id='word_1_98' title='bbox 1314 1435 1604 1506; x_wconf 79' lang='grc' dir='ltr'>ὐπερϐἅσα</span> <span class='ocrx_word' id='word_1_99' title='bbox 1627 1436 1725 1504; x_wconf 84' lang='grc' dir='ltr'>τὴν</span> <span class='ocrx_word' id='word_1_100' title='bbox 1757 1435 1984 1501; x_wconf 75' lang='grc' dir='ltr'>ἔνδειαν,</span> 
     </span>
    </p>
   </div>
   <div class='ocr_carea' id='block_1_15' title="bbox 401 1530 1988 1607">
    <p class='ocr_par' dir='ltr' id='par_1_15' title="bbox 401 1530 1988 1607">
     <span class='ocr_line' id='line_1_15' title="bbox 401 1530 1988 1607; baseline -0.003 -16"><span class='ocrx_word' id='word_1_101' title='bbox 401 1536 485 1606; x_wconf 82' lang='grc' dir='ltr'><strong><em>τῷ</em></strong></span> <span class='ocrx_word' id='word_1_102' title='bbox 519 1535 575 1591; x_wconf 82' lang='grc' dir='ltr'>δὲ</span> <span class='ocrx_word' id='word_1_103' title='bbox 599 1535 1029 1607; x_wconf 77' lang='grc' dir='ltr'><strong><em>κεχορηγημένῳ</em></strong></span> <span class='ocrx_word' id='word_1_104' title='bbox 1048 1534 1379 1603; x_wconf 79' lang='grc' dir='ltr'><strong><em>συμμέτρως</em></strong></span> <span class='ocrx_word' id='word_1_105' title='bbox 1423 1531 1522 1601; x_wconf 80' lang='grc' dir='ltr'>τὴν</span> <span class='ocrx_word' id='word_1_106' title='bbox 1555 1530 1712 1601; x_wconf 75' lang='grc' dir='ltr'>ὕϐριν</span> <span class='ocrx_word' id='word_1_107' title='bbox 1737 1531 1988 1586; x_wconf 78' lang='grc' dir='ltr'>ὐποόᾶσα</span> 
     </span>
    </p>
   </div>
   <div class='ocr_carea' id='block_1_16' title="bbox 401 1621 1984 1694">
    <p class='ocr_par' dir='ltr' id='par_1_16' title="bbox 401 1621 1984 1694">
     <span class='ocr_line' id='line_1_16' title="bbox 401 1621 1984 1694; baseline 0 -17"><span class='ocrx_word' id='word_1_108' title='bbox 401 1624 500 1677; x_wconf 82' lang='grc' dir='ltr'><strong><em>τὸῦ</em></strong></span> <span class='ocrx_word' id='word_1_109' title='bbox 549 1624 801 1689; x_wconf 83' lang='grc' dir='ltr'>πλούτου,</span> <span class='ocrx_word' id='word_1_110' title='bbox 846 1624 946 1694; x_wconf 83' lang='grc' dir='ltr'>τὴν</span> <span class='ocrx_word' id='word_1_111' title='bbox 977 1623 1070 1678; x_wconf 79' lang='grc' dir='ltr'><strong><em>τοῦ</em></strong></span> <span class='ocrx_word' id='word_1_112' title='bbox 1095 1623 1246 1686; x_wconf 74' lang='grc' dir='ltr'>ὄντος</span> <span class='ocrx_word' id='word_1_113' title='bbox 1291 1621 1598 1692; x_wconf 80' lang='grc' dir='ltr'>ὲθηράσατο</span> <span class='ocrx_word' id='word_1_114' title='bbox 1628 1623 1941 1693; x_wconf 77' lang='grc' dir='ltr'><strong><em>ἐπιστήμην</em></strong></span> <span class='ocrx_word' id='word_1_115' title='bbox 1967 1639 1984 1656; x_wconf 85' lang='grc'>⁶</span> 
     </span>
    </p>
   </div>
   <div class='ocr_carea' id='block_1_17' title="bbox 404 1710 1987 1785">
    <p class='ocr_par' dir='ltr' id='par_1_17' title="bbox 404 1710 1987 1785">
     <span class='ocr_line' id='line_1_17' title="bbox 404 1710 1987 1785; baseline 0 -14"><span class='ocrx_word' id='word_1_116' title='bbox 404 1717 501 1771; x_wconf 79' lang='grc' dir='ltr'>καὶ</span> <span class='ocrx_word' id='word_1_117' title='bbox 549 1716 727 1780; x_wconf 76' lang='grc' dir='ltr'>ἄλλως</span> <span class='ocrx_word' id='word_1_118' title='bbox 763 1716 823 1770; x_wconf 82' lang='grc' dir='ltr'>δὲ</span> <span class='ocrx_word' id='word_1_119' title='bbox 878 1714 1251 1778; x_wconf 84' lang='grc' dir='ltr'>ἀτοπώτατον,</span> <span class='ocrx_word' id='word_1_120' title='bbox 1320 1715 1668 1785; x_wconf 74' lang='grc' dir='ltr'>ὑψηλοτάτην</span> <span class='ocrx_word' id='word_1_121' title='bbox 1710 1710 1878 1769; x_wconf 77' lang='grc' dir='ltr'>οὖσαν</span> <span class='ocrx_word' id='word_1_122' title='bbox 1928 1719 1987 1771; x_wconf 81' lang='grc' dir='ltr'>ὲν</span> 
     </span>
    </p>
   </div>
   <div class='ocr_carea' id='block_1_18' title="bbox 404 1804 1983 1878">
    <p class='ocr_par' dir='ltr' id='par_1_18' title="bbox 404 1804 1983 1878">
     <span class='ocr_line' id='line_1_18' title="bbox 404 1804 1983 1878; baseline -0.001 -18"><span class='ocrx_word' id='word_1_123' title='bbox 404 1809 631 1874; x_wconf 81' lang='grc' dir='ltr'>ἀρεταῖς</span> <span class='ocrx_word' id='word_1_124' title='bbox 657 1811 756 1878; x_wconf 74' lang='grc' dir='ltr'>τὴν</span> <span class='ocrx_word' id='word_1_125' title='bbox 776 1808 987 1874; x_wconf 80' lang='grc' dir='ltr'>σοφίαν,</span> <span class='ocrx_word' id='word_1_126' title='bbox 1011 1807 1116 1859; x_wconf 72' lang='grc' dir='ltr'><strong><em>ὑπὸ</em></strong></span> <span class='ocrx_word' id='word_1_127' title='bbox 1135 1804 1355 1858; x_wconf 84' lang='grc' dir='ltr'>οίασοῦν</span> <span class='ocrx_word' id='word_1_128' title='bbox 1384 1804 1491 1858; x_wconf 85' lang='grc' dir='ltr'><strong><em>τῶν</em></strong></span> <span class='ocrx_word' id='word_1_129' title='bbox 1508 1806 1717 1859; x_wconf 84' lang='grc' dir='ltr'>κακιῶν</span> <span class='ocrx_word' id='word_1_130' title='bbox 1736 1808 1983 1869; x_wconf 76' lang='grc' dir='ltr'>τουτωνὶ,</span> 
     </span>
    </p>
   </div>
   <div class='ocr_carea' id='block_1_19' title="bbox 2094 612 3676 693">
    <p class='ocr_par' dir='ltr' id='par_1_19' title="bbox 2094 612 3676 693">
     <span class='ocr_line' id='line_1_19' title="bbox 2094 612 3676 693; baseline 0.003 -27"><span class='ocrx_word' id='word_1_131' title='bbox 2094 614 2252 685; x_wconf 87' lang='grc' dir='ltr'>πενίη</span> <span class='ocrx_word' id='word_1_132' title='bbox 2286 613 2466 693; x_wconf 68' lang='grc' dir='ltr'>ξλαχε,</span> <span class='ocrx_word' id='word_1_133' title='bbox 2501 613 2762 684; x_wconf 78' lang='grc' dir='ltr'>φάμενος,</span> <span class='ocrx_word' id='word_1_134' title='bbox 2800 612 2974 684; x_wconf 83' lang='grc' dir='ltr'>ταύτῃ</span> <span class='ocrx_word' id='word_1_135' title='bbox 2999 613 3147 666; x_wconf 84' lang='grc' dir='ltr'><strong><em>δοκεί</em></strong></span> <span class='ocrx_word' id='word_1_136' title='bbox 3173 614 3577 685; x_wconf 71' lang='grc' dir='ltr'><strong><em>διαψεύδεσθαι.</em></strong></span> <span class='ocrx_word' id='word_1_137' title='bbox 3602 620 3676 672; x_wconf 70' lang='grc' dir='ltr'>Ἐἰ</span> 
     </span>
    </p>
   </div>
   <div class='ocr_carea' id='block_1_20' title="bbox 2090 701 3676 778">
    <p class='ocr_par' dir='ltr' id='par_1_20' title="bbox 2090 701 3676 778">
     <span class='ocr_line' id='line_1_20' title="bbox 2090 701 3676 778; baseline 0.003 -23"><span class='ocrx_word' id='word_1_138' title='bbox 2090 704 2148 756; x_wconf 87' lang='grc' dir='ltr'><em>δέ</em></span> <span class='ocrx_word' id='word_1_139' title='bbox 2176 721 2262 768; x_wconf 90' lang='grc' dir='ltr'><strong><em>τις</em></strong></span> <span class='ocrx_word' id='word_1_140' title='bbox 2285 707 2420 775; x_wconf 76' lang='grc' dir='ltr'>πρὸς</span> <span class='ocrx_word' id='word_1_141' title='bbox 2446 704 2543 767; x_wconf 70' lang='grc' dir='ltr'><strong><em>τὰς</em></strong></span> <span class='ocrx_word' id='word_1_142' title='bbox 2585 705 2680 758; x_wconf 75' lang='grc' dir='ltr'><strong><em>νῦν</em></strong></span> <span class='ocrx_word' id='word_1_143' title='bbox 2718 703 2934 774; x_wconf 80' lang='grc' dir='ltr'>ἡμέρας</span> <span class='ocrx_word' id='word_1_144' title='bbox 2969 703 3156 775; x_wconf 80' lang='grc' dir='ltr'>ἀπίδῃ,</span> <span class='ocrx_word' id='word_1_145' title='bbox 3195 701 3338 777; x_wconf 79' lang='grc' dir='ltr'><strong><em>κᾷτα</em></strong></span> <span class='ocrx_word' id='word_1_146' title='bbox 3387 707 3676 778; x_wconf 70' lang='grc' dir='ltr'>ἀντιστρέ-</span> 
     </span>
    </p>
   </div>
   <div class='ocr_carea' id='block_1_21' title="bbox 2089 796 3678 869">
    <p class='ocr_par' dir='ltr' id='par_1_21' title="bbox 2089 796 3678 869">
     <span class='ocr_line' id='line_1_21' title="bbox 2089 796 3678 869; baseline 0.003 -21"><span class='ocrx_word' id='word_1_147' title='bbox 2089 796 2198 866; x_wconf 71' lang='grc' dir='ltr'><strong><em>ψας</em></strong></span> <span class='ocrx_word' id='word_1_148' title='bbox 2220 800 2351 866; x_wconf 79' lang='grc' dir='ltr'>ἐρεῖ,</span> <span class='ocrx_word' id='word_1_149' title='bbox 2380 797 2549 868; x_wconf 83' lang='grc' dir='ltr'>Σοφίη</span> <span class='ocrx_word' id='word_1_150' title='bbox 2583 799 2774 866; x_wconf 81' lang='grc' dir='ltr'>πενίην</span> <span class='ocrx_word' id='word_1_151' title='bbox 2809 798 3025 868; x_wconf 76' lang='grc' dir='ltr'>ἔλαχεν,</span> <span class='ocrx_word' id='word_1_152' title='bbox 3059 798 3120 852; x_wconf 86' lang='grc' dir='ltr'><strong><em>ού</em></strong></span> <span class='ocrx_word' id='word_1_153' title='bbox 3152 800 3289 853; x_wconf 79' lang='grc' dir='ltr'>πολὺ</span> <span class='ocrx_word' id='word_1_154' title='bbox 3319 801 3470 869; x_wconf 80' lang='grc' dir='ltr'>παρᾶ</span> <span class='ocrx_word' id='word_1_155' title='bbox 3503 799 3678 869; x_wconf 81' lang='grc' dir='ltr'>θύρας</span> 
     </span>
    </p>
   </div>
   <div class='ocr_carea' id='block_1_22' title="bbox 2089 889 3677 964">
    <p class='ocr_par' dir='ltr' id='par_1_22' title="bbox 2089 889 3677 964">
     <span class='ocr_line' id='line_1_22' title="bbox 2089 889 3677 964; baseline 0.002 -22"><span class='ocrx_word' id='word_1_156' title='bbox 2089 892 2116 943; x_wconf 82' lang='grc' dir='ltr'>ὁ</span> <span class='ocrx_word' id='word_1_157' title='bbox 2141 890 2383 952; x_wconf 77' lang='grc' dir='ltr'>τοιοῦτος</span> <span class='ocrx_word' id='word_1_158' title='bbox 2410 889 2668 962; x_wconf 79' lang='grc' dir='ltr'>ἀπαντῴη</span> <span class='ocrx_word' id='word_1_159' title='bbox 2688 895 2752 963; x_wconf 83' lang='grc' dir='ltr'><strong><em>τῇ</em></strong></span> <span class='ocrx_word' id='word_1_160' title='bbox 2781 892 3033 964; x_wconf 73' lang='grc' dir='ltr'>ἀληθείᾳ.</span> <span class='ocrx_word' id='word_1_161' title='bbox 3066 891 3216 945; x_wconf 81' lang='grc' dir='ltr'>Ἔδει</span> <span class='ocrx_word' id='word_1_162' title='bbox 3252 892 3355 962; x_wconf 73' lang='grc' dir='ltr'>μὲν</span> <span class='ocrx_word' id='word_1_163' title='bbox 3387 891 3497 963; x_wconf 79' lang='grc' dir='ltr'>γὰρ</span> <span class='ocrx_word' id='word_1_164' title='bbox 3527 892 3561 962; x_wconf 84' lang='grc' dir='ltr'>ἢ</span> <span class='ocrx_word' id='word_1_165' title='bbox 3587 908 3677 961; x_wconf 67' lang='lat' dir='ltr'><strong><em>(pt-</em></strong></span> 
     </span>
    </p>
   </div>
   <div class='ocr_carea' id='block_1_23' title="bbox 2089 981 3678 1057">
    <p class='ocr_par' dir='ltr' id='par_1_23' title="bbox 2089 981 3678 1057">
     <span class='ocr_line' id='line_1_23' title="bbox 2089 981 3678 1057; baseline 0.004 -24"><span class='ocrx_word' id='word_1_166' title='bbox 2089 981 2337 1050; x_wconf 76' lang='grc' dir='ltr'>λοσοφεῖν</span> <span class='ocrx_word' id='word_1_167' title='bbox 2369 999 2431 1051; x_wconf 89' lang='grc' dir='ltr'><strong><em>γε</em></strong></span> <span class='ocrx_word' id='word_1_168' title='bbox 2464 986 2593 1047; x_wconf 84' lang='grc' dir='ltr'>τοὺς</span> <span class='ocrx_word' id='word_1_169' title='bbox 2642 986 2921 1057; x_wconf 80' lang='grc' dir='ltr'>βασιλέας,</span> <span class='ocrx_word' id='word_1_170' title='bbox 2953 986 2986 1057; x_wconf 80' lang='grc' dir='ltr'>ἢ</span> <span class='ocrx_word' id='word_1_171' title='bbox 3029 985 3340 1057; x_wconf 80' lang='grc' dir='ltr'>βασιλεύειν</span> <span class='ocrx_word' id='word_1_172' title='bbox 3366 987 3498 1049; x_wconf 72' lang='grc' dir='ltr'>τοὺς</span> <span class='ocrx_word' id='word_1_173' title='bbox 3528 985 3678 1056; x_wconf 83' lang='grc' dir='ltr'>φιλο-</span> 
     </span>
    </p>
   </div>
   <div class='ocr_carea' id='block_1_24' title="bbox 2092 1072 3677 1147">
    <p class='ocr_par' dir='ltr' id='par_1_24' title="bbox 2092 1072 3677 1147">
     <span class='ocr_line' id='line_1_24' title="bbox 2092 1072 3677 1147; baseline 0.005 -25"><span class='ocrx_word' id='word_1_174' title='bbox 2092 1072 2312 1139; x_wconf 80' lang='grc' dir='ltr'>σόφους,</span> <span class='ocrx_word' id='word_1_175' title='bbox 2361 1074 2648 1143; x_wconf 82' lang='grc' dir='ltr'>ἀμηχάνου</span> <span class='ocrx_word' id='word_1_176' title='bbox 2698 1076 2852 1140; x_wconf 78' lang='grc' dir='ltr'>ὄντος</span> <span class='ocrx_word' id='word_1_177' title='bbox 2907 1078 3063 1130; x_wconf 67' lang='grc' dir='ltr'>πόλιν</span> <span class='ocrx_word' id='word_1_178' title='bbox 3095 1078 3311 1147; x_wconf 76' lang='grc' dir='ltr'>ἀγαθὴν</span> <span class='ocrx_word' id='word_1_179' title='bbox 3352 1077 3526 1141; x_wconf 79' lang='grc' dir='ltr'>ἄλλως</span> <span class='ocrx_word' id='word_1_180' title='bbox 3583 1094 3677 1144; x_wconf 80' lang='grc' dir='ltr'>γε·</span> 
     </span>
    </p>
   </div>
   <div class='ocr_carea' id='block_1_25' title="bbox 2087 1162 3680 1239">
    <p class='ocr_par' dir='ltr' id='par_1_25' title="bbox 2087 1162 3680 1239">
     <span class='ocr_line' id='line_1_25' title="bbox 2087 1162 3680 1239; baseline 0.004 -24"><span class='ocrx_word' id='word_1_181' title='bbox 2087 1162 2299 1218; x_wconf 81' lang='grc' dir='ltr'>νέσῦαι·</span> <span class='ocrx_word' id='word_1_182' title='bbox 2328 1167 2425 1218; x_wconf 77' lang='grc' dir='ltr'>καὶ</span> <span class='ocrx_word' id='word_1_183' title='bbox 2457 1165 2647 1236; x_wconf 80' lang='grc' dir='ltr'>ὥσπερ</span> <span class='ocrx_word' id='word_1_184' title='bbox 2667 1169 2762 1221; x_wconf 65' lang='grc' dir='ltr'><strong><em>ἐπὶ</em></strong></span> <span class='ocrx_word' id='word_1_185' title='bbox 2781 1170 2877 1238; x_wconf 85' lang='grc' dir='ltr'>τῆς</span> <span class='ocrx_word' id='word_1_186' title='bbox 2908 1168 3256 1238; x_wconf 80' lang='grc' dir='ltr'>ἀνθρωπίνης</span> <span class='ocrx_word' id='word_1_187' title='bbox 3278 1167 3454 1239; x_wconf 83' lang='grc' dir='ltr'>ψυχῆς</span> <span class='ocrx_word' id='word_1_188' title='bbox 3483 1169 3583 1222; x_wconf 78' lang='grc' dir='ltr'>οὐκ</span> <span class='ocrx_word' id='word_1_189' title='bbox 3611 1168 3680 1222; x_wconf 79' lang='grc' dir='ltr'>ἂν</span> 
     </span>
    </p>
   </div>
   <div class='ocr_carea' id='block_1_26' title="bbox 2089 1256 3677 1329">
    <p class='ocr_par' dir='ltr' id='par_1_26' title="bbox 2089 1256 3677 1329">
     <span class='ocr_line' id='line_1_26' title="bbox 2089 1256 3677 1329; baseline 0 -19"><span class='ocrx_word' id='word_1_190' title='bbox 2089 1256 2265 1317; x_wconf 80' lang='grc' dir='ltr'>ἄλλως</span> <span class='ocrx_word' id='word_1_191' title='bbox 2288 1256 2481 1326; x_wconf 80' lang='grc' dir='ltr'>εἰρήνη</span> <span class='ocrx_word' id='word_1_192' title='bbox 2511 1257 2664 1311; x_wconf 76' lang='grc' dir='ltr'>ἔσται</span> <span class='ocrx_word' id='word_1_193' title='bbox 2692 1257 2907 1328; x_wconf 81' lang='grc' dir='ltr'>βαθεῖα,</span> <span class='ocrx_word' id='word_1_194' title='bbox 2941 1260 2991 1311; x_wconf 77' lang='grc' dir='ltr'><strong><em>ει</em></strong></span> <span class='ocrx_word' id='word_1_195' title='bbox 3024 1258 3099 1329; x_wconf 78' lang='grc' dir='ltr'>μὴ</span> <span class='ocrx_word' id='word_1_196' title='bbox 3145 1259 3206 1311; x_wconf 79' lang='grc' dir='ltr'>τὸ</span> <span class='ocrx_word' id='word_1_197' title='bbox 3236 1261 3335 1328; x_wconf 76' lang='grc' dir='ltr'>μὲν</span> <span class='ocrx_word' id='word_1_198' title='bbox 3364 1258 3677 1327; x_wconf 82' lang='grc' dir='ltr'>λογιστικὸν</span> 
     </span>
    </p>
   </div>
   <div class='ocr_carea' id='block_1_27' title="bbox 2090 1344 3679 1418">
    <p class='ocr_par' dir='ltr' id='par_1_27' title="bbox 2090 1344 3679 1418">
     <span class='ocr_line' id='line_1_27' title="bbox 2090 1344 3679 1418; baseline 0.003 -22"><span class='ocrx_word' id='word_1_199' title='bbox 2090 1344 2262 1415; x_wconf 77' lang='grc' dir='ltr'>αὐτῆς</span> <span class='ocrx_word' id='word_1_200' title='bbox 2296 1346 2595 1413; x_wconf 76' lang='grc' dir='ltr'>ἐπιτάττοι,</span> <span class='ocrx_word' id='word_1_201' title='bbox 2642 1347 2704 1400; x_wconf 83' lang='grc' dir='ltr'>τὸ</span> <span class='ocrx_word' id='word_1_202' title='bbox 2735 1348 3134 1418; x_wconf 69' lang='grc' dir='ltr'>ἐπιθυμητικὸν</span> <span class='ocrx_word' id='word_1_203' title='bbox 3158 1347 3215 1401; x_wconf 81' lang='grc' dir='ltr'>δὲ</span> <span class='ocrx_word' id='word_1_204' title='bbox 3245 1349 3554 1413; x_wconf 79' lang='grc' dir='ltr'>ὑπεικάθοι,</span> <span class='ocrx_word' id='word_1_205' title='bbox 3580 1347 3679 1401; x_wconf 72' lang='grc' dir='ltr'>καὶ</span> 
     </span>
    </p>
   </div>
   <div class='ocr_carea' id='block_1_28' title="bbox 2091 1433 3681 1512">
    <p class='ocr_par' dir='ltr' id='par_1_28' title="bbox 2091 1433 3681 1512">
     <span class='ocr_line' id='line_1_28' title="bbox 2091 1433 3681 1512; baseline 0.003 -22"><span class='ocrx_word' id='word_1_206' title='bbox 2091 1435 2323 1507; x_wconf 77' lang='grc' dir='ltr'>θυμικόν</span> <span class='ocrx_word' id='word_1_207' title='bbox 2348 1453 2364 1468; x_wconf 78' lang='grc' dir='ltr'><strong>ο</strong></span> <span class='ocrx_word' id='word_1_208' title='bbox 2399 1436 2543 1491; x_wconf 74' lang='grc' dir='ltr'>οὕτω</span> <span class='ocrx_word' id='word_1_209' title='bbox 2571 1439 2667 1492; x_wconf 74' lang='grc' dir='ltr'>καὶ</span> <span class='ocrx_word' id='word_1_210' title='bbox 2686 1439 2774 1508; x_wconf 78' lang='grc' dir='ltr'><strong><em>ιφ’</em></strong></span> <span class='ocrx_word' id='word_1_211' title='bbox 2799 1433 2869 1511; x_wconf 80' lang='grc' dir='ltr'><strong><em>ἧς</em></strong></span> <span class='ocrx_word' id='word_1_212' title='bbox 2895 1438 2970 1510; x_wconf 81' lang='grc' dir='ltr'>μὴ</span> <span class='ocrx_word' id='word_1_213' title='bbox 2997 1441 3059 1494; x_wconf 84' lang='grc' dir='ltr'>τὸ</span> <span class='ocrx_word' id='word_1_214' title='bbox 3079 1440 3366 1510; x_wconf 81' lang='grc' dir='ltr'>φιλόσοφον</span> <span class='ocrx_word' id='word_1_215' title='bbox 3394 1440 3681 1512; x_wconf 71' lang='grc' dir='ltr'>ἄρχοιῌὸ)</span> 
     </span>
    </p>
   </div>
   <div class='ocr_carea' id='block_1_29' title="bbox 2090 1527 3680 1600">
    <p class='ocr_par' dir='ltr' id='par_1_29' title="bbox 2090 1527 3680 1600">
     <span class='ocr_line' id='line_1_29' title="bbox 2090 1527 3680 1600; baseline 0.004 -20"><span class='ocrx_word' id='word_1_216' title='bbox 2090 1527 2322 1593; x_wconf 86' lang='grc' dir='ltr'>πόλεως,</span> <span class='ocrx_word' id='word_1_217' title='bbox 2372 1528 2451 1599; x_wconf 24' lang='grc' dir='ltr'>τὸ,</span> <span class='ocrx_word' id='word_1_218' title='bbox 2482 1529 2541 1583; x_wconf 71' lang='grc' dir='ltr'>δὲ</span> <span class='ocrx_word' id='word_1_219' title='bbox 2582 1533 3019 1600; x_wconf 84' lang='grc' dir='ltr'>χρηματιστικὸν</span> <span class='ocrx_word' id='word_1_220' title='bbox 3071 1531 3445 1599; x_wconf 84' lang='grc' dir='ltr'>ὲπιτάττεται,</span> <span class='ocrx_word' id='word_1_221' title='bbox 3476 1533 3577 1587; x_wconf 84' lang='grc' dir='ltr'>οὐκ</span> <span class='ocrx_word' id='word_1_222' title='bbox 3611 1532 3680 1587; x_wconf 81' lang='grc' dir='ltr'>ἄν</span> 
     </span>
    </p>
   </div>
   <div class='ocr_carea' id='block_1_30' title="bbox 2092 1618 3682 1691">
    <p class='ocr_par' dir='ltr' id='par_1_30' title="bbox 2092 1618 3682 1691">
     <span class='ocr_line' id='line_1_30' title="bbox 2092 1618 3682 1691; baseline 0.002 -20"><span class='ocrx_word' id='word_1_223' title='bbox 2092 1635 2223 1671; x_wconf 87' lang='grc' dir='ltr'>ποτε</span> <span class='ocrx_word' id='word_1_224' title='bbox 2251 1618 2493 1690; x_wconf 86' lang='grc' dir='ltr'>γαλήνης</span> <span class='ocrx_word' id='word_1_225' title='bbox 2521 1619 2750 1688; x_wconf 74' lang='grc' dir='ltr'>εὐνομία</span> <span class='ocrx_word' id='word_1_226' title='bbox 2770 1621 2975 1673; x_wconf 79' lang='grc' dir='ltr'>ὲσείται</span> <span class='ocrx_word' id='word_1_227' title='bbox 2996 1633 3014 1650; x_wconf 75' lang='grc'><strong>⁸</strong></span> <span class='ocrx_word' id='word_1_228' title='bbox 3045 1619 3140 1673; x_wconf 85' lang='grc' dir='ltr'>νῦν</span> <span class='ocrx_word' id='word_1_229' title='bbox 3164 1621 3221 1674; x_wconf 70' lang='grc' dir='ltr'>δὲ</span> <span class='ocrx_word' id='word_1_230' title='bbox 3253 1619 3481 1691; x_wconf 81' lang='grc' dir='ltr'>ἄλλωςῆ</span> <span class='ocrx_word' id='word_1_231' title='bbox 3514 1621 3682 1691; x_wconf 76' lang='grc' dir='ltr'>ἐχρῆν</span> 
     </span>
    </p>
   </div>
   <div class='ocr_carea' id='block_1_31' title="bbox 2090 1710 3680 1784">
    <p class='ocr_par' dir='ltr' id='par_1_31' title="bbox 2090 1710 3680 1784">
     <span class='ocr_line' id='line_1_31' title="bbox 2090 1710 3680 1784; baseline 0.001 -21"><span class='ocrx_word' id='word_1_232' title='bbox 2090 1710 2203 1781; x_wconf 72' lang='grc' dir='ltr'>ἔχει</span> <span class='ocrx_word' id='word_1_233' title='bbox 2230 1710 2292 1763; x_wconf 84' lang='grc' dir='ltr'>τὸ</span> <span class='ocrx_word' id='word_1_234' title='bbox 2330 1710 2562 1780; x_wconf 75' lang='grc' dir='ltr'>πρᾶγμα</span> <span class='ocrx_word' id='word_1_235' title='bbox 2604 1710 2741 1781; x_wconf 72' lang='lat' dir='ltr'><strong><em>(i9).</em></strong></span> <span class='ocrx_word' id='word_1_236' title='bbox 2773 1711 2882 1766; x_wconf 73' lang='grc' dir='ltr'><strong><em>Καὶ</em></strong></span> <span class='ocrx_word' id='word_1_237' title='bbox 2909 1711 2999 1765; x_wconf 87' lang='grc' dir='ltr'><strong><em>διὰ</em></strong></span> <span class='ocrx_word' id='word_1_238' title='bbox 3034 1711 3089 1766; x_wconf 87' lang='grc' dir='ltr'><strong><em>τί</em></strong></span> <span class='ocrx_word' id='word_1_239' title='bbox 3117 1714 3146 1765; x_wconf 81' lang='grc' dir='ltr'>ὁ</span> <span class='ocrx_word' id='word_1_240' title='bbox 3173 1712 3329 1781; x_wconf 85' lang='grc' dir='ltr'>λόγος</span> <span class='ocrx_word' id='word_1_241' title='bbox 3362 1713 3680 1784; x_wconf 76' lang='grc' dir='ltr'>ἠτίμωταις</span> 
     </span>
    </p>
   </div>
   <div class='ocr_carea' id='block_1_32' title="bbox 2092 1800 3687 1874">
    <p class='ocr_par' dir='ltr' id='par_1_32' title="bbox 2092 1800 3687 1874">
     <span class='ocr_line' id='line_1_32' title="bbox 2092 1800 3687 1874; baseline 0.002 -21"><span class='ocrx_word' id='word_1_242' title='bbox 2092 1800 2156 1853; x_wconf 87' lang='grc' dir='ltr'><strong>Εἰ</strong></span> <span class='ocrx_word' id='word_1_243' title='bbox 2193 1801 2255 1854; x_wconf 62' lang='lat' dir='ltr'><strong><em>bi</em></strong></span> <span class='ocrx_word' id='word_1_244' title='bbox 2283 1802 2365 1863; x_wconf 66' lang='grc' dir='ltr'>τις</span> <span class='ocrx_word' id='word_1_245' title='bbox 2416 1804 2511 1854; x_wconf 57' lang='grc' dir='ltr'><strong><em>καὶ⁵</em></strong></span> <span class='ocrx_word' id='word_1_246' title='bbox 2547 1801 2643 1856; x_wconf 82' lang='grc' dir='ltr'>νῦν</span> <span class='ocrx_word' id='word_1_247' title='bbox 2685 1802 3031 1873; x_wconf 80' lang='grc' dir='ltr'>Ἀδείμαντος</span> <span class='ocrx_word' id='word_1_248' title='bbox 3078 1804 3344 1874; x_wconf 85' lang='grc' dir='ltr'>ἀποροίη,</span> <span class='ocrx_word' id='word_1_249' title='bbox 3379 1806 3473 1857; x_wconf 78' lang='grc' dir='ltr'>καὶ</span> <span class='ocrx_word' id='word_1_250' title='bbox 3502 1804 3590 1859; x_wconf 81' lang='grc' dir='ltr'><strong><em>διὰ</em></strong></span> <span class='ocrx_word' id='word_1_251' title='bbox 3630 1805 3687 1858; x_wconf 85' lang='grc' dir='ltr'><strong><em>τί</em></strong></span> 
     </span>
    </p>
   </div>
   <div class='ocr_carea' id='block_1_33' title="bbox 405 1882 3684 1969">
    <p class='ocr_par' dir='ltr' id='par_1_33' title="bbox 405 1882 3684 1969">
     <span class='ocr_line' id='line_1_33' title="bbox 405 1882 3684 1969; baseline -0.002 -16"><span class='ocrx_word' id='word_1_252' title='bbox 405 1899 597 1963; x_wconf 83' lang='grc' dir='ltr'>πενίας</span> <span class='ocrx_word' id='word_1_253' title='bbox 629 1899 774 1968; x_wconf 76' lang='grc' dir='ltr'>Λέγω</span> <span class='ocrx_word' id='word_1_254' title='bbox 807 1900 900 1953; x_wconf 73' lang='grc' dir='ltr'>καὶ</span> <span class='ocrx_word' id='word_1_255' title='bbox 930 1898 1188 1963; x_wconf 69' lang='grc' dir='ltr'>πλούτου,</span> <span class='ocrx_word' id='word_1_256' title='bbox 1247 1899 1341 1952; x_wconf 71' lang='grc' dir='ltr'>καὶ</span> <span class='ocrx_word' id='word_1_257' title='bbox 1370 1901 1445 1968; x_wconf 76' lang='grc' dir='ltr'>μὴ</span> <span class='ocrx_word' id='word_1_258' title='bbox 1490 1898 1583 1950; x_wconf 78' lang='grc' dir='ltr'><strong><em>ὑπ’</em></strong></span> <span class='ocrx_word' id='word_1_259' title='bbox 1614 1897 1815 1969; x_wconf 82' lang='grc' dir='ltr'>ἀρετῆς</span> <span class='ocrx_word' id='word_1_260' title='bbox 1856 1916 1983 1969; x_wconf 82' lang='grc' dir='ltr'>κτη-</span> <span class='ocrx_word' id='word_1_261' title='bbox 2022 1882 2061 1935; x_wconf 81' lang='grc' dir='ltr'><strong>Β</strong></span> <span class='ocrx_word' id='word_1_262' title='bbox 2089 1890 2221 1961; x_wconf 73' lang='grc' dir='ltr'>γοῦν</span> <span class='ocrx_word' id='word_1_263' title='bbox 2252 1898 2312 1948; x_wconf 79' lang='grc' dir='ltr'>ὲν</span> <span class='ocrx_word' id='word_1_264' title='bbox 2346 1896 2463 1955; x_wconf 75' lang='grc' dir='ltr'>ταῖς</span> <span class='ocrx_word' id='word_1_265' title='bbox 2499 1895 2718 1947; x_wconf 81' lang='grc' dir='ltr'>πόλεσιν</span> <span class='ocrx_word' id='word_1_266' title='bbox 2748 1897 2795 1948; x_wconf 77' lang='grc' dir='ltr'>οἱ</span> <span class='ocrx_word' id='word_1_267' title='bbox 2824 1897 3101 1965; x_wconf 79' lang='grc' dir='ltr'>φιλόσοφοι</span> <span class='ocrx_word' id='word_1_268' title='bbox 3135 1896 3196 1949; x_wconf 82' lang='grc' dir='ltr'>οὐ</span> <span class='ocrx_word' id='word_1_269' title='bbox 3217 1895 3509 1966; x_wconf 79' lang='grc' dir='ltr'>τιμῶνται,</span> <span class='ocrx_word' id='word_1_270' title='bbox 3537 1895 3684 1948; x_wconf 66' lang='grc' dir='ltr'>ἕτοι-</span> 
     </span>
    </p>
   </div>
   <div class='ocr_carea' id='block_1_34' title="bbox 402 1989 1983 2062">
    <p class='ocr_par' dir='ltr' id='par_1_34' title="bbox 402 1989 1983 2062">
     <span class='ocr_line' id='line_1_34' title="bbox 402 1989 1983 2062; baseline -0.001 -17"><span class='ocrx_word' id='word_1_271' title='bbox 402 1992 565 2062; x_wconf 79' lang='grc' dir='ltr'>θῆναι</span> <span class='ocrx_word' id='word_1_272' title='bbox 591 1993 689 2062; x_wconf 80' lang='grc' dir='ltr'>τῆς</span> <span class='ocrx_word' id='word_1_273' title='bbox 739 1990 1089 2061; x_wconf 80' lang='grc' dir='ltr'>αὐταρκείας.</span> <span class='ocrx_word' id='word_1_274' title='bbox 1121 1990 1240 2043; x_wconf 88' lang='grc' dir='ltr'>Ὅτι</span> <span class='ocrx_word' id='word_1_275' title='bbox 1269 1989 1325 2043; x_wconf 82' lang='grc' dir='ltr'>δὲ</span> <span class='ocrx_word' id='word_1_276' title='bbox 1355 1990 1451 2043; x_wconf 83' lang='grc' dir='ltr'><strong><em>τοῦ</em></strong></span> <span class='ocrx_word' id='word_1_277' title='bbox 1493 1989 1661 2057; x_wconf 82' lang='grc' dir='ltr'>μέσου</span> <span class='ocrx_word' id='word_1_278' title='bbox 1689 1990 1747 2041; x_wconf 74' lang='grc' dir='ltr'>τὸ</span> <span class='ocrx_word' id='word_1_279' title='bbox 1776 1989 1983 2060; x_wconf 83' lang='grc' dir='ltr'>κτῆμα,</span> 
     </span>
    </p>
   </div>
   <div class='ocr_carea' id='block_1_35' title="bbox 402 2079 1989 2153">
    <p class='ocr_par' dir='ltr' id='par_1_35' title="bbox 402 2079 1989 2153">
     <span class='ocr_line' id='line_1_35' title="bbox 402 2079 1989 2153; baseline -0.002 -17"><span class='ocrx_word' id='word_1_280' title='bbox 402 2086 516 2136; x_wconf 79' lang='grc' dir='ltr'><strong><em>κάκ</em></strong></span> <span class='ocrx_word' id='word_1_281' title='bbox 540 2083 647 2137; x_wconf 82' lang='grc' dir='ltr'><strong><em>τῶν</em></strong></span> <span class='ocrx_word' id='word_1_282' title='bbox 680 2081 952 2153; x_wconf 79' lang='grc' dir='ltr'>ἱστοριῶν,</span> <span class='ocrx_word' id='word_1_283' title='bbox 983 2082 1032 2132; x_wconf 87' lang='grc' dir='ltr'><strong><em>εί</em></strong></span> <span class='ocrx_word' id='word_1_284' title='bbox 1067 2079 1269 2151; x_wconf 85' lang='grc' dir='ltr'>βούλει,</span> <span class='ocrx_word' id='word_1_285' title='bbox 1324 2080 1619 2149; x_wconf 85' lang='grc' dir='ltr'>σκοπῶμεν</span> <span class='ocrx_word' id='word_1_286' title='bbox 1647 2079 1989 2150; x_wconf 78' lang='grc' dir='ltr'>ἀναλεξάμε-</span> 
     </span>
    </p>
   </div>
   <div class='ocr_carea' id='block_1_36' title="bbox 402 2171 1987 2245">
    <p class='ocr_par' dir='ltr' id='par_1_36' title="bbox 402 2171 1987 2245">
     <span class='ocr_line' id='line_1_36' title="bbox 402 2171 1987 2245; baseline -0.003 -16"><span class='ocrx_word' id='word_1_287' title='bbox 402 2193 507 2229; x_wconf 89' lang='grc' dir='ltr'>νοι.</span> <span class='ocrx_word' id='word_1_288' title='bbox 548 2174 795 2245; x_wconf 64' lang='grc' dir='ltr'>Φοίνικες</span> <span class='ocrx_word' id='word_1_289' title='bbox 855 2175 952 2244; x_wconf 81' lang='grc' dir='ltr'>μὲν</span> <span class='ocrx_word' id='word_1_290' title='bbox 996 2174 1124 2243; x_wconf 88' lang='grc' dir='ltr'>γὰρ,</span> <span class='ocrx_word' id='word_1_291' title='bbox 1157 2171 1554 2243; x_wconf 81' lang='grc' dir='ltr'>φιλοχρήματοι</span> <span class='ocrx_word' id='word_1_292' title='bbox 1593 2188 1652 2224; x_wconf 92' lang='grc' dir='ltr'><strong><em>τε</em></strong></span> <span class='ocrx_word' id='word_1_293' title='bbox 1701 2171 1852 2235; x_wconf 77' lang='grc' dir='ltr'>ὄντες</span> <span class='ocrx_word' id='word_1_294' title='bbox 1894 2173 1987 2226; x_wconf 79' lang='grc' dir='ltr'>καὶ</span> 
     </span>
    </p>
   </div>
   <div class='ocr_carea' id='block_1_37' title="bbox 403 2263 1987 2338">
    <p class='ocr_par' dir='ltr' id='par_1_37' title="bbox 403 2263 1987 2338">
     <span class='ocr_line' id='line_1_37' title="bbox 403 2263 1987 2338; baseline -0.004 -16"><span class='ocrx_word' id='word_1_295' title='bbox 403 2267 839 2338; x_wconf 86' lang='grc' dir='ltr'>πολυχρήματοι,</span> <span class='ocrx_word' id='word_1_296' title='bbox 885 2266 947 2318; x_wconf 80' lang='grc' dir='ltr'>τὸ</span> <span class='ocrx_word' id='word_1_297' title='bbox 980 2266 1128 2335; x_wconf 79' lang='grc' dir='ltr'>μέγα</span> <span class='ocrx_word' id='word_1_298' title='bbox 1156 2265 1253 2334; x_wconf 80' lang='grc' dir='ltr'>τῆς</span> <span class='ocrx_word' id='word_1_299' title='bbox 1285 2264 1476 2333; x_wconf 79' lang='grc' dir='ltr'>σοφίας</span> <span class='ocrx_word' id='word_1_300' title='bbox 1503 2264 1604 2317; x_wconf 83' lang='grc' dir='ltr'><strong><em>οὑκ</em></strong></span> <span class='ocrx_word' id='word_1_301' title='bbox 1632 2263 1829 2334; x_wconf 78' lang='grc' dir='ltr'>ἔλαχον</span> <span class='ocrx_word' id='word_1_302' title='bbox 1851 2264 1987 2333; x_wconf 80' lang='grc' dir='ltr'>χρῆ-</span> 
     </span>
    </p>
   </div>
   <div class='ocr_carea' id='block_1_38' title="bbox 405 2355 1987 2429">
    <p class='ocr_par' dir='ltr' id='par_1_38' title="bbox 405 2355 1987 2429">
     <span class='ocr_line' id='line_1_38' title="bbox 405 2355 1987 2429; baseline -0.002 -15"><span class='ocrx_word' id='word_1_303' title='bbox 405 2378 521 2429; x_wconf 86' lang='grc' dir='ltr'>μα·</span> <span class='ocrx_word' id='word_1_304' title='bbox 559 2358 763 2413; x_wconf 85' lang='grc' dir='ltr'>Σκύθαι</span> <span class='ocrx_word' id='word_1_305' title='bbox 804 2359 880 2421; x_wconf 81' lang='grc' dir='ltr'>δὲ,</span> <span class='ocrx_word' id='word_1_306' title='bbox 927 2358 1033 2411; x_wconf 83' lang='grc' dir='ltr'><strong><em>τῶν</em></strong></span> <span class='ocrx_word' id='word_1_307' title='bbox 1065 2357 1238 2410; x_wconf 82' lang='grc' dir='ltr'>ἄλλων</span> <span class='ocrx_word' id='word_1_308' title='bbox 1273 2355 1442 2410; x_wconf 73' lang='grc' dir='ltr'>ἐθνῶν</span> <span class='ocrx_word' id='word_1_309' title='bbox 1496 2355 1838 2421; x_wconf 81' lang='grc' dir='ltr'>πενέστατοι,</span> <span class='ocrx_word' id='word_1_310' title='bbox 1890 2356 1987 2411; x_wconf 78' lang='grc' dir='ltr'>καὶ</span> 
     </span>
    </p>
   </div>
   <div class='ocr_carea' id='block_1_39' title="bbox 402 2442 1984 2519">
    <p class='ocr_par' dir='ltr' id='par_1_39' title="bbox 402 2442 1984 2519">
     <span class='ocr_line' id='line_1_39' title="bbox 402 2442 1984 2519; baseline -0.004 -15"><span class='ocrx_word' id='word_1_311' title='bbox 402 2448 560 2519; x_wconf 81' lang='grc' dir='ltr'>γένος</span> <span class='ocrx_word' id='word_1_312' title='bbox 589 2449 883 2519; x_wconf 78' lang='grc' dir='ltr'>νομαδικὸν</span> <span class='ocrx_word' id='word_1_313' title='bbox 911 2491 925 2515; x_wconf 87' lang='grc'><strong><em>,</em></strong></span> <span class='ocrx_word' id='word_1_314' title='bbox 960 2451 1053 2502; x_wconf 77' lang='grc' dir='ltr'>καὶ</span> <span class='ocrx_word' id='word_1_315' title='bbox 1081 2442 1226 2501; x_wconf 67' lang='grc' dir='ltr'>οῖτοι</span> <span class='ocrx_word' id='word_1_316' title='bbox 1253 2447 1401 2516; x_wconf 84' lang='grc' dir='ltr'>ὅμως</span> <span class='ocrx_word' id='word_1_317' title='bbox 1425 2445 1658 2517; x_wconf 80' lang='grc' dir='ltr'>ἀμαθεῖς</span> <span class='ocrx_word' id='word_1_318' title='bbox 1690 2448 1784 2500; x_wconf 67' lang='grc' dir='ltr'>καὶ</span> <span class='ocrx_word' id='word_1_319' title='bbox 1818 2447 1984 2500; x_wconf 84' lang='grc' dir='ltr'>ἀπαί-</span> 
     </span>
    </p>
   </div>
   <div class='ocr_carea' id='block_1_40' title="bbox 399 2536 1987 2609">
    <p class='ocr_par' dir='ltr' id='par_1_40' title="bbox 399 2536 1987 2609">
     <span class='ocr_line' id='line_1_40' title="bbox 399 2536 1987 2609; baseline -0.003 -16"><span class='ocrx_word' id='word_1_320' title='bbox 399 2542 603 2594; x_wconf 81' lang='grc' dir='ltr'>δευτοι.</span> <span class='ocrx_word' id='word_1_321' title='bbox 629 2539 697 2593; x_wconf 77' lang='grc' dir='ltr'><strong><em>Οἵ</em></strong></span> <span class='ocrx_word' id='word_1_322' title='bbox 728 2556 791 2608; x_wconf 91' lang='grc' dir='ltr'><strong><em>γε</em></strong></span> <span class='ocrx_word' id='word_1_323' title='bbox 848 2540 953 2609; x_wconf 79' lang='grc' dir='ltr'>μὴν</span> <span class='ocrx_word' id='word_1_324' title='bbox 982 2538 1265 2609; x_wconf 82' lang='grc' dir='ltr'>Ἕλληνες,</span> <span class='ocrx_word' id='word_1_325' title='bbox 1302 2536 1402 2591; x_wconf 78' lang='grc' dir='ltr'>οὐκ</span> <span class='ocrx_word' id='word_1_326' title='bbox 1450 2537 1820 2606; x_wconf 86' lang='grc' dir='ltr'>ἀσυμμέτρως</span> <span class='ocrx_word' id='word_1_327' title='bbox 1849 2536 1987 2606; x_wconf 84' lang='grc' dir='ltr'>πρὸς</span> 
     </span>
    </p>
   </div>
   <div class='ocr_carea' id='block_1_41' title="bbox 401 2630 1986 2704">
    <p class='ocr_par' dir='ltr' id='par_1_41' title="bbox 401 2630 1986 2704">
     <span class='ocr_line' id='line_1_41' title="bbox 401 2630 1986 2704; baseline -0.003 -17"><span class='ocrx_word' id='word_1_328' title='bbox 401 2632 636 2688; x_wconf 83' lang='grc' dir='ltr'>πλοῦτον</span> <span class='ocrx_word' id='word_1_329' title='bbox 660 2633 874 2704; x_wconf 74' lang='grc' dir='ltr'>ἔχοντες</span> <span class='ocrx_word' id='word_1_330' title='bbox 905 2635 1001 2687; x_wconf 78' lang='grc' dir='ltr'>καὶ</span> <span class='ocrx_word' id='word_1_331' title='bbox 1031 2634 1242 2696; x_wconf 83' lang='grc' dir='ltr'>πενίαν,</span> <span class='ocrx_word' id='word_1_332' title='bbox 1294 2630 1613 2699; x_wconf 82' lang='grc' dir='ltr'>φιλομαθεῖς</span> <span class='ocrx_word' id='word_1_333' title='bbox 1635 2631 1730 2684; x_wconf 75' lang='grc' dir='ltr'>καὶ</span> <span class='ocrx_word' id='word_1_334' title='bbox 1769 2630 1986 2699; x_wconf 85' lang='grc' dir='ltr'>φιλόσο-</span> 
     </span>
    </p>
   </div>
   <div class='ocr_carea' id='block_1_42' title="bbox 400 2721 1993 2796">
    <p class='ocr_par' dir='ltr' id='par_1_42' title="bbox 400 2721 1993 2796">
     <span class='ocr_line' id='line_1_42' title="bbox 400 2721 1993 2796; baseline -0.002 -18"><span class='ocrx_word' id='word_1_335' title='bbox 400 2741 524 2794; x_wconf 64' lang='grc' dir='ltr'>φον</span> <span class='ocrx_word' id='word_1_336' title='bbox 560 2725 636 2788; x_wconf 88' lang='grc' dir='ltr'>ὡς</span> <span class='ocrx_word' id='word_1_337' title='bbox 664 2724 959 2795; x_wconf 84' lang='grc' dir='ltr'>τριμεροῦς</span> <span class='ocrx_word' id='word_1_338' title='bbox 994 2724 1159 2796; x_wconf 73' lang='grc' dir='ltr'>οὔσης</span> <span class='ocrx_word' id='word_1_339' title='bbox 1193 2723 1466 2794; x_wconf 74' lang='grc' dir='ltr'>ἡμετέρας</span> <span class='ocrx_word' id='word_1_340' title='bbox 1489 2723 1666 2793; x_wconf 68' lang='grc' dir='ltr'>ψυχῆς</span> <span class='ocrx_word' id='word_1_341' title='bbox 1694 2722 1771 2792; x_wconf 80' lang='grc' dir='ltr'><strong><em>τῷ</em></strong></span> <span class='ocrx_word' id='word_1_342' title='bbox 1805 2721 1993 2775; x_wconf 75' lang='grc' dir='ltr'>ἐπιθυ-</span> 
     </span>
    </p>
   </div>
   <div class='ocr_carea' id='block_1_43' title="bbox 404 2813 1990 2889">
    <p class='ocr_par' dir='ltr' id='par_1_43' title="bbox 404 2813 1990 2889">
     <span class='ocr_line' id='line_1_43' title="bbox 404 2813 1990 2889; baseline -0.004 -18"><span class='ocrx_word' id='word_1_343' title='bbox 404 2815 625 2889; x_wconf 81' lang='grc' dir='ltr'>μητικῷ</span> <span class='ocrx_word' id='word_1_344' title='bbox 659 2816 759 2888; x_wconf 82' lang='grc' dir='ltr'>μὲν</span> <span class='ocrx_word' id='word_1_345' title='bbox 787 2817 954 2887; x_wconf 84' lang='grc' dir='ltr'>αύτῆς</span> <span class='ocrx_word' id='word_1_346' title='bbox 987 2817 1223 2870; x_wconf 78' lang='grc' dir='ltr'>ἐοικέναι</span> <span class='ocrx_word' id='word_1_347' title='bbox 1256 2815 1383 2878; x_wconf 71' lang='grc' dir='ltr'>τοὺς</span> <span class='ocrx_word' id='word_1_348' title='bbox 1406 2816 1686 2875; x_wconf 74' lang='grc' dir='ltr'>Φοίνικας,</span> <span class='ocrx_word' id='word_1_349' title='bbox 1735 2816 1829 2866; x_wconf 71' lang='grc' dir='ltr'><strong><em>καὶ</em></strong></span> <span class='ocrx_word' id='word_1_350' title='bbox 1861 2813 1990 2876; x_wconf 78' lang='grc' dir='ltr'>τοὺς</span> 
     </span>
    </p>
   </div>
   <div class='ocr_carea' id='block_1_44' title="bbox 401 2905 1991 2981">
    <p class='ocr_par' dir='ltr' id='par_1_44' title="bbox 401 2905 1991 2981">
     <span class='ocr_line' id='line_1_44' title="bbox 401 2905 1991 2981; baseline -0.004 -18"><span class='ocrx_word' id='word_1_351' title='bbox 401 2910 618 2974; x_wconf 80' lang='grc' dir='ltr'>Σκύθας</span> <span class='ocrx_word' id='word_1_352' title='bbox 643 2909 721 2980; x_wconf 89' lang='grc' dir='ltr'>τῷ</span> <span class='ocrx_word' id='word_1_353' title='bbox 740 2909 978 2980; x_wconf 87' lang='grc' dir='ltr'>θυμικῷ,</span> <span class='ocrx_word' id='word_1_354' title='bbox 1020 2910 1245 2981; x_wconf 81' lang='grc' dir='ltr'>μέρεσιν</span> <span class='ocrx_word' id='word_1_355' title='bbox 1261 2910 1477 2976; x_wconf 82' lang='grc' dir='ltr'>ἀλόγοις</span> <span class='ocrx_word' id='word_1_356' title='bbox 1503 2906 1631 2978; x_wconf 76' lang='grc' dir='ltr'>ἔθνη</span> <span class='ocrx_word' id='word_1_357' title='bbox 1661 2906 1830 2974; x_wconf 83' lang='grc' dir='ltr'>ἄλογα</span> <span class='ocrx_word' id='word_1_358' title='bbox 1852 2905 1991 2977; x_wconf 82' lang='grc'>(17),</span> 
     </span>
    </p>
   </div>
   <div class='ocr_carea' id='block_1_45' title="bbox 2098 1983 3681 2057">
    <p class='ocr_par' dir='ltr' id='par_1_45' title="bbox 2098 1983 3681 2057">
     <span class='ocr_line' id='line_1_45' title="bbox 2098 1983 3681 2057; baseline 0.003 -21"><span class='ocrx_word' id='word_1_359' title='bbox 2098 1999 2196 2053; x_wconf 83' lang='grc' dir='ltr'><strong><em>μσς</em></strong></span> <span class='ocrx_word' id='word_1_360' title='bbox 2218 1984 2287 2037; x_wconf 85' lang='grc' dir='ltr'>ἂν</span> <span class='ocrx_word' id='word_1_361' title='bbox 2310 1983 2394 2055; x_wconf 82' lang='grc' dir='ltr'>εἴη</span> <span class='ocrx_word' id='word_1_362' title='bbox 2421 1985 2716 2055; x_wconf 77' lang='grc' dir='ltr'>Σωκράτης</span> <span class='ocrx_word' id='word_1_363' title='bbox 2737 1986 3138 2054; x_wconf 74' lang='grc' dir='ltr'>ἀνθυπενέγκαι</span> <span class='ocrx_word' id='word_1_364' title='bbox 3160 1989 3260 2057; x_wconf 81' lang='grc' dir='ltr'>τὴν</span> <span class='ocrx_word' id='word_1_365' title='bbox 3286 1987 3462 2053; x_wconf 87' lang='grc' dir='ltr'>λύσιν,</span> <span class='ocrx_word' id='word_1_366' title='bbox 3487 1988 3681 2053; x_wconf 82' lang='grc' dir='ltr'>Τοῦτο,</span> 
     </span>
    </p>
   </div>
   <div class='ocr_carea' id='block_1_46' title="bbox 2092 2074 3679 2151">
    <p class='ocr_par' dir='ltr' id='par_1_46' title="bbox 2092 2074 3679 2151">
     <span class='ocr_line' id='line_1_46' title="bbox 2092 2074 3679 2151; baseline 0.005 -23"><span class='ocrx_word' id='word_1_367' title='bbox 2092 2074 2285 2144; x_wconf 82' lang='grc' dir='ltr'>λέγων,</span> <span class='ocrx_word' id='word_1_368' title='bbox 2324 2077 2636 2148; x_wconf 79' lang='grc' dir='ltr'>θαυμαστὸν</span> <span class='ocrx_word' id='word_1_369' title='bbox 2664 2074 2763 2149; x_wconf 78' lang='grc' dir='ltr'><strong><em>ἦν,</em></strong></span> <span class='ocrx_word' id='word_1_370' title='bbox 2796 2081 2845 2132; x_wconf 85' lang='grc' dir='ltr'><strong><em>εί</em></strong></span> <span class='ocrx_word' id='word_1_371' title='bbox 2874 2080 3139 2150; x_wconf 74' lang='grc' dir='ltr'>ἐτιμῶντο</span> <span class='ocrx_word' id='word_1_372' title='bbox 3172 2080 3679 2151; x_wconf 44' lang='grc' dir='ltr'>παραλμεθυουσῶν</span> 
     </span>
    </p>
   </div>
   <div class='ocr_carea' id='block_1_47' title="bbox 2093 2167 3678 2242">
    <p class='ocr_par' dir='ltr' id='par_1_47' title="bbox 2093 2167 3678 2242">
     <span class='ocr_line' id='line_1_47' title="bbox 2093 2167 3678 2242; baseline 0.004 -21"><span class='ocrx_word' id='word_1_373' title='bbox 2093 2167 2235 2222; x_wconf 77' lang='grc' dir='ltr'>οὓτω</span> <span class='ocrx_word' id='word_1_374' title='bbox 2264 2169 2471 2223; x_wconf 88' lang='grc' dir='ltr'>πόλεων</span> <span class='ocrx_word' id='word_1_375' title='bbox 2497 2184 2513 2200; x_wconf 86' lang='lat'><strong>&#39;</strong></span> <span class='ocrx_word' id='word_1_376' title='bbox 2545 2170 2640 2236; x_wconf 82' lang='grc' dir='ltr'>ὡς,</span> <span class='ocrx_word' id='word_1_377' title='bbox 2666 2172 2760 2226; x_wconf 65' lang='lat' dir='ltr'><strong><em>saw</em></strong></span> <span class='ocrx_word' id='word_1_378' title='bbox 2787 2169 3004 2242; x_wconf 75' lang='grc' dir='ltr'>ἔνηφον,</span> <span class='ocrx_word' id='word_1_379' title='bbox 3035 2171 3132 2236; x_wconf 86' lang='grc' dir='ltr'>ὼς,</span> <span class='ocrx_word' id='word_1_380' title='bbox 3161 2173 3256 2226; x_wconf 72' lang='grc' dir='ltr'><strong><em>ἐὰν</em></strong></span> <span class='ocrx_word' id='word_1_381' title='bbox 3289 2173 3441 2240; x_wconf 68' lang='grc' dir='ltr'>σφῶν</span> <span class='ocrx_word' id='word_1_382' title='bbox 3464 2174 3678 2228; x_wconf 67' lang='grc' dir='ltr'>ἑαυτῶν</span> 
     </span>
    </p>
   </div>
   <div class='ocr_carea' id='block_1_48' title="bbox 2093 2254 3682 2333">
    <p class='ocr_par' dir='ltr' id='par_1_48' title="bbox 2093 2254 3682 2333">
     <span class='ocr_line' id='line_1_48' title="bbox 2093 2254 3682 2333; baseline 0.005 -23"><span class='ocrx_word' id='word_1_383' title='bbox 2093 2254 2234 2330; x_wconf 66' lang='grc' dir='ltr'><strong><em>⁴ἦσαν</em></strong></span> <span class='ocrx_word' id='word_1_384' title='bbox 2285 2260 2341 2312; x_wconf 79' lang='grc' dir='ltr'>αἱ</span> <span class='ocrx_word' id='word_1_385' title='bbox 2399 2259 2613 2324; x_wconf 75' lang='grc' dir='ltr'>πόλεις,</span> <span class='ocrx_word' id='word_1_386' title='bbox 2649 2262 2804 2325; x_wconf 88' lang='grc' dir='ltr'>τίνας</span> <span class='ocrx_word' id='word_1_387' title='bbox 2832 2261 2898 2314; x_wconf 84' lang='grc' dir='ltr'>ἂν</span> <span class='ocrx_word' id='word_1_388' title='bbox 2936 2261 3131 2326; x_wconf 71' lang='grc' dir='ltr'>ἄλλους</span> <span class='ocrx_word' id='word_1_389' title='bbox 3158 2263 3541 2333; x_wconf 85' lang='grc' dir='ltr'>ύπερετίθεντο</span> <span class='ocrx_word' id='word_1_390' title='bbox 3569 2266 3682 2318; x_wconf 67' lang='grc' dir='ltr'>τ’ἷιν</span> 
     </span>
    </p>
   </div>
   <div class='ocr_carea' id='block_1_49' title="bbox 2095 2351 3682 2435">
    <p class='ocr_par' dir='ltr' id='par_1_49' title="bbox 2095 2351 3682 2435">
     <span class='ocr_line' id='line_1_49' title="bbox 2095 2351 3682 2435; baseline 0.004 -33"><span class='ocrx_word' id='word_1_391' title='bbox 2095 2351 2566 2420; x_wconf 77' lang='grc' dir='ltr'>φιλοσοφούντωνς</span> <span class='ocrx_word' id='word_1_392' title='bbox 2613 2353 2770 2421; x_wconf 69' lang='grc' dir='ltr'>Ἐμοὶ</span> <span class='ocrx_word' id='word_1_393' title='bbox 2800 2353 2857 2406; x_wconf 82' lang='grc' dir='ltr'>δὲ</span> <span class='ocrx_word' id='word_1_394' title='bbox 2889 2353 3099 2418; x_wconf 84' lang='grc' dir='ltr'>δοκοῦν,</span> <span class='ocrx_word' id='word_1_395' title='bbox 3126 2356 3160 2426; x_wconf 81' lang='grc' dir='ltr'>ἡ</span> <span class='ocrx_word' id='word_1_396' title='bbox 3210 2355 3370 2408; x_wconf 87' lang='grc' dir='ltr'>πενία</span> <span class='ocrx_word' id='word_1_397' title='bbox 3404 2355 3464 2406; x_wconf 81' lang='grc' dir='ltr'><strong><em>ού</em></strong></span> <span class='ocrx_word' id='word_1_398' title='bbox 3504 2355 3682 2435; x_wconf 67' lang='grc' dir='ltr'>μόνον</span> 
     </span>
    </p>
   </div>
   <div class='ocr_carea' id='block_1_50' title="bbox 2093 2442 3681 2518">
    <p class='ocr_par' dir='ltr' id='par_1_50' title="bbox 2093 2442 3681 2518">
     <span class='ocr_line' id='line_1_50' title="bbox 2093 2442 3681 2518; baseline 0.003 -23"><span class='ocrx_word' id='word_1_399' title='bbox 2093 2442 2160 2495; x_wconf 82' lang='grc' dir='ltr'>ἂν</span> <span class='ocrx_word' id='word_1_400' title='bbox 2193 2442 2251 2495; x_wconf 91' lang='grc' dir='ltr'><strong><em>ού</em></strong></span> <span class='ocrx_word' id='word_1_401' title='bbox 2280 2442 2430 2513; x_wconf 84' lang='grc' dir='ltr'>λάχοι</span> <span class='ocrx_word' id='word_1_402' title='bbox 2456 2443 2671 2512; x_wconf 87' lang='grc' dir='ltr'>σοφίαν,</span> <span class='ocrx_word' id='word_1_403' title='bbox 2714 2443 2849 2498; x_wconf 84' lang='grc' dir='ltr'><strong><em>ἀλλά</em></strong></span> <span class='ocrx_word' id='word_1_404' title='bbox 2899 2446 2994 2499; x_wconf 70' lang='grc' dir='ltr'>καὶ</span> <span class='ocrx_word' id='word_1_405' title='bbox 3024 2446 3213 2500; x_wconf 85' lang='grc' dir='ltr'>κακῶν</span> <span class='ocrx_word' id='word_1_406' title='bbox 3240 2447 3495 2518; x_wconf 77' lang='grc' dir='ltr'>ἀρρήτων</span> <span class='ocrx_word' id='word_1_407' title='bbox 3525 2445 3681 2500; x_wconf 71' lang='grc' dir='ltr'>ἔσται</span> 
     </span>
    </p>
   </div>
   <div class='ocr_carea' id='block_1_51' title="bbox 2093 2537 3682 2609">
    <p class='ocr_par' dir='ltr' id='par_1_51' title="bbox 2093 2537 3682 2609">
     <span class='ocr_line' id='line_1_51' title="bbox 2093 2537 3682 2609; baseline 0.003 -21"><span class='ocrx_word' id='word_1_408' title='bbox 2093 2538 2383 2607; x_wconf 84' lang='grc' dir='ltr'>ποριστική</span> <span class='ocrx_word' id='word_1_409' title='bbox 2408 2552 2423 2567; x_wconf 84' lang='grc'><strong>·</strong></span> <span class='ocrx_word' id='word_1_410' title='bbox 2464 2540 2512 2590; x_wconf 90' lang='grc' dir='ltr'>εἰ</span> <span class='ocrx_word' id='word_1_411' title='bbox 2546 2537 2651 2608; x_wconf 82' lang='grc' dir='ltr'><strong><em>γὰρ</em></strong></span> <span class='ocrx_word' id='word_1_412' title='bbox 2697 2537 2811 2609; x_wconf 69' lang='grc'><strong>(20)</strong></span> <span class='ocrx_word' id='word_1_413' title='bbox 2848 2538 2922 2609; x_wconf 79' lang='grc' dir='ltr'>μὴ</span> <span class='ocrx_word' id='word_1_414' title='bbox 2954 2540 3047 2592; x_wconf 81' lang='grc' dir='ltr'><strong><em>τοῦ</em></strong></span> <span class='ocrx_word' id='word_1_415' title='bbox 3078 2541 3136 2592; x_wconf 70' lang='grc' dir='ltr'>ἐν</span> <span class='ocrx_word' id='word_1_416' title='bbox 3178 2538 3394 2609; x_wconf 83' lang='grc' dir='ltr'>Φαίδρῳ</span> <span class='ocrx_word' id='word_1_417' title='bbox 3428 2537 3682 2603; x_wconf 73' lang='grc' dir='ltr'>ἐξελαθό-</span> 
     </span>
    </p>
   </div>
   <div class='ocr_carea' id='block_1_52' title="bbox 2098 2630 3684 2704">
    <p class='ocr_par' dir='ltr' id='par_1_52' title="bbox 2098 2630 3684 2704">
     <span class='ocr_line' id='line_1_52' title="bbox 2098 2630 3684 2704; baseline 0.001 -21"><span class='ocrx_word' id='word_1_418' title='bbox 2098 2647 2208 2701; x_wconf 87' lang='grc' dir='ltr'><strong><em>μην</em></strong></span> <span class='ocrx_word' id='word_1_419' title='bbox 2245 2630 2553 2696; x_wconf 85' lang='grc' dir='ltr'>Πλάτωνος,</span> <span class='ocrx_word' id='word_1_420' title='bbox 2591 2631 2952 2696; x_wconf 79' lang='grc' dir='ltr'>Κατεύξεται,</span> <span class='ocrx_word' id='word_1_421' title='bbox 2986 2631 3176 2703; x_wconf 68' lang='grc' dir='ltr'>φησὶν,</span> <span class='ocrx_word' id='word_1_422' title='bbox 3221 2634 3250 2685; x_wconf 84' lang='grc' dir='ltr'><strong>ὁ</strong></span> <span class='ocrx_word' id='word_1_423' title='bbox 3280 2632 3519 2704; x_wconf 79' lang='grc' dir='ltr'>πονηρὸς</span> <span class='ocrx_word' id='word_1_424' title='bbox 3550 2634 3684 2703; x_wconf 72' lang='grc' dir='ltr'>ἐρα-</span> 
     </span>
    </p>
   </div>
   <div class='ocr_carea' id='block_1_53' title="bbox 2092 2721 3682 2795">
    <p class='ocr_par' dir='ltr' id='par_1_53' title="bbox 2092 2721 3682 2795">
     <span class='ocr_line' id='line_1_53' title="bbox 2092 2721 3682 2795; baseline 0.002 -20"><span class='ocrx_word' id='word_1_425' title='bbox 2092 2723 2224 2792; x_wconf 81' lang='grc' dir='ltr'>στὴς</span> <span class='ocrx_word' id='word_1_426' title='bbox 2277 2725 2371 2776; x_wconf 78' lang='grc' dir='ltr'>καὶ</span> <span class='ocrx_word' id='word_1_427' title='bbox 2422 2723 2615 2776; x_wconf 86' lang='grc' dir='ltr'>πενίαν</span> <span class='ocrx_word' id='word_1_428' title='bbox 2675 2723 2856 2790; x_wconf 76' lang='grc' dir='ltr'>ἄκραν</span> <span class='ocrx_word' id='word_1_429' title='bbox 2886 2723 2980 2777; x_wconf 84' lang='grc' dir='ltr'>τοῦ</span> <span class='ocrx_word' id='word_1_430' title='bbox 3041 2725 3352 2795; x_wconf 70' lang='grc' dir='ltr'>ἐρωμένου,</span> <span class='ocrx_word' id='word_1_431' title='bbox 3389 2724 3456 2777; x_wconf 70' lang='grc' dir='ltr'>ἵν’</span> <span class='ocrx_word' id='word_1_432' title='bbox 3505 2721 3682 2788; x_wconf 78' lang='grc' dir='ltr'>οὕτως</span> 
     </span>
    </p>
   </div>
   <div class='ocr_carea' id='block_1_54' title="bbox 2092 2814 3689 2889">
    <p class='ocr_par' dir='ltr' id='par_1_54' title="bbox 2092 2814 3689 2889">
     <span class='ocr_line' id='line_1_54' title="bbox 2092 2814 3689 2889; baseline 0.001 -21"><span class='ocrx_word' id='word_1_433' title='bbox 2092 2814 2365 2879; x_wconf 82' lang='grc' dir='ltr'>εὐάλωτος</span> <span class='ocrx_word' id='word_1_434' title='bbox 2390 2816 2539 2889; x_wconf 81' lang='grc' dir='ltr'>αὐτῷ</span> <span class='ocrx_word' id='word_1_435' title='bbox 2572 2817 2659 2888; x_wconf 83' lang='grc' dir='ltr'><strong><em>είη</em></strong></span> <span class='ocrx_word' id='word_1_436' title='bbox 2689 2816 2777 2870; x_wconf 83' lang='grc' dir='ltr'><strong><em>διὰ</em></strong></span> <span class='ocrx_word' id='word_1_437' title='bbox 2818 2820 3033 2885; x_wconf 89' lang='grc' dir='ltr'>πενίαν,</span> <span class='ocrx_word' id='word_1_438' title='bbox 3087 2817 3246 2872; x_wconf 78' lang='grc' dir='ltr'>οὐθὲν</span> <span class='ocrx_word' id='word_1_439' title='bbox 3294 2817 3550 2872; x_wconf 79' lang='grc' dir='ltr'>ὀκνοῦσιν</span> <span class='ocrx_word' id='word_1_440' title='bbox 3595 2817 3689 2872; x_wconf 76' lang='grc' dir='ltr'>άν-</span> 
     </span>
    </p>
   </div>
   <div class='ocr_carea' id='block_1_55' title="bbox 2105 2906 3689 2982">
    <p class='ocr_par' dir='ltr' id='par_1_55' title="bbox 2105 2906 3689 2982">
     <span class='ocr_line' id='line_1_55' title="bbox 2105 2906 3689 2982; baseline 0 -24"><span class='ocrx_word' id='word_1_441' title='bbox 2105 2906 2315 2977; x_wconf 86' lang='grc' dir='ltr'>θρωποι</span> <span class='ocrx_word' id='word_1_442' title='bbox 2342 2906 2639 2979; x_wconf 77' lang='grc' dir='ltr'>τολμηρὸν,</span> <span class='ocrx_word' id='word_1_443' title='bbox 2669 2908 3033 2979; x_wconf 78' lang='grc' dir='ltr'>ἱεροσυλοῦσι,</span> <span class='ocrx_word' id='word_1_444' title='bbox 3088 2907 3539 2982; x_wconf 79' lang='grc' dir='ltr'>τυμϐωρυχοῦσι,</span> <span class='ocrx_word' id='word_1_445' title='bbox 3592 2907 3689 2978; x_wconf 78' lang='grc' dir='ltr'><strong><em>λῃ-</em></strong></span> 
     </span>
    </p>
   </div>
   <div class='ocr_carea' id='block_1_56' title="bbox 399 3085 3688 3162">
    <p class='ocr_par' dir='ltr' id='par_1_56' title="bbox 399 3085 3688 3162">
     <span class='ocr_line' id='line_1_56' title="bbox 399 3085 3688 3162; baseline 0.001 -18"><span class='ocrx_word' id='word_1_446' title='bbox 399 3107 503 3162; x_wconf 79' lang='lat' dir='ltr'><strong><em>que</em></strong></span> <span class='ocrx_word' id='word_1_447' title='bbox 532 3108 651 3145; x_wconf 91' lang='lat' dir='ltr'><strong><em>cum</em></strong></span> <span class='ocrx_word' id='word_1_448' title='bbox 689 3106 749 3144; x_wconf 94' lang='lat' dir='ltr'><strong><em>ea</em></strong></span> <span class='ocrx_word' id='word_1_449' title='bbox 785 3091 1037 3144; x_wconf 89' lang='lat' dir='ltr'><strong><em>destituta</em></strong></span> <span class='ocrx_word' id='word_1_450' title='bbox 1074 3088 1363 3158; x_wconf 75' lang='lat' dir='ltr'><strong><em>sapientia,</em></strong></span> <span class='ocrx_word' id='word_1_451' title='bbox 1384 3086 1590 3140; x_wconf 88' lang='lat' dir='ltr'><strong><em>clarum</em></strong></span> <span class='ocrx_word' id='word_1_452' title='bbox 1612 3095 1686 3141; x_wconf 88' lang='lat' dir='ltr'><strong><em>est</em></strong></span> <span class='ocrx_word' id='word_1_453' title='bbox 1716 3087 1832 3158; x_wconf 87' lang='lat' dir='ltr'><strong><em>quis</em></strong></span> <span class='ocrx_word' id='word_1_454' title='bbox 1856 3085 1982 3140; x_wconf 86' lang='lat' dir='ltr'><strong><em>reli-</em></strong></span> <span class='ocrx_word' id='word_1_455' title='bbox 2008 3091 2053 3154; x_wconf 65' lang='grc' dir='ltr'><strong>(ζ</strong></span> <span class='ocrx_word' id='word_1_456' title='bbox 2086 3085 2273 3156; x_wconf 85' lang='lat' dir='ltr'><strong><em>opibus</em></strong></span> <span class='ocrx_word' id='word_1_457' title='bbox 2318 3105 2382 3142; x_wconf 90' lang='lat' dir='ltr'><strong><em>ac</em></strong></span> <span class='ocrx_word' id='word_1_458' title='bbox 2430 3091 2658 3160; x_wconf 89' lang='lat' dir='ltr'><strong><em>penuria</em></strong></span> <span class='ocrx_word' id='word_1_459' title='bbox 2686 3106 2745 3144; x_wconf 89' lang='lat' dir='ltr'><strong><em>se</em></strong></span> <span class='ocrx_word' id='word_1_460' title='bbox 2778 3101 2990 3160; x_wconf 86' lang='lat' dir='ltr'><strong><em>gerunt,</em></strong></span> <span class='ocrx_word' id='word_1_461' title='bbox 3043 3089 3277 3146; x_wconf 70' lang='lat' dir='ltr'><strong><em>scientia:</em></strong></span> <span class='ocrx_word' id='word_1_462' title='bbox 3311 3109 3377 3145; x_wconf 91' lang='lat' dir='ltr'><strong><em>ac</em></strong></span> <span class='ocrx_word' id='word_1_463' title='bbox 3409 3091 3688 3162; x_wconf 71' lang='lat' dir='ltr'><strong><em>sapientia:</em></strong></span> 
     </span>
    </p>
   </div>
   <div class='ocr_carea' id='block_1_57' title="bbox 400 3178 1988 3254">
    <p class='ocr_par' dir='ltr' id='par_1_57' title="bbox 400 3178 1988 3254">
     <span class='ocr_line' id='line_1_57' title="bbox 400 3178 1988 3254; baseline -0.004 -17"><span class='ocrx_word' id='word_1_464' title='bbox 400 3201 537 3254; x_wconf 89' lang='lat' dir='ltr'><strong><em>quus</em></strong></span> <span class='ocrx_word' id='word_1_465' title='bbox 564 3184 633 3237; x_wconf 92' lang='lat' dir='ltr'><strong><em>sit</em></strong></span> <span class='ocrx_word' id='word_1_466' title='bbox 659 3183 829 3236; x_wconf 72' lang='lat' dir='ltr'><strong><em>exitus</em></strong></span> <span class='ocrx_word' id='word_1_467' title='bbox 861 3189 911 3235; x_wconf 91' lang='lat' dir='ltr'><strong><em>et</em></strong></span> <span class='ocrx_word' id='word_1_468' title='bbox 952 3178 1339 3234; x_wconf 79' lang='lat' dir='ltr'><strong><em>corollarium:</em></strong></span> <span class='ocrx_word' id='word_1_469' title='bbox 1369 3194 1492 3231; x_wconf 88' lang='lat' dir='ltr'><strong><em>nam</em></strong></span> <span class='ocrx_word' id='word_1_470' title='bbox 1522 3188 1578 3231; x_wconf 91' lang='lat' dir='ltr'><strong><em>ut</em></strong></span> <span class='ocrx_word' id='word_1_471' title='bbox 1610 3179 1728 3249; x_wconf 83' lang='lat' dir='ltr'><strong><em>ipsa</em></strong></span> <span class='ocrx_word' id='word_1_472' title='bbox 1754 3180 1830 3232; x_wconf 86' lang='lat' dir='ltr'><strong><em>vis</em></strong></span> <span class='ocrx_word' id='word_1_473' title='bbox 1866 3178 1988 3231; x_wconf 89' lang='lat' dir='ltr'><strong><em>auri</em></strong></span> 
     </span>
    </p>
   </div>
   <div class='ocr_carea' id='block_1_58' title="bbox 400 3270 2001 3347">
    <p class='ocr_par' dir='ltr' id='par_1_58' title="bbox 400 3270 2001 3347">
     <span class='ocr_line' id='line_1_58' title="bbox 400 3270 2001 3347; baseline -0.004 -17"><span class='ocrx_word' id='word_1_474' title='bbox 400 3276 522 3347; x_wconf 80' lang='lat' dir='ltr'><strong><em>qua:</em></strong></span> <span class='ocrx_word' id='word_1_475' title='bbox 548 3292 666 3330; x_wconf 88' lang='lat' dir='ltr'><strong><em>cum</em></strong></span> <span class='ocrx_word' id='word_1_476' title='bbox 710 3274 879 3329; x_wconf 86' lang='lat' dir='ltr'><strong><em>multa</em></strong></span> <span class='ocrx_word' id='word_1_477' title='bbox 920 3290 1102 3327; x_wconf 90' lang='lat' dir='ltr'><strong><em>rerum</em></strong></span> <span class='ocrx_word' id='word_1_478' title='bbox 1130 3272 1369 3325; x_wconf 79' lang='lat' dir='ltr'><strong><em>ubertate</em></strong></span> <span class='ocrx_word' id='word_1_479' title='bbox 1397 3270 1611 3326; x_wconf 76' lang='lat' dir='ltr'><strong><em>delicias</em></strong></span> <span class='ocrx_word' id='word_1_480' title='bbox 1643 3270 1845 3335; x_wconf 90' lang='lat' dir='ltr'><strong><em>intulit,</em></strong></span> <span class='ocrx_word' id='word_1_481' title='bbox 1890 3273 2001 3340; x_wconf 89' lang='lat' dir='ltr'><strong><em>ple-</em></strong></span> 
     </span>
    </p>
   </div>
   <div class='ocr_carea' id='block_1_59' title="bbox 398 3362 2002 3440">
    <p class='ocr_par' dir='ltr' id='par_1_59' title="bbox 398 3362 2002 3440">
     <span class='ocr_line' id='line_1_59' title="bbox 398 3362 2002 3440; baseline -0.006 -16"><span class='ocrx_word' id='word_1_482' title='bbox 398 3384 594 3440; x_wconf 90' lang='lat' dir='ltr'><strong><em>rosque</em></strong></span> <span class='ocrx_word' id='word_1_483' title='bbox 633 3367 856 3421; x_wconf 81' lang='lat' dir='ltr'><strong><em>divitum</em></strong></span> <span class='ocrx_word' id='word_1_484' title='bbox 888 3365 1207 3419; x_wconf 88' lang='lat' dir='ltr'><strong><em>indoctiores</em></strong></span> <span class='ocrx_word' id='word_1_485' title='bbox 1246 3362 1510 3425; x_wconf 85' lang='lat' dir='ltr'><strong><em>reddidit,</em></strong></span> <span class='ocrx_word' id='word_1_486' title='bbox 1555 3362 1631 3415; x_wconf 91' lang='lat' dir='ltr'><strong><em>ita</em></strong></span> <span class='ocrx_word' id='word_1_487' title='bbox 1683 3362 2002 3430; x_wconf 87' lang='lat' dir='ltr'><strong><em>gravissima</em></strong></span> 
     </span>
    </p>
   </div>
   <div class='ocr_carea' id='block_1_60' title="bbox 396 3453 2002 3532">
    <p class='ocr_par' dir='ltr' id='par_1_60' title="bbox 396 3453 2002 3532">
     <span class='ocr_line' id='line_1_60' title="bbox 396 3453 2002 3532; baseline -0.006 -16"><span class='ocrx_word' id='word_1_488' title='bbox 396 3476 715 3532; x_wconf 88' lang='lat' dir='ltr'><strong><em>summaque</em></strong></span> <span class='ocrx_word' id='word_1_489' title='bbox 732 3471 956 3529; x_wconf 88' lang='lat' dir='ltr'><strong><em>egestas,</em></strong></span> <span class='ocrx_word' id='word_1_490' title='bbox 973 3457 1158 3527; x_wconf 83' lang='lat' dir='ltr'><strong><em>laqueo</em></strong></span> <span class='ocrx_word' id='word_1_491' title='bbox 1176 3455 1237 3509; x_wconf 87' lang='lat' dir='ltr'><strong><em>ob</em></strong></span> <span class='ocrx_word' id='word_1_492' title='bbox 1252 3454 1447 3525; x_wconf 79' lang='lat' dir='ltr'><strong><em>{amem</em></strong></span> <span class='ocrx_word' id='word_1_493' title='bbox 1460 3453 1851 3524; x_wconf 66' lang='lat' dir='ltr'><strong><em>superinducto.</em></strong></span> <span class='ocrx_word' id='word_1_494' title='bbox 1869 3470 2002 3521; x_wconf 90' lang='lat' dir='ltr'><strong><em>pau-</em></strong></span> 
     </span>
    </p>
   </div>
   <div class='ocr_carea' id='block_1_61' title="bbox 398 3545 2000 3625">
    <p class='ocr_par' dir='ltr' id='par_1_61' title="bbox 398 3545 2000 3625">
     <span class='ocr_line' id='line_1_61' title="bbox 398 3545 2000 3625; baseline -0.006 -17"><span class='ocrx_word' id='word_1_495' title='bbox 398 3561 607 3625; x_wconf 89' lang='lat' dir='ltr'><strong><em>pertate</em></strong></span> <span class='ocrx_word' id='word_1_496' title='bbox 645 3566 916 3623; x_wconf 81' lang='lat' dir='ltr'><strong><em>Oppressos</em></strong></span> <span class='ocrx_word' id='word_1_497' title='bbox 936 3549 1089 3620; x_wconf 88' lang='lat' dir='ltr'><strong><em>longe</em></strong></span> <span class='ocrx_word' id='word_1_498' title='bbox 1116 3567 1148 3603; x_wconf 90' lang='lat' dir='ltr'><strong><em>a</em></strong></span> <span class='ocrx_word' id='word_1_499' title='bbox 1175 3557 1313 3602; x_wconf 90' lang='lat' dir='ltr'><strong><em>meta</em></strong></span> <span class='ocrx_word' id='word_1_500' title='bbox 1358 3546 1573 3617; x_wconf 84' lang='lat' dir='ltr'><strong><em>repulit.</em></strong></span> <span class='ocrx_word' id='word_1_501' title='bbox 1601 3545 1759 3599; x_wconf 84' lang='lat' dir='ltr'><strong><em>Plato</em></strong></span> <span class='ocrx_word' id='word_1_502' title='bbox 1794 3561 2000 3616; x_wconf 89' lang='lat' dir='ltr'><strong><em>quoque</em></strong></span> 
     </span>
    </p>
   </div>
   <div class='ocr_carea' id='block_1_62' title="bbox 398 3637 1997 3709">
    <p class='ocr_par' dir='ltr' id='par_1_62' title="bbox 398 3637 1997 3709">
     <span class='ocr_line' id='line_1_62' title="bbox 398 3637 1997 3709; baseline -0.006 -9"><span class='ocrx_word' id='word_1_503' title='bbox 398 3642 700 3700; x_wconf 87' lang='lat' dir='ltr'><strong><em>testimonio</em></strong></span> <span class='ocrx_word' id='word_1_504' title='bbox 737 3658 829 3696; x_wconf 89' lang='lat' dir='ltr'><strong><em>suo</em></strong></span> <span class='ocrx_word' id='word_1_505' title='bbox 887 3658 999 3696; x_wconf 90' lang='lat' dir='ltr'><strong><em>meo</em></strong></span> <span class='ocrx_word' id='word_1_506' title='bbox 1030 3639 1260 3695; x_wconf 80' lang='lat' dir='ltr'><strong><em>sermoni</em></strong></span> <span class='ocrx_word' id='word_1_507' title='bbox 1288 3637 1666 3709; x_wconf 87' lang='lat' dir='ltr'><strong><em>adstipulatur,</em></strong></span> <span class='ocrx_word' id='word_1_508' title='bbox 1687 3638 1811 3690; x_wconf 87' lang='lat' dir='ltr'><strong><em>dum</em></strong></span> <span class='ocrx_word' id='word_1_509' title='bbox 1840 3638 1913 3691; x_wconf 89' lang='lat' dir='ltr'><strong><em>ait</em></strong></span> <span class='ocrx_word' id='word_1_510' title='bbox 1933 3637 1997 3691; x_wconf 90' lang='lat' dir='ltr'><strong><em>ab</em></strong></span> 
     </span>
    </p>
   </div>
   <div class='ocr_carea' id='block_1_63' title="bbox 400 3731 1995 3806">
    <p class='ocr_par' dir='ltr' id='par_1_63' title="bbox 400 3731 1995 3806">
     <span class='ocr_line' id='line_1_63' title="bbox 400 3731 1995 3806; baseline -0.006 -14"><span class='ocrx_word' id='word_1_511' title='bbox 400 3745 655 3806; x_wconf 91' lang='lat' dir='ltr'><strong><em>utraque,</em></strong></span> <span class='ocrx_word' id='word_1_512' title='bbox 681 3735 904 3806; x_wconf 89' lang='lat' dir='ltr'><strong><em>penuria</em></strong></span> <span class='ocrx_word' id='word_1_513' title='bbox 935 3741 983 3786; x_wconf 94' lang='lat' dir='ltr'><strong><em>et</em></strong></span> <span class='ocrx_word' id='word_1_514' title='bbox 1002 3731 1293 3803; x_wconf 85' lang='lat' dir='ltr'><strong><em>opulentia,</em></strong></span> <span class='ocrx_word' id='word_1_515' title='bbox 1313 3731 1577 3784; x_wconf 89' lang='lat' dir='ltr'><strong><em>deteriora</em></strong></span> <span class='ocrx_word' id='word_1_516' title='bbox 1602 3731 1799 3783; x_wconf 89' lang='lat' dir='ltr'><strong><em>artium</em></strong></span> <span class='ocrx_word' id='word_1_517' title='bbox 1811 3746 1995 3800; x_wconf 88' lang='lat' dir='ltr'><strong><em>opera,</em></strong></span> 
     </span>
    </p>
   </div>
   <div class='ocr_carea' id='block_1_64' title="bbox 402 3818 1997 3897">
    <p class='ocr_par' dir='ltr' id='par_1_64' title="bbox 402 3818 1997 3897">
     <span class='ocr_line' id='line_1_64' title="bbox 402 3818 1997 3897; baseline -0.004 -18"><span class='ocrx_word' id='word_1_518' title='bbox 402 3835 568 3897; x_wconf 89' lang='lat' dir='ltr'><strong><em>atque</em></strong></span> <span class='ocrx_word' id='word_1_519' title='bbox 590 3824 800 3895; x_wconf 83' lang='lat' dir='ltr'><strong><em>opiﬁces</em></strong></span> <span class='ocrx_word' id='word_1_520' title='bbox 826 3823 966 3893; x_wconf 90' lang='lat' dir='ltr'><strong><em>ipsos</em></strong></span> <span class='ocrx_word' id='word_1_521' title='bbox 1005 3823 1149 3892; x_wconf 71' lang='lat' dir='ltr'><strong><em>efﬁci.</em></strong></span> <span class='ocrx_word' id='word_1_522' title='bbox 1176 3818 1310 3874; x_wconf 78' lang='lat' dir='ltr'><strong><em>Cum</em></strong></span> <span class='ocrx_word' id='word_1_523' title='bbox 1333 3836 1455 3890; x_wconf 86' lang='lat' dir='ltr'><strong><em>ergo</em></strong></span> <span class='ocrx_word' id='word_1_524' title='bbox 1487 3836 1580 3873; x_wconf 89' lang='lat' dir='ltr'><strong><em>nec</em></strong></span> <span class='ocrx_word' id='word_1_525' title='bbox 1608 3818 1879 3890; x_wconf 81' lang='lat' dir='ltr'><strong><em>opulentia</em></strong></span> <span class='ocrx_word' id='word_1_526' title='bbox 1903 3836 1997 3873; x_wconf 90' lang='lat' dir='ltr'><strong><em>nec</em></strong></span> 
     </span>
    </p>
   </div>
   <div class='ocr_carea' id='block_1_65' title="bbox 400 3912 1995 3989">
    <p class='ocr_par' dir='ltr' id='par_1_65' title="bbox 400 3912 1995 3989">
     <span class='ocr_line' id='line_1_65' title="bbox 400 3912 1995 3989; baseline -0.003 -17"><span class='ocrx_word' id='word_1_527' title='bbox 400 3924 692 3989; x_wconf 70' lang='lat' dir='ltr'><strong><em>paupertas</em></strong></span> <span class='ocrx_word' id='word_1_528' title='bbox 733 3916 1052 3985; x_wconf 84' lang='lat' dir='ltr'><strong><em>sapientiam</em></strong></span> <span class='ocrx_word' id='word_1_529' title='bbox 1082 3921 1241 3967; x_wconf 88' lang='lat' dir='ltr'><strong><em>nacta</em></strong></span> <span class='ocrx_word' id='word_1_530' title='bbox 1284 3914 1389 3979; x_wconf 90' lang='lat' dir='ltr'><strong><em>sit,</em></strong></span> <span class='ocrx_word' id='word_1_531' title='bbox 1419 3914 1584 3966; x_wconf 85' lang='lat' dir='ltr'><strong><em>restat</em></strong></span> <span class='ocrx_word' id='word_1_532' title='bbox 1611 3921 1750 3965; x_wconf 89' lang='lat' dir='ltr'><strong><em>certe</em></strong></span> <span class='ocrx_word' id='word_1_533' title='bbox 1774 3922 1832 3966; x_wconf 91' lang='lat' dir='ltr'><strong><em>ut</em></strong></span> <span class='ocrx_word' id='word_1_534' title='bbox 1882 3912 1995 3981; x_wconf 86' lang='lat' dir='ltr'><strong><em>ejus</em></strong></span> 
     </span>
    </p>
   </div>
   <div class='ocr_carea' id='block_1_66' title="bbox 402 4005 1994 4083">
    <p class='ocr_par' dir='ltr' id='par_1_66' title="bbox 402 4005 1994 4083">
     <span class='ocr_line' id='line_1_66' title="bbox 402 4005 1994 4083; baseline -0.005 -16"><span class='ocrx_word' id='word_1_535' title='bbox 402 4012 545 4083; x_wconf 87' lang='lat' dir='ltr'><strong><em>quod</em></strong></span> <span class='ocrx_word' id='word_1_536' title='bbox 585 4008 816 4064; x_wconf 87' lang='lat' dir='ltr'><strong><em>medium</em></strong></span> <span class='ocrx_word' id='word_1_537' title='bbox 856 4006 1026 4061; x_wconf 88' lang='lat' dir='ltr'><strong><em>locum</em></strong></span> <span class='ocrx_word' id='word_1_538' title='bbox 1060 4014 1220 4072; x_wconf 91' lang='lat' dir='ltr'><strong><em>tenet,</em></strong></span> <span class='ocrx_word' id='word_1_539' title='bbox 1267 4021 1452 4074; x_wconf 83' lang='lat' dir='ltr'><strong><em>nempe</em></strong></span> <span class='ocrx_word' id='word_1_540' title='bbox 1488 4005 1829 4074; x_wconf 75' lang='lat' dir='ltr'><strong><em>suﬁicientite,</em></strong></span> <span class='ocrx_word' id='word_1_541' title='bbox 1878 4021 1994 4059; x_wconf 89' lang='lat' dir='ltr'><strong><em>sors</em></strong></span> 
     </span>
    </p>
   </div>
   <div class='ocr_carea' id='block_1_67' title="bbox 405 4088 1992 4172">
    <p class='ocr_par' dir='ltr' id='par_1_67' title="bbox 405 4088 1992 4172">
     <span class='ocr_line' id='line_1_67' title="bbox 405 4088 1992 4172; baseline -0.004 -14"><span class='ocrx_word' id='word_1_542' title='bbox 405 4106 517 4158; x_wconf 78' lang='lat' dir='ltr'><strong><em>htec</em></strong></span> <span class='ocrx_word' id='word_1_543' title='bbox 538 4102 819 4172; x_wconf 68' lang='lat' dir='ltr'><strong><em>sapientiae</em></strong></span> <span class='ocrx_word' id='word_1_544' title='bbox 845 4101 933 4154; x_wconf 87' lang='lat' dir='ltr'><strong><em>sit.</em></strong></span> <span class='ocrx_word' id='word_1_545' title='bbox 970 4099 1039 4154; x_wconf 83' lang='lat' dir='ltr'><strong><em>At</em></strong></span> <span class='ocrx_word' id='word_1_546' title='bbox 1071 4088 1210 4152; x_wconf 79' lang='lat' dir='ltr'><strong><em>enim</em></strong></span> <span class='ocrx_word' id='word_1_547' title='bbox 1234 4098 1563 4169; x_wconf 69' lang='lat' dir='ltr'><strong><em>sufficientia,</em></strong></span> <span class='ocrx_word' id='word_1_548' title='bbox 1592 4107 1849 4167; x_wconf 85' lang='lat' dir='ltr'><strong><em>quatenus</em></strong></span> <span class='ocrx_word' id='word_1_549' title='bbox 1886 4114 1992 4152; x_wconf 89' lang='lat' dir='ltr'><strong><em>non</em></strong></span> 
     </span>
    </p>
   </div>
   <div class='ocr_carea' id='block_1_68' title="bbox 404 4192 1990 4266">
    <p class='ocr_par' dir='ltr' id='par_1_68' title="bbox 404 4192 1990 4266">
     <span class='ocr_line' id='line_1_68' title="bbox 404 4192 1990 4266; baseline -0.003 -16"><span class='ocrx_word' id='word_1_550' title='bbox 404 4192 621 4250; x_wconf 86' lang='lat' dir='ltr'><strong><em>omnino</em></strong></span> <span class='ocrx_word' id='word_1_551' title='bbox 650 4194 1071 4266; x_wconf 87' lang='lat' dir='ltr'><strong><em>suppeditatione</em></strong></span> <span class='ocrx_word' id='word_1_552' title='bbox 1093 4200 1257 4255; x_wconf 87' lang='lat' dir='ltr'><strong><em>caret,</em></strong></span> <span class='ocrx_word' id='word_1_553' title='bbox 1286 4208 1405 4245; x_wconf 89' lang='lat' dir='ltr'><strong><em>cum</em></strong></span> <span class='ocrx_word' id='word_1_554' title='bbox 1434 4199 1718 4262; x_wconf 83' lang='lat' dir='ltr'><strong><em>egestatem</em></strong></span> <span class='ocrx_word' id='word_1_555' title='bbox 1752 4194 1990 4262; x_wconf 75' lang='lat' dir='ltr'><strong><em>penuria:</em></strong></span> 
     </span>
    </p>
   </div>
   <div class='ocr_carea' id='block_1_69' title="bbox 403 4280 1987 4358">
    <p class='ocr_par' dir='ltr' id='par_1_69' title="bbox 403 4280 1987 4358">
     <span class='ocr_line' id='line_1_69' title="bbox 403 4280 1987 4358; baseline -0.004 -15"><span class='ocrx_word' id='word_1_556' title='bbox 403 4287 712 4358; x_wconf 88' lang='lat' dir='ltr'><strong><em>superarit:</em></strong></span> <span class='ocrx_word' id='word_1_557' title='bbox 751 4300 857 4355; x_wconf 88' lang='lat' dir='ltr'><strong><em>qua</em></strong></span> <span class='ocrx_word' id='word_1_558' title='bbox 887 4299 1010 4337; x_wconf 86' lang='lat' dir='ltr'><strong><em>vero</em></strong></span> <span class='ocrx_word' id='word_1_559' title='bbox 1053 4283 1326 4337; x_wconf 90' lang='lat' dir='ltr'><strong><em>moderato</em></strong></span> <span class='ocrx_word' id='word_1_560' title='bbox 1358 4280 1610 4345; x_wconf 81' lang='lat' dir='ltr'><strong><em>subsidio,</em></strong></span> <span class='ocrx_word' id='word_1_561' title='bbox 1649 4280 1987 4336; x_wconf 88' lang='lat' dir='ltr'><strong><em>insolentiam</em></strong></span> 
     </span>
    </p>
   </div>
   <div class='ocr_carea' id='block_1_70' title="bbox 406 4372 1987 4444">
    <p class='ocr_par' dir='ltr' id='par_1_70' title="bbox 406 4372 1987 4444">
     <span class='ocr_line' id='line_1_70' title="bbox 406 4372 1987 4444; baseline 0 -17"><span class='ocrx_word' id='word_1_562' title='bbox 406 4373 691 4444; x_wconf 69' lang='lat' dir='ltr'><strong><em>opulentia</em></strong></span> <span class='ocrx_word' id='word_1_563' title='bbox 726 4373 927 4438; x_wconf 84' lang='lat' dir='ltr'><strong><em>evasit;</em></strong></span> <span class='ocrx_word' id='word_1_564' title='bbox 964 4374 1242 4426; x_wconf 83' lang='lat' dir='ltr'><strong><em>scientiam</em></strong></span> <span class='ocrx_word' id='word_1_565' title='bbox 1284 4373 1400 4442; x_wconf 88' lang='lat' dir='ltr'><strong><em>ejus</em></strong></span> <span class='ocrx_word' id='word_1_566' title='bbox 1446 4376 1584 4442; x_wconf 89' lang='lat' dir='ltr'><strong><em>quod</em></strong></span> <span class='ocrx_word' id='word_1_567' title='bbox 1627 4383 1723 4435; x_wconf 90' lang='lat' dir='ltr'><strong><em>est,</em></strong></span> <span class='ocrx_word' id='word_1_568' title='bbox 1771 4372 1987 4442; x_wconf 85' lang='lat' dir='ltr'><strong><em>pulchre</em></strong></span> 
     </span>
    </p>
   </div>
   <div class='ocr_carea' id='block_1_71' title="bbox 2105 3178 3689 3253">
    <p class='ocr_par' dir='ltr' id='par_1_71' title="bbox 2105 3178 3689 3253">
     <span class='ocr_line' id='line_1_71' title="bbox 2105 3178 3689 3253; baseline 0.006 -22"><span class='ocrx_word' id='word_1_569' title='bbox 2105 3178 2331 3232; x_wconf 83' lang='lat' dir='ltr'><strong><em>studiosi</em></strong></span> <span class='ocrx_word' id='word_1_570' title='bbox 2371 3182 2650 3235; x_wconf 74' lang='lat' dir='ltr'><strong><em>exsistunt.</em></strong></span> <span class='ocrx_word' id='word_1_571' title='bbox 2704 3180 2885 3246; x_wconf 80' lang='lat' dir='ltr'><strong><em>Quare</em></strong></span> <span class='ocrx_word' id='word_1_572' title='bbox 2928 3198 3048 3235; x_wconf 88' lang='lat' dir='ltr'><strong><em>cum</em></strong></span> <span class='ocrx_word' id='word_1_573' title='bbox 3093 3183 3366 3253; x_wconf 80' lang='lat' dir='ltr'><strong><em>tripartito</em></strong></span> <span class='ocrx_word' id='word_1_574' title='bbox 3389 3186 3458 3238; x_wconf 90' lang='lat' dir='ltr'><strong><em>sit</em></strong></span> <span class='ocrx_word' id='word_1_575' title='bbox 3500 3186 3689 3241; x_wconf 85' lang='lat' dir='ltr'><strong><em>anima</em></strong></span> 
     </span>
    </p>
   </div>
   <div class='ocr_carea' id='block_1_72' title="bbox 2105 3275 3686 3348">
    <p class='ocr_par' dir='ltr' id='par_1_72' title="bbox 2105 3275 3686 3348">
     <span class='ocr_line' id='line_1_72' title="bbox 2105 3275 3686 3348; baseline 0.004 -24"><span class='ocrx_word' id='word_1_576' title='bbox 2105 3280 2323 3326; x_wconf 87' lang='lat' dir='ltr'><strong><em>nostra:</em></strong></span> <span class='ocrx_word' id='word_1_577' title='bbox 2356 3289 2418 3327; x_wconf 84' lang='lat' dir='ltr'><strong><em>ea</em></strong></span> <span class='ocrx_word' id='word_1_578' title='bbox 2448 3275 2659 3343; x_wconf 82' lang='lat' dir='ltr'><strong><em>quidem</em></strong></span> <span class='ocrx_word' id='word_1_579' title='bbox 2702 3282 2886 3345; x_wconf 90' lang='lat' dir='ltr'><strong><em>parte,</em></strong></span> <span class='ocrx_word' id='word_1_580' title='bbox 2933 3277 3125 3344; x_wconf 86' lang='lat' dir='ltr'><strong><em>inqua</em></strong></span> <span class='ocrx_word' id='word_1_581' title='bbox 3176 3285 3298 3329; x_wconf 91' lang='lat' dir='ltr'><strong><em>sunt</em></strong></span> <span class='ocrx_word' id='word_1_582' title='bbox 3345 3278 3686 3348; x_wconf 86' lang='lat' dir='ltr'><strong><em>cupiditates,</em></strong></span> 
     </span>
    </p>
   </div>
   <div class='ocr_carea' id='block_1_73' title="bbox 2103 3362 3686 3436">
    <p class='ocr_par' dir='ltr' id='par_1_73' title="bbox 2103 3362 3686 3436">
     <span class='ocr_line' id='line_1_73' title="bbox 2103 3362 3686 3436; baseline 0.006 -18"><span class='ocrx_word' id='word_1_583' title='bbox 2103 3362 2429 3419; x_wconf 79' lang='lat' dir='ltr'><strong><em>Phoenicibus</em></strong></span> <span class='ocrx_word' id='word_1_584' title='bbox 2476 3365 2663 3421; x_wconf 83' lang='lat' dir='ltr'><strong><em>similis</em></strong></span> <span class='ocrx_word' id='word_1_585' title='bbox 2706 3367 2944 3422; x_wconf 84' lang='lat' dir='ltr'><strong><em>videtur:</em></strong></span> <span class='ocrx_word' id='word_1_586' title='bbox 2982 3367 3082 3422; x_wconf 89' lang='lat' dir='ltr'><strong><em>illa</em></strong></span> <span class='ocrx_word' id='word_1_587' title='bbox 3113 3370 3169 3421; x_wconf 90' lang='lat' dir='ltr'><strong><em>in</em></strong></span> <span class='ocrx_word' id='word_1_588' title='bbox 3205 3384 3311 3436; x_wconf 87' lang='lat' dir='ltr'><strong><em>qua</em></strong></span> <span class='ocrx_word' id='word_1_589' title='bbox 3364 3379 3488 3424; x_wconf 88' lang='lat' dir='ltr'><strong><em>sunt</em></strong></span> <span class='ocrx_word' id='word_1_590' title='bbox 3528 3381 3686 3427; x_wconf 65' lang='lat' dir='ltr'><strong><em>aestus</em></strong></span> 
     </span>
    </p>
   </div>
   <div class='ocr_carea' id='block_1_74' title="bbox 2100 3456 3685 3533">
    <p class='ocr_par' dir='ltr' id='par_1_74' title="bbox 2100 3456 3685 3533">
     <span class='ocr_line' id='line_1_74' title="bbox 2100 3456 3685 3533; baseline 0.005 -23"><span class='ocrx_word' id='word_1_591' title='bbox 2100 3457 2333 3522; x_wconf 89' lang='lat' dir='ltr'><strong><em>irarum,</em></strong></span> <span class='ocrx_word' id='word_1_592' title='bbox 2362 3456 2597 3529; x_wconf 81' lang='lat' dir='ltr'><strong><em>Scythis,</em></strong></span> <span class='ocrx_word' id='word_1_593' title='bbox 2625 3460 2719 3514; x_wconf 91' lang='lat' dir='ltr'><strong><em>hoc</em></strong></span> <span class='ocrx_word' id='word_1_594' title='bbox 2740 3468 2817 3513; x_wconf 90' lang='lat' dir='ltr'><strong><em>est</em></strong></span> <span class='ocrx_word' id='word_1_595' title='bbox 2837 3461 3079 3532; x_wconf 88' lang='lat' dir='ltr'><strong><em>partibus</em></strong></span> <span class='ocrx_word' id='word_1_596' title='bbox 3113 3461 3336 3514; x_wconf 83' lang='lat' dir='ltr'><strong><em>rationis</em></strong></span> <span class='ocrx_word' id='word_1_597' title='bbox 3365 3463 3685 3533; x_wconf 72' lang='lat' dir='ltr'><strong><em>expertibus,</em></strong></span> 
     </span>
    </p>
   </div>
   <div class='ocr_carea' id='block_1_75' title="bbox 2100 3548 3687 3627">
    <p class='ocr_par' dir='ltr' id='par_1_75' title="bbox 2100 3548 3687 3627">
     <span class='ocr_line' id='line_1_75' title="bbox 2100 3548 3687 3627; baseline 0.005 -25"><span class='ocrx_word' id='word_1_598' title='bbox 2100 3550 2344 3603; x_wconf 88' lang='lat' dir='ltr'><strong><em>nationes</em></strong></span> <span class='ocrx_word' id='word_1_599' title='bbox 2367 3548 2550 3604; x_wconf 89' lang='lat' dir='ltr'><strong><em>brutas</em></strong></span> <span class='ocrx_word' id='word_1_600' title='bbox 2571 3560 2617 3604; x_wconf 89' lang='lat' dir='ltr'><strong><em>et</em></strong></span> <span class='ocrx_word' id='word_1_601' title='bbox 2643 3551 2899 3606; x_wconf 86' lang='lat' dir='ltr'><strong><em>barbaras</em></strong></span> <span class='ocrx_word' id='word_1_602' title='bbox 2933 3552 3128 3621; x_wconf 78' lang='lat' dir='ltr'><strong><em>refert:</em></strong></span> <span class='ocrx_word' id='word_1_603' title='bbox 3158 3549 3371 3608; x_wconf 73' lang='lat' dir='ltr'><strong><em>ercos</em></strong></span> <span class='ocrx_word' id='word_1_604' title='bbox 3391 3570 3512 3608; x_wconf 84' lang='lat' dir='ltr'><strong><em>vero</em></strong></span> <span class='ocrx_word' id='word_1_605' title='bbox 3534 3566 3687 3627; x_wconf 90' lang='lat' dir='ltr'><strong><em>parte</em></strong></span> 
     </span>
    </p>
   </div>
   <div class='ocr_carea' id='block_1_76' title="bbox 2100 3643 3685 3718">
    <p class='ocr_par' dir='ltr' id='par_1_76' title="bbox 2100 3643 3685 3718">
     <span class='ocr_line' id='line_1_76' title="bbox 2100 3643 3685 3718; baseline 0.006 -24"><span class='ocrx_word' id='word_1_606' title='bbox 2100 3643 2326 3696; x_wconf 88' lang='lat' dir='ltr'><strong><em>rationis</em></strong></span> <span class='ocrx_word' id='word_1_607' title='bbox 2353 3643 2639 3715; x_wconf 87' lang='lat' dir='ltr'><strong><em>participe.</em></strong></span> <span class='ocrx_word' id='word_1_608' title='bbox 2672 3644 2929 3711; x_wconf 84' lang='lat' dir='ltr'><strong><em>Quocirca</em></strong></span> <span class='ocrx_word' id='word_1_609' title='bbox 2965 3645 3058 3715; x_wconf 90' lang='lat' dir='ltr'><strong><em>qui</em></strong></span> <span class='ocrx_word' id='word_1_610' title='bbox 3079 3645 3235 3710; x_wconf 72' lang='lat' dir='ltr'><strong><em>dixit,</em></strong></span> <span class='ocrx_word' id='word_1_611' title='bbox 3262 3643 3558 3718; x_wconf 85' lang='lat' dir='ltr'><strong><em>Pauperies</em></strong></span> <span class='ocrx_word' id='word_1_612' title='bbox 3593 3664 3685 3703; x_wconf 86' lang='lat' dir='ltr'><strong><em>so-</em></strong></span> 
     </span>
    </p>
   </div>
   <div class='ocr_carea' id='block_1_77' title="bbox 2098 3734 3687 3811">
    <p class='ocr_par' dir='ltr' id='par_1_77' title="bbox 2098 3734 3687 3811">
     <span class='ocr_line' id='line_1_77' title="bbox 2098 3734 3687 3811; baseline 0.004 -24"><span class='ocrx_word' id='word_1_613' title='bbox 2098 3734 2283 3803; x_wconf 82' lang='lat' dir='ltr'><strong><em>phiam</em></strong></span> <span class='ocrx_word' id='word_1_614' title='bbox 2310 3746 2469 3790; x_wconf 83' lang='lat' dir='ltr'><strong><em>nacta</em></strong></span> <span class='ocrx_word' id='word_1_615' title='bbox 2504 3745 2608 3801; x_wconf 85' lang='lat' dir='ltr'><strong><em>est,</em></strong></span> <span class='ocrx_word' id='word_1_616' title='bbox 2634 3738 2732 3792; x_wconf 87' lang='lat' dir='ltr'><strong><em>hac</em></strong></span> <span class='ocrx_word' id='word_1_617' title='bbox 2763 3739 2967 3791; x_wconf 88' lang='lat' dir='ltr'><strong><em>ratione</em></strong></span> <span class='ocrx_word' id='word_1_618' title='bbox 2990 3737 3164 3807; x_wconf 72' lang='lat' dir='ltr'><strong><em>fallas:</em></strong></span> <span class='ocrx_word' id='word_1_619' title='bbox 3191 3746 3241 3791; x_wconf 90' lang='lat' dir='ltr'><strong><em>et</em></strong></span> <span class='ocrx_word' id='word_1_620' title='bbox 3260 3739 3489 3794; x_wconf 74' lang='lat' dir='ltr'><strong><em>mendax</em></strong></span> <span class='ocrx_word' id='word_1_621' title='bbox 3520 3756 3687 3811; x_wconf 88' lang='lat' dir='ltr'><strong><em>appa-</em></strong></span> 
     </span>
    </p>
   </div>
   <div class='ocr_carea' id='block_1_78' title="bbox 2098 3820 3683 3900">
    <p class='ocr_par' dir='ltr' id='par_1_78' title="bbox 2098 3820 3683 3900">
     <span class='ocr_line' id='line_1_78' title="bbox 2098 3820 3683 3900; baseline 0.002 -20"><span class='ocrx_word' id='word_1_622' title='bbox 2098 3834 2199 3880; x_wconf 89' lang='lat' dir='ltr'><strong><em>ret.</em></strong></span> <span class='ocrx_word' id='word_1_623' title='bbox 2233 3820 2386 3891; x_wconf 80' lang='lat' dir='ltr'><strong><em>Quod</em></strong></span> <span class='ocrx_word' id='word_1_624' title='bbox 2425 3828 2472 3881; x_wconf 90' lang='lat' dir='ltr'><strong><em>si</em></strong></span> <span class='ocrx_word' id='word_1_625' title='bbox 2505 3830 2624 3900; x_wconf 83' lang='lat' dir='ltr'><strong><em>quis</em></strong></span> <span class='ocrx_word' id='word_1_626' title='bbox 2656 3829 2727 3882; x_wconf 90' lang='lat' dir='ltr'><strong><em>ad</em></strong></span> <span class='ocrx_word' id='word_1_627' title='bbox 2759 3838 2999 3900; x_wconf 90' lang='lat' dir='ltr'><strong><em>tempora</em></strong></span> <span class='ocrx_word' id='word_1_628' title='bbox 3037 3836 3221 3883; x_wconf 87' lang='lat' dir='ltr'><strong><em>nostra</em></strong></span> <span class='ocrx_word' id='word_1_629' title='bbox 3252 3831 3522 3900; x_wconf 88' lang='lat' dir='ltr'><strong><em>respiciat,</em></strong></span> <span class='ocrx_word' id='word_1_630' title='bbox 3557 3846 3683 3884; x_wconf 84' lang='lat' dir='ltr'><strong><em>sen-</em></strong></span> 
     </span>
    </p>
   </div>
   <div class='ocr_carea' id='block_1_79' title="bbox 2099 3916 3682 3991">
    <p class='ocr_par' dir='ltr' id='par_1_79' title="bbox 2099 3916 3682 3991">
     <span class='ocr_line' id='line_1_79' title="bbox 2099 3916 3682 3991; baseline 0.003 -20"><span class='ocrx_word' id='word_1_631' title='bbox 2099 3918 2267 3973; x_wconf 88' lang='lat' dir='ltr'><strong><em>tentia</em></strong></span> <span class='ocrx_word' id='word_1_632' title='bbox 2312 3916 2504 3973; x_wconf 88' lang='lat' dir='ltr'><strong><em>deinde</em></strong></span> <span class='ocrx_word' id='word_1_633' title='bbox 2550 3935 2800 3974; x_wconf 88' lang='lat' dir='ltr'><strong><em>conversa</em></strong></span> <span class='ocrx_word' id='word_1_634' title='bbox 2844 3922 3006 3985; x_wconf 87' lang='lat' dir='ltr'><strong><em>dicat,</em></strong></span> <span class='ocrx_word' id='word_1_635' title='bbox 3050 3918 3370 3990; x_wconf 88' lang='lat' dir='ltr'><strong><em>Pauperiem</em></strong></span> <span class='ocrx_word' id='word_1_636' title='bbox 3416 3921 3682 3991; x_wconf 84' lang='lat' dir='ltr'><strong><em>sapientia</em></strong></span> 
     </span>
    </p>
   </div>
   <div class='ocr_carea' id='block_1_80' title="bbox 2096 4011 3678 4082">
    <p class='ocr_par' dir='ltr' id='par_1_80' title="bbox 2096 4011 3678 4082">
     <span class='ocr_line' id='line_1_80' title="bbox 2096 4011 3678 4082; baseline 0.001 -17"><span class='ocrx_word' id='word_1_637' title='bbox 2096 4020 2257 4065; x_wconf 87' lang='lat' dir='ltr'><strong><em>nacta</em></strong></span> <span class='ocrx_word' id='word_1_638' title='bbox 2300 4021 2405 4066; x_wconf 90' lang='lat' dir='ltr'><strong><em>est:</em></strong></span> <span class='ocrx_word' id='word_1_639' title='bbox 2436 4013 2480 4066; x_wconf 89' lang='lat' dir='ltr'><strong><em>is</em></strong></span> <span class='ocrx_word' id='word_1_640' title='bbox 2511 4028 2617 4066; x_wconf 90' lang='lat' dir='ltr'><strong><em>non</em></strong></span> <span class='ocrx_word' id='word_1_641' title='bbox 2655 4011 2809 4082; x_wconf 86' lang='lat' dir='ltr'><strong><em>longe</em></strong></span> <span class='ocrx_word' id='word_1_642' title='bbox 2845 4030 2876 4065; x_wconf 88' lang='lat' dir='ltr'><strong><em>a</em></strong></span> <span class='ocrx_word' id='word_1_643' title='bbox 2898 4013 3079 4082; x_wconf 84' lang='lat' dir='ltr'><strong><em>janua</em></strong></span> <span class='ocrx_word' id='word_1_644' title='bbox 3120 4012 3358 4067; x_wconf 85' lang='lat' dir='ltr'><strong><em>veritatis</em></strong></span> <span class='ocrx_word' id='word_1_645' title='bbox 3392 4013 3678 4068; x_wconf 87' lang='lat' dir='ltr'><strong><em>aberravit.</em></strong></span> 
     </span>
    </p>
   </div>
   <div class='ocr_carea' id='block_1_81' title="bbox 2097 4103 3682 4177">
    <p class='ocr_par' dir='ltr' id='par_1_81' title="bbox 2097 4103 3682 4177">
     <span class='ocr_line' id='line_1_81' title="bbox 2097 4103 3682 4177; baseline 0.002 -21"><span class='ocrx_word' id='word_1_646' title='bbox 2097 4103 2166 4156; x_wconf 82' lang='lat' dir='ltr'><strong><em>At</em></strong></span> <span class='ocrx_word' id='word_1_647' title='bbox 2203 4104 2343 4157; x_wconf 91' lang='lat' dir='ltr'><strong><em>enim</em></strong></span> <span class='ocrx_word' id='word_1_648' title='bbox 2373 4112 2465 4158; x_wconf 90' lang='lat' dir='ltr'><strong><em>aut</em></strong></span> <span class='ocrx_word' id='word_1_649' title='bbox 2497 4120 2639 4176; x_wconf 85' lang='lat' dir='ltr'><strong><em>reges</em></strong></span> <span class='ocrx_word' id='word_1_650' title='bbox 2690 4103 3071 4175; x_wconf 85' lang='lat' dir='ltr'><strong><em>philosophari,</em></strong></span> <span class='ocrx_word' id='word_1_651' title='bbox 3103 4112 3195 4158; x_wconf 88' lang='lat' dir='ltr'><strong><em>aut</em></strong></span> <span class='ocrx_word' id='word_1_652' title='bbox 3236 4121 3459 4175; x_wconf 85' lang='lat' dir='ltr'><strong><em>regnare</em></strong></span> <span class='ocrx_word' id='word_1_653' title='bbox 3508 4106 3682 4177; x_wconf 82' lang='lat' dir='ltr'><strong><em>philo-</em></strong></span> 
     </span>
    </p>
   </div>
   <div class='ocr_carea' id='block_1_82' title="bbox 2089 4195 3681 4270">
    <p class='ocr_par' dir='ltr' id='par_1_82' title="bbox 2089 4195 3681 4270">
     <span class='ocr_line' id='line_1_82' title="bbox 2089 4195 3681 4270; baseline 0.004 -23"><span class='ocrx_word' id='word_1_654' title='bbox 2089 4195 2276 4266; x_wconf 87' lang='lat' dir='ltr'><strong><em>sophos</em></strong></span> <span class='ocrx_word' id='word_1_655' title='bbox 2305 4198 2599 4267; x_wconf 87' lang='lat' dir='ltr'><strong><em>aporteret;</em></strong></span> <span class='ocrx_word' id='word_1_656' title='bbox 2621 4212 2739 4249; x_wconf 88' lang='lat' dir='ltr'><strong><em>cum</em></strong></span> <span class='ocrx_word' id='word_1_657' title='bbox 2768 4197 3032 4249; x_wconf 87' lang='lat' dir='ltr'><strong><em>civitatem</em></strong></span> <span class='ocrx_word' id='word_1_658' title='bbox 3068 4195 3331 4266; x_wconf 71' lang='lat' dir='ltr'><strong><em>praeclare</em></strong></span> <span class='ocrx_word' id='word_1_659' title='bbox 3367 4197 3529 4253; x_wconf 85' lang='lat' dir='ltr'><strong><em>aliter</em></strong></span> <span class='ocrx_word' id='word_1_660' title='bbox 3566 4200 3681 4270; x_wconf 86' lang='lat' dir='ltr'><strong><em>regi</em></strong></span> 
     </span>
    </p>
   </div>
   <div class='ocr_carea' id='block_1_83' title="bbox 2088 4287 3683 4357">
    <p class='ocr_par' dir='ltr' id='par_1_83' title="bbox 2088 4287 3683 4357">
     <span class='ocr_line' id='line_1_83' title="bbox 2088 4287 3683 4357; baseline 0.003 -16"><span class='ocrx_word' id='word_1_661' title='bbox 2088 4287 2237 4357; x_wconf 78' lang='lat' dir='ltr'><strong><em>nefas</em></strong></span> <span class='ocrx_word' id='word_1_662' title='bbox 2266 4289 2356 4341; x_wconf 88' lang='lat' dir='ltr'><strong><em>sit.</em></strong></span> <span class='ocrx_word' id='word_1_663' title='bbox 2392 4289 2465 4342; x_wconf 83' lang='lat' dir='ltr'><strong><em>Ac</em></strong></span> <span class='ocrx_word' id='word_1_664' title='bbox 2491 4288 2650 4342; x_wconf 84' lang='lat' dir='ltr'><strong><em>veluti</em></strong></span> <span class='ocrx_word' id='word_1_665' title='bbox 2674 4289 2730 4341; x_wconf 92' lang='lat' dir='ltr'><strong><em>in</em></strong></span> <span class='ocrx_word' id='word_1_666' title='bbox 2760 4288 2994 4342; x_wconf 83' lang='lat' dir='ltr'><strong><em>humano</em></strong></span> <span class='ocrx_word' id='word_1_667' title='bbox 3020 4289 3201 4342; x_wconf 89' lang='lat' dir='ltr'><strong><em>animo</em></strong></span> <span class='ocrx_word' id='word_1_668' title='bbox 3237 4305 3343 4343; x_wconf 90' lang='lat' dir='ltr'><strong><em>non</em></strong></span> <span class='ocrx_word' id='word_1_669' title='bbox 3380 4291 3483 4344; x_wconf 87' lang='lat' dir='ltr'><strong><em>erit</em></strong></span> <span class='ocrx_word' id='word_1_670' title='bbox 3516 4291 3683 4345; x_wconf 83' lang='lat' dir='ltr'><strong><em>aliter</em></strong></span> 
     </span>
    </p>
   </div>
   <div class='ocr_carea' id='block_1_84' title="bbox 2090 4378 3678 4452">
    <p class='ocr_par' dir='ltr' id='par_1_84' title="bbox 2090 4378 3678 4452">
     <span class='ocr_line' id='line_1_84' title="bbox 2090 4378 3678 4452; baseline 0.007 -20"><span class='ocrx_word' id='word_1_671' title='bbox 2090 4394 2197 4449; x_wconf 73' lang='lat' dir='ltr'><strong><em>pan:</em></strong></span> <span class='ocrx_word' id='word_1_672' title='bbox 2219 4378 2354 4440; x_wconf 90' lang='lat' dir='ltr'><strong><em>alta,</em></strong></span> <span class='ocrx_word' id='word_1_673' title='bbox 2380 4380 2482 4433; x_wconf 85' lang='lat' dir='ltr'><strong><em>nisi</em></strong></span> <span class='ocrx_word' id='word_1_674' title='bbox 2501 4396 2628 4450; x_wconf 87' lang='lat' dir='ltr'><strong><em>pars</em></strong></span> <span class='ocrx_word' id='word_1_675' title='bbox 2654 4380 2877 4433; x_wconf 89' lang='lat' dir='ltr'><strong><em>rationis</em></strong></span> <span class='ocrx_word' id='word_1_676' title='bbox 2895 4381 3161 4450; x_wconf 88' lang='lat' dir='ltr'><strong><em>particeps</em></strong></span> <span class='ocrx_word' id='word_1_677' title='bbox 3190 4381 3292 4451; x_wconf 86' lang='lat' dir='ltr'><strong><em>ipsi</em></strong></span> <span class='ocrx_word' id='word_1_678' title='bbox 3306 4382 3678 4452; x_wconf 78' lang='lat' dir='ltr'><strong><em>imperaverit:</em></strong></span> 
     </span>
    </p>
   </div>
   <div class='ocr_carea' id='block_1_85' title="bbox 404 4460 3678 4545">
    <p class='ocr_par' dir='ltr' id='par_1_85' title="bbox 404 4460 3678 4545">
     <span class='ocr_line' id='line_1_85' title="bbox 404 4460 3678 4545; baseline 0.004 -26"><span class='ocrx_word' id='word_1_679' title='bbox 404 4472 600 4519; x_wconf 81' lang='lat' dir='ltr'><strong><em>venata</em></strong></span> <span class='ocrx_word' id='word_1_680' title='bbox 633 4472 728 4516; x_wconf 88' lang='lat' dir='ltr'><strong><em>est.</em></strong></span> <span class='ocrx_word' id='word_1_681' title='bbox 766 4460 1082 4532; x_wconf 75' lang='lat' dir='ltr'><strong><em>Caeteroqui,</em></strong></span> <span class='ocrx_word' id='word_1_682' title='bbox 1116 4461 1349 4515; x_wconf 76' lang='lat' dir='ltr'><strong><em>maxime</em></strong></span> <span class='ocrx_word' id='word_1_683' title='bbox 1385 4461 1673 4515; x_wconf 86' lang='lat' dir='ltr'><strong><em>absurdum</em></strong></span> <span class='ocrx_word' id='word_1_684' title='bbox 1711 4471 1863 4526; x_wconf 88' lang='lat' dir='ltr'><strong><em>esset,</em></strong></span> <span class='ocrx_word' id='word_1_685' title='bbox 1905 4480 1992 4517; x_wconf 85' lang='lat' dir='ltr'><strong><em>sa-</em></strong></span> <span class='ocrx_word' id='word_1_686' title='bbox 2024 4468 2079 4524; x_wconf 31' lang='lat' dir='ltr'><strong><em>D&#39;</em></strong></span> <span class='ocrx_word' id='word_1_687' title='bbox 2098 4468 2224 4540; x_wconf 86' lang='lat' dir='ltr'><strong><em>pars</em></strong></span> <span class='ocrx_word' id='word_1_688' title='bbox 2252 4485 2376 4523; x_wconf 83' lang='lat' dir='ltr'><strong><em>vero</em></strong></span> <span class='ocrx_word' id='word_1_689' title='bbox 2407 4470 2822 4539; x_wconf 74' lang='lat' dir='ltr'><strong><em>concupiscibilfs</em></strong></span> <span class='ocrx_word' id='word_1_690' title='bbox 2848 4470 3149 4525; x_wconf 78' lang='lat' dir='ltr'><strong><em>submiserit</em></strong></span> <span class='ocrx_word' id='word_1_691' title='bbox 3177 4488 3254 4536; x_wconf 90' lang='lat' dir='ltr'><strong><em>se,</em></strong></span> <span class='ocrx_word' id='word_1_692' title='bbox 3289 4474 3517 4545; x_wconf 85' lang='lat' dir='ltr'><strong><em>itemque</em></strong></span> <span class='ocrx_word' id='word_1_693' title='bbox 3564 4479 3678 4533; x_wconf 86' lang='lat' dir='ltr'><strong><em>ira-</em></strong></span> 
     </span>
    </p>
   </div>
   <div class='ocr_carea' id='block_1_86' title="bbox 407 4552 1993 4627">
    <p class='ocr_par' dir='ltr' id='par_1_86' title="bbox 407 4552 1993 4627">
     <span class='ocr_line' id='line_1_86' title="bbox 407 4552 1993 4627; baseline 0 -20"><span class='ocrx_word' id='word_1_694' title='bbox 407 4555 690 4627; x_wconf 90' lang='lat' dir='ltr'><strong><em>pientiam,</em></strong></span> <span class='ocrx_word' id='word_1_695' title='bbox 708 4568 824 4624; x_wconf 78' lang='lat' dir='ltr'><strong><em>qua:</em></strong></span> <span class='ocrx_word' id='word_1_696' title='bbox 846 4552 1163 4606; x_wconf 86' lang='lat' dir='ltr'><strong><em>altissimum</em></strong></span> <span class='ocrx_word' id='word_1_697' title='bbox 1191 4554 1329 4606; x_wconf 88' lang='lat' dir='ltr'><strong><em>inter</em></strong></span> <span class='ocrx_word' id='word_1_698' title='bbox 1349 4554 1568 4606; x_wconf 89' lang='lat' dir='ltr'><strong><em>virtutes</em></strong></span> <span class='ocrx_word' id='word_1_699' title='bbox 1588 4552 1759 4606; x_wconf 87' lang='lat' dir='ltr'><strong><em>locum</em></strong></span> <span class='ocrx_word' id='word_1_700' title='bbox 1777 4561 1935 4616; x_wconf 88' lang='lat' dir='ltr'><strong><em>tenet,</em></strong></span> <span class='ocrx_word' id='word_1_701' title='bbox 1960 4571 1993 4608; x_wconf 89' lang='lat' dir='ltr'><strong><em>a</em></strong></span> 
     </span>
    </p>
   </div>
   <div class='ocr_carea' id='block_1_87' title="bbox 408 4647 1994 4718">
    <p class='ocr_par' dir='ltr' id='par_1_87' title="bbox 408 4647 1994 4718">
     <span class='ocr_line' id='line_1_87' title="bbox 408 4647 1994 4718; baseline -0.002 -15"><span class='ocrx_word' id='word_1_702' title='bbox 408 4650 584 4703; x_wconf 89' lang='lat' dir='ltr'><strong><em>nescia</em></strong></span> <span class='ocrx_word' id='word_1_703' title='bbox 603 4664 706 4717; x_wconf 90' lang='lat' dir='ltr'><strong><em>qua</em></strong></span> <span class='ocrx_word' id='word_1_704' title='bbox 730 4648 1019 4701; x_wconf 88' lang='lat' dir='ltr'><strong><em>vitiositate</em></strong></span> <span class='ocrx_word' id='word_1_705' title='bbox 1038 4654 1149 4701; x_wconf 92' lang='lat' dir='ltr'><strong><em>tam</em></strong></span> <span class='ocrx_word' id='word_1_706' title='bbox 1186 4647 1401 4718; x_wconf 68' lang='lat' dir='ltr'><strong><em>inopia,</em></strong></span> <span class='ocrx_word' id='word_1_707' title='bbox 1426 4661 1588 4716; x_wconf 89' lang='lat' dir='ltr'><strong><em>quam</em></strong></span> <span class='ocrx_word' id='word_1_708' title='bbox 1608 4649 1795 4717; x_wconf 77' lang='lat' dir='ltr'><strong><em>capite,</em></strong></span> <span class='ocrx_word' id='word_1_709' title='bbox 1819 4649 1994 4717; x_wconf 81' lang='lat' dir='ltr'><strong><em>potius</em></strong></span> 
     </span>
    </p>
   </div>
   <div class='ocr_carea' id='block_1_88' title="bbox 410 4737 1992 4810">
    <p class='ocr_par' dir='ltr' id='par_1_88' title="bbox 410 4737 1992 4810">
     <span class='ocr_line' id='line_1_88' title="bbox 410 4737 1992 4810; baseline -0.001 -16"><span class='ocrx_word' id='word_1_710' title='bbox 410 4757 573 4810; x_wconf 86' lang='lat' dir='ltr'><strong><em>quam</em></strong></span> <span class='ocrx_word' id='word_1_711' title='bbox 614 4757 647 4794; x_wconf 91' lang='lat' dir='ltr'><strong><em>a</em></strong></span> <span class='ocrx_word' id='word_1_712' title='bbox 695 4740 887 4793; x_wconf 89' lang='lat' dir='ltr'><strong><em>virtute</em></strong></span> <span class='ocrx_word' id='word_1_713' title='bbox 931 4739 1251 4809; x_wconf 71' lang='lat' dir='ltr'><strong><em>suﬁ&#39;icientite</em></strong></span> <span class='ocrx_word' id='word_1_714' title='bbox 1297 4755 1486 4793; x_wconf 88' lang='lat' dir='ltr'><strong><em>nomen</em></strong></span> <span class='ocrx_word' id='word_1_715' title='bbox 1522 4737 1830 4792; x_wconf 84' lang='lat' dir='ltr'><strong><em>obtinuisse.</em></strong></span> <span class='ocrx_word' id='word_1_716' title='bbox 1868 4738 1992 4793; x_wconf 84' lang='lat' dir='ltr'><strong><em>Jam</em></strong></span> 
     </span>
    </p>
   </div>
   <div class='ocr_carea' id='block_1_89' title="bbox 411 4829 1992 4900">
    <p class='ocr_par' dir='ltr' id='par_1_89' title="bbox 411 4829 1992 4900">
     <span class='ocr_line' id='line_1_89' title="bbox 411 4829 1992 4900; baseline -0.002 -15"><span class='ocrx_word' id='word_1_717' title='bbox 411 4836 535 4886; x_wconf 74' lang='lat' dir='ltr'><strong><em>vero</em></strong></span> <span class='ocrx_word' id='word_1_718' title='bbox 562 4830 699 4900; x_wconf 91' lang='lat' dir='ltr'><strong><em>quod</em></strong></span> <span class='ocrx_word' id='word_1_719' title='bbox 729 4833 981 4900; x_wconf 83' lang='lat' dir='ltr'><strong><em>possessio</em></strong></span> <span class='ocrx_word' id='word_1_720' title='bbox 1016 4829 1174 4883; x_wconf 85' lang='lat' dir='ltr'><strong><em>medii</em></strong></span> <span class='ocrx_word' id='word_1_721' title='bbox 1198 4831 1285 4888; x_wconf 87' lang='lat' dir='ltr'><strong><em>sit.</em></strong></span> <span class='ocrx_word' id='word_1_722' title='bbox 1312 4831 1476 4883; x_wconf 89' lang='lat' dir='ltr'><strong><em>etiam</em></strong></span> <span class='ocrx_word' id='word_1_723' title='bbox 1504 4846 1567 4884; x_wconf 76' lang='lat' dir='ltr'><strong><em>ea:</em></strong></span> <span class='ocrx_word' id='word_1_724' title='bbox 1593 4832 1657 4885; x_wconf 92' lang='lat' dir='ltr'><strong><em>iis</em></strong></span> <span class='ocrx_word' id='word_1_725' title='bbox 1688 4835 1804 4900; x_wconf 76' lang='lat' dir='ltr'><strong><em>qua:</em></strong></span> <span class='ocrx_word' id='word_1_726' title='bbox 1831 4829 1992 4884; x_wconf 86' lang='lat' dir='ltr'><strong><em>colle-</em></strong></span> 
     </span>
    </p>
   </div>
   <div class='ocr_carea' id='block_1_90' title="bbox 412 4917 1994 4991">
    <p class='ocr_par' dir='ltr' id='par_1_90' title="bbox 412 4917 1994 4991">
     <span class='ocr_line' id='line_1_90' title="bbox 412 4917 1994 4991; baseline -0.002 -16"><span class='ocrx_word' id='word_1_727' title='bbox 412 4922 583 4991; x_wconf 89' lang='lat' dir='ltr'><strong><em>gimus</em></strong></span> <span class='ocrx_word' id='word_1_728' title='bbox 633 4936 696 4974; x_wconf 78' lang='lat' dir='ltr'><strong><em>ea:</em></strong></span> <span class='ocrx_word' id='word_1_729' title='bbox 742 4920 996 4984; x_wconf 87' lang='lat' dir='ltr'><strong><em>historiis,</em></strong></span> <span class='ocrx_word' id='word_1_730' title='bbox 1046 4920 1091 4971; x_wconf 89' lang='lat' dir='ltr'><strong><em>si</em></strong></span> <span class='ocrx_word' id='word_1_731' title='bbox 1144 4917 1303 4982; x_wconf 84' lang='lat' dir='ltr'><strong><em>lubet,</em></strong></span> <span class='ocrx_word' id='word_1_732' title='bbox 1350 4929 1660 4989; x_wconf 87' lang='lat' dir='ltr'><strong><em>spectemus.</em></strong></span> <span class='ocrx_word' id='word_1_733' title='bbox 1717 4919 1994 4974; x_wconf 85' lang='lat' dir='ltr'><strong><em>Enimvero</em></strong></span> 
     </span>
    </p>
   </div>
   <div class='ocr_carea' id='block_1_91' title="bbox 390 5010 1993 5081">
    <p class='ocr_par' dir='ltr' id='par_1_91' title="bbox 390 5010 1993 5081">
     <span class='ocr_line' id='line_1_91' title="bbox 390 5010 1993 5081; baseline 0 -17"><span class='ocrx_word' id='word_1_734' title='bbox 390 5010 702 5075; x_wconf 74' lang='lat' dir='ltr'><strong><em>.Phaenices,</em></strong></span> <span class='ocrx_word' id='word_1_735' title='bbox 749 5011 889 5081; x_wconf 89' lang='lat' dir='ltr'><strong><em>quod</em></strong></span> <span class='ocrx_word' id='word_1_736' title='bbox 921 5010 1064 5062; x_wconf 87' lang='lat' dir='ltr'><strong><em>avidi</em></strong></span> <span class='ocrx_word' id='word_1_737' title='bbox 1097 5011 1446 5079; x_wconf 85' lang='lat' dir='ltr'><strong><em>pecuniarum</em></strong></span> <span class='ocrx_word' id='word_1_738' title='bbox 1487 5019 1537 5063; x_wconf 89' lang='lat' dir='ltr'><strong><em>et</em></strong></span> <span class='ocrx_word' id='word_1_739' title='bbox 1582 5010 1816 5081; x_wconf 85' lang='lat' dir='ltr'><strong><em>opulenti</em></strong></span> <span class='ocrx_word' id='word_1_740' title='bbox 1864 5014 1993 5076; x_wconf 86' lang='lat' dir='ltr'><strong><em>sint,</em></strong></span> 
     </span>
    </p>
   </div>
   <div class='ocr_carea' id='block_1_92' title="bbox 415 5098 1993 5170">
    <p class='ocr_par' dir='ltr' id='par_1_92' title="bbox 415 5098 1993 5170">
     <span class='ocr_line' id='line_1_92' title="bbox 415 5098 1993 5170; baseline 0.002 -17"><span class='ocrx_word' id='word_1_741' title='bbox 415 5117 666 5170; x_wconf 83' lang='lat' dir='ltr'><strong><em>magnum</em></strong></span> <span class='ocrx_word' id='word_1_742' title='bbox 723 5101 1001 5170; x_wconf 79' lang='lat' dir='ltr'><strong><em>sapientia:</em></strong></span> <span class='ocrx_word' id='word_1_743' title='bbox 1053 5098 1313 5169; x_wconf 82' lang='lat' dir='ltr'><strong><em>peculium</em></strong></span> <span class='ocrx_word' id='word_1_744' title='bbox 1361 5101 1579 5155; x_wconf 89' lang='lat' dir='ltr'><strong><em>minime</em></strong></span> <span class='ocrx_word' id='word_1_745' title='bbox 1627 5104 1805 5157; x_wconf 89' lang='lat' dir='ltr'><strong><em>sortiti</em></strong></span> <span class='ocrx_word' id='word_1_746' title='bbox 1833 5112 1993 5170; x_wconf 89' lang='lat' dir='ltr'><strong><em>sunt;</em></strong></span> 
     </span>
    </p>
   </div>
   <div class='ocr_carea' id='block_1_93' title="bbox 413 5189 1994 5264">
    <p class='ocr_par' dir='ltr' id='par_1_93' title="bbox 413 5189 1994 5264">
     <span class='ocr_line' id='line_1_93' title="bbox 413 5189 1994 5264; baseline 0.003 -18"><span class='ocrx_word' id='word_1_747' title='bbox 413 5189 619 5262; x_wconf 77' lang='lat' dir='ltr'><strong><em>Scy:haz</em></strong></span> <span class='ocrx_word' id='word_1_748' title='bbox 647 5209 789 5253; x_wconf 85' lang='lat' dir='ltr'><strong><em>vero,</em></strong></span> <span class='ocrx_word' id='word_1_749' title='bbox 820 5194 959 5246; x_wconf 86' lang='lat' dir='ltr'><strong><em>inter</em></strong></span> <span class='ocrx_word' id='word_1_750' title='bbox 988 5192 1122 5245; x_wconf 89' lang='lat' dir='ltr'><strong><em>alias</em></strong></span> <span class='ocrx_word' id='word_1_751' title='bbox 1149 5201 1325 5260; x_wconf 86' lang='lat' dir='ltr'><strong><em>gentes</em></strong></span> <span class='ocrx_word' id='word_1_752' title='bbox 1354 5194 1707 5264; x_wconf 88' lang='lat' dir='ltr'><strong><em>pauperrimi,</em></strong></span> <span class='ocrx_word' id='word_1_753' title='bbox 1733 5204 1783 5249; x_wconf 91' lang='lat' dir='ltr'><strong><em>et</em></strong></span> <span class='ocrx_word' id='word_1_754' title='bbox 1800 5196 1994 5250; x_wconf 84' lang='lat' dir='ltr'><strong><em>Numi-</em></strong></span> 
     </span>
    </p>
   </div>
   <div class='ocr_carea' id='block_1_94' title="bbox 414 5285 1996 5357">
    <p class='ocr_par' dir='ltr' id='par_1_94' title="bbox 414 5285 1996 5357">
     <span class='ocr_line' id='line_1_94' title="bbox 414 5285 1996 5357; baseline 0.004 -20"><span class='ocrx_word' id='word_1_755' title='bbox 414 5286 604 5340; x_wconf 88' lang='lat' dir='ltr'><strong><em>darum</em></strong></span> <span class='ocrx_word' id='word_1_756' title='bbox 637 5304 820 5357; x_wconf 84' lang='lat' dir='ltr'><strong><em>genus,</em></strong></span> <span class='ocrx_word' id='word_1_757' title='bbox 862 5294 987 5340; x_wconf 90' lang='lat' dir='ltr'><strong><em>sunt</em></strong></span> <span class='ocrx_word' id='word_1_758' title='bbox 1026 5285 1366 5339; x_wconf 86' lang='lat' dir='ltr'><strong><em>nihilominus</em></strong></span> <span class='ocrx_word' id='word_1_759' title='bbox 1399 5302 1545 5356; x_wconf 69' lang='lat' dir='ltr'><strong><em>aeque</em></strong></span> <span class='ocrx_word' id='word_1_760' title='bbox 1573 5289 1748 5352; x_wconf 85' lang='lat' dir='ltr'><strong><em>rudes,</em></strong></span> <span class='ocrx_word' id='word_1_761' title='bbox 1796 5290 1996 5344; x_wconf 87' lang='lat' dir='ltr'><strong><em>indocti</em></strong></span> 
     </span>
    </p>
   </div>
   <div class='ocr_carea' id='block_1_95' title="bbox 413 5372 1990 5448">
    <p class='ocr_par' dir='ltr' id='par_1_95' title="bbox 413 5372 1990 5448">
     <span class='ocr_line' id='line_1_95' title="bbox 413 5372 1990 5448; baseline 0.004 -19"><span class='ocrx_word' id='word_1_762' title='bbox 413 5387 462 5429; x_wconf 90' lang='lat' dir='ltr'><strong><em>et</em></strong></span> <span class='ocrx_word' id='word_1_763' title='bbox 514 5380 761 5448; x_wconf 87' lang='lat' dir='ltr'><strong><em>imperiti.</em></strong></span> <span class='ocrx_word' id='word_1_764' title='bbox 814 5379 981 5446; x_wconf 82' lang='lat' dir='ltr'><strong><em>Atque</em></strong></span> <span class='ocrx_word' id='word_1_765' title='bbox 1031 5372 1218 5442; x_wconf 69' lang='lat' dir='ltr'><strong><em>Graeci,</em></strong></span> <span class='ocrx_word' id='word_1_766' title='bbox 1252 5377 1343 5446; x_wconf 86' lang='lat' dir='ltr'><strong><em>qui</em></strong></span> <span class='ocrx_word' id='word_1_767' title='bbox 1399 5392 1503 5430; x_wconf 87' lang='lat' dir='ltr'><strong><em>non</em></strong></span> <span class='ocrx_word' id='word_1_768' title='bbox 1541 5378 1883 5434; x_wconf 84' lang='lat' dir='ltr'><strong><em>immoderate</em></strong></span> <span class='ocrx_word' id='word_1_769' title='bbox 1934 5384 1990 5436; x_wconf 89' lang='lat' dir='ltr'><strong><em>in</em></strong></span> 
     </span>
    </p>
   </div>
   <div class='ocr_carea' id='block_1_96' title="bbox 484 5555 1247 5627">
    <p class='ocr_par' dir='ltr' id='par_1_96' title="bbox 484 5555 1247 5627">
     <span class='ocr_line' id='line_1_96' title="bbox 484 5555 1247 5627; baseline 0.004 -18"><span class='ocrx_word' id='word_1_770' title='bbox 484 5557 597 5627; x_wconf 76' lang='lat' dir='ltr'><strong><em>(I5)</em></strong></span> <span class='ocrx_word' id='word_1_771' title='bbox 624 5557 722 5613; x_wconf 82' lang='lat' dir='ltr'><strong><em>Ms.</em></strong></span> <span class='ocrx_word' id='word_1_772' title='bbox 762 5555 1247 5612; x_wconf 79' lang='grc' dir='ltr'>ὲπεισκυκλεῖσαν.</span> 
     </span>
    </p>
   </div>
   <div class='ocr_carea' id='block_1_97' title="bbox 481 5627 1003 5698">
    <p class='ocr_par' dir='ltr' id='par_1_97' title="bbox 481 5627 1003 5698">
     <span class='ocr_line' id='line_1_97' title="bbox 481 5627 1003 5698; baseline 0 -16"><span class='ocrx_word' id='word_1_773' title='bbox 481 5628 595 5697; x_wconf 80' lang='grc'><strong><em>(16)</em></strong></span> <span class='ocrx_word' id='word_1_774' title='bbox 753 5630 1003 5698; x_wconf 84' lang='grc' dir='ltr'>λάχησιν.</span> 
     </span>
    </p>
   </div>
   <div class='ocr_carea' id='block_1_98' title="bbox 485 5696 1041 5766">
    <p class='ocr_par' dir='ltr' id='par_1_98' title="bbox 485 5696 1041 5766">
     <span class='ocr_line' id='line_1_98' title="bbox 485 5696 1041 5766; baseline 0.009 -16"><span class='ocrx_word' id='word_1_775' title='bbox 485 5696 598 5765; x_wconf 75' lang='lat' dir='ltr'><strong><em>H7)</em></strong></span> <span class='ocrx_word' id='word_1_776' title='bbox 630 5696 728 5752; x_wconf 84' lang='lat' dir='ltr'><strong><em>Ms.</em></strong></span> <span class='ocrx_word' id='word_1_777' title='bbox 759 5696 1041 5766; x_wconf 65' lang='grc' dir='ltr'>ἀλογιστα.</span> 
     </span>
    </p>
   </div>
   <div class='ocr_carea' id='block_1_99' title="bbox 487 5768 959 5837">
    <p class='ocr_par' dir='ltr' id='par_1_99' title="bbox 487 5768 959 5837">
     <span class='ocr_line' id='line_1_99' title="bbox 487 5768 959 5837; baseline 0.002 -16"><span class='ocrx_word' id='word_1_778' title='bbox 487 5769 600 5837; x_wconf 81' lang='grc'><strong>(17)</strong></span> <span class='ocrx_word' id='word_1_779' title='bbox 633 5769 737 5824; x_wconf 81' lang='lat' dir='ltr'><strong><em>Ms.</em></strong></span> <span class='ocrx_word' id='word_1_780' title='bbox 761 5768 959 5833; x_wconf 81' lang='grc' dir='ltr'>ἄλλως.</span> 
     </span>
    </p>
   </div>
   <div class='ocr_carea' id='block_1_100' title="bbox 490 5839 943 5912">
    <p class='ocr_par' dir='ltr' id='par_1_100' title="bbox 490 5839 943 5912">
     <span class='ocr_line' id='line_1_100' title="bbox 490 5839 943 5912; baseline -0.002 -19"><span class='ocrx_word' id='word_1_781' title='bbox 490 5839 602 5912; x_wconf 76' lang='lat' dir='ltr'><strong><em>(i8)</em></strong></span> <span class='ocrx_word' id='word_1_782' title='bbox 625 5839 723 5896; x_wconf 66' lang='grc' dir='ltr'><strong><em>ΜΒ.</em></strong></span> <span class='ocrx_word' id='word_1_783' title='bbox 760 5840 943 5909; x_wconf 80' lang='grc' dir='ltr'>ἄρχει.</span> 
     </span>
    </p>
   </div>
   <div class='ocr_carea' id='block_1_101' title="bbox 2095 4558 3679 4638">
    <p class='ocr_par' dir='ltr' id='par_1_101' title="bbox 2095 4558 3679 4638">
     <span class='ocr_line' id='line_1_101' title="bbox 2095 4558 3679 4638; baseline 0.006 -25"><span class='ocrx_word' id='word_1_784' title='bbox 2095 4558 2289 4614; x_wconf 69' lang='lat' dir='ltr'><strong><em>scibilis</em></strong></span> <span class='ocrx_word' id='word_1_785' title='bbox 2330 4563 2536 4614; x_wconf 86' lang='lat' dir='ltr'><strong><em>cesserit</em></strong></span> <span class='ocrx_word' id='word_1_786' title='bbox 2575 4563 2683 4614; x_wconf 87' lang='lat' dir='ltr'><strong><em>:sic</em></strong></span> <span class='ocrx_word' id='word_1_787' title='bbox 2709 4564 2869 4614; x_wconf 85' lang='lat' dir='ltr'><strong><em>etiam</em></strong></span> <span class='ocrx_word' id='word_1_788' title='bbox 2897 4561 2951 4614; x_wconf 90' lang='lat' dir='ltr'><strong><em>in</em></strong></span> <span class='ocrx_word' id='word_1_789' title='bbox 2983 4577 3087 4632; x_wconf 90' lang='lat' dir='ltr'><strong><em>qua</em></strong></span> <span class='ocrx_word' id='word_1_790' title='bbox 3111 4562 3320 4617; x_wconf 90' lang='lat' dir='ltr'><strong><em>civitate</em></strong></span> <span class='ocrx_word' id='word_1_791' title='bbox 3344 4564 3679 4638; x_wconf 83' lang='lat' dir='ltr'><strong><em>philosopho-</em></strong></span> 
     </span>
    </p>
   </div>
   <div class='ocr_carea' id='block_1_102' title="bbox 2096 4654 3679 4728">
    <p class='ocr_par' dir='ltr' id='par_1_102' title="bbox 2096 4654 3679 4728">
     <span class='ocr_line' id='line_1_102' title="bbox 2096 4654 3679 4728; baseline 0.007 -23"><span class='ocrx_word' id='word_1_792' title='bbox 2096 4668 2213 4705; x_wconf 85' lang='lat' dir='ltr'><strong><em>rum</em></strong></span> <span class='ocrx_word' id='word_1_793' title='bbox 2242 4668 2405 4723; x_wconf 87' lang='lat' dir='ltr'><strong><em>genus</em></strong></span> <span class='ocrx_word' id='word_1_794' title='bbox 2442 4668 2547 4707; x_wconf 90' lang='lat' dir='ltr'><strong><em>non</em></strong></span> <span class='ocrx_word' id='word_1_795' title='bbox 2586 4654 2826 4707; x_wconf 86' lang='lat' dir='ltr'><strong><em>habuerit</em></strong></span> <span class='ocrx_word' id='word_1_796' title='bbox 2880 4656 3263 4726; x_wconf 86' lang='lat' dir='ltr'><strong><em>principatum,</em></strong></span> <span class='ocrx_word' id='word_1_797' title='bbox 3298 4662 3679 4728; x_wconf 79' lang='lat' dir='ltr'><strong><em>queestuarium</em></strong></span> 
     </span>
    </p>
   </div>
   <div class='ocr_carea' id='block_1_103' title="bbox 2095 4745 3676 4823">
    <p class='ocr_par' dir='ltr' id='par_1_103' title="bbox 2095 4745 3676 4823">
     <span class='ocr_line' id='line_1_103' title="bbox 2095 4745 3676 4823; baseline 0.006 -26"><span class='ocrx_word' id='word_1_798' title='bbox 2095 4759 2216 4797; x_wconf 90' lang='lat' dir='ltr'><strong><em>vero</em></strong></span> <span class='ocrx_word' id='word_1_799' title='bbox 2238 4755 2289 4797; x_wconf 88' lang='lat' dir='ltr'><strong><em>et</em></strong></span> <span class='ocrx_word' id='word_1_800' title='bbox 2318 4745 2549 4799; x_wconf 85' lang='lat' dir='ltr'><strong><em>militare</em></strong></span> <span class='ocrx_word' id='word_1_801' title='bbox 2583 4746 2885 4815; x_wconf 64' lang='lat' dir='ltr'><strong><em>praefuerit;</em></strong></span> <span class='ocrx_word' id='word_1_802' title='bbox 2923 4748 3340 4820; x_wconf 73' lang='lat' dir='ltr'><strong><em>haudquaquam</em></strong></span> <span class='ocrx_word' id='word_1_803' title='bbox 3368 4752 3676 4823; x_wconf 73' lang='lat' dir='ltr'><strong><em>tranquilli~</em></strong></span> 
     </span>
    </p>
   </div>
   <div class='ocr_carea' id='block_1_104' title="bbox 2097 4836 3676 4913">
    <p class='ocr_par' dir='ltr' id='par_1_104' title="bbox 2097 4836 3676 4913">
     <span class='ocr_line' id='line_1_104' title="bbox 2097 4836 3676 4913; baseline 0.006 -26"><span class='ocrx_word' id='word_1_804' title='bbox 2097 4836 2226 4889; x_wconf 88' lang='lat' dir='ltr'><strong><em>tatis</em></strong></span> <span class='ocrx_word' id='word_1_805' title='bbox 2257 4836 2392 4889; x_wconf 91' lang='lat' dir='ltr'><strong><em>bona</em></strong></span> <span class='ocrx_word' id='word_1_806' title='bbox 2426 4838 2728 4891; x_wconf 87' lang='lat' dir='ltr'><strong><em>constitutio</em></strong></span> <span class='ocrx_word' id='word_1_807' title='bbox 2767 4839 2891 4892; x_wconf 92' lang='lat' dir='ltr'><strong><em>erit.</em></strong></span> <span class='ocrx_word' id='word_1_808' title='bbox 2924 4837 3080 4893; x_wconf 89' lang='lat' dir='ltr'><strong><em>Nunc</em></strong></span> <span class='ocrx_word' id='word_1_809' title='bbox 3118 4850 3294 4893; x_wconf 86' lang='lat' dir='ltr'><strong><em>autem</em></strong></span> <span class='ocrx_word' id='word_1_810' title='bbox 3325 4840 3483 4895; x_wconf 85' lang='lat' dir='ltr'><strong><em>aliter</em></strong></span> <span class='ocrx_word' id='word_1_811' title='bbox 3514 4858 3676 4913; x_wconf 78' lang='lat' dir='ltr'><strong><em>quam</em></strong></span> 
     </span>
    </p>
   </div>
   <div class='ocr_carea' id='block_1_105' title="bbox 2094 4931 3679 5004">
    <p class='ocr_par' dir='ltr' id='par_1_105' title="bbox 2094 4931 3679 5004">
     <span class='ocr_line' id='line_1_105' title="bbox 2094 4931 3679 5004; baseline 0.006 -24"><span class='ocrx_word' id='word_1_812' title='bbox 2094 4937 2295 4998; x_wconf 77' lang='lat' dir='ltr'><strong><em>Oportet</em></strong></span> <span class='ocrx_word' id='word_1_813' title='bbox 2322 4944 2378 4982; x_wconf 89' lang='lat' dir='ltr'><strong><em>se</em></strong></span> <span class='ocrx_word' id='word_1_814' title='bbox 2409 4946 2492 4983; x_wconf 91' lang='lat' dir='ltr'><strong><em>res</em></strong></span> <span class='ocrx_word' id='word_1_815' title='bbox 2515 4931 2687 4995; x_wconf 87' lang='lat' dir='ltr'><strong><em>habet,</em></strong></span> <span class='ocrx_word' id='word_1_816' title='bbox 2724 4941 2782 4985; x_wconf 90' lang='lat' dir='ltr'><strong><em>at</em></strong></span> <span class='ocrx_word' id='word_1_817' title='bbox 2813 4948 3037 4986; x_wconf 89' lang='lat' dir='ltr'><strong><em>curnam</em></strong></span> <span class='ocrx_word' id='word_1_818' title='bbox 3064 4948 3235 4987; x_wconf 89' lang='lat' dir='ltr'><strong><em>sermo</em></strong></span> <span class='ocrx_word' id='word_1_819' title='bbox 3266 4934 3536 5004; x_wconf 79' lang='lat' dir='ltr'><strong><em>despectus</em></strong></span> <span class='ocrx_word' id='word_1_820' title='bbox 3559 4948 3630 4989; x_wconf 79' lang='lat' dir='ltr'><strong><em>(st</em></strong></span> <span class='ocrx_word' id='word_1_821' title='bbox 3653 4937 3679 4989; x_wconf 85' lang='lat'><strong><em>?</em></strong></span> 
     </span>
    </p>
   </div>
   <div class='ocr_carea' id='block_1_106' title="bbox 2098 5017 3676 5094">
    <p class='ocr_par' dir='ltr' id='par_1_106' title="bbox 2098 5017 3676 5094">
     <span class='ocr_line' id='line_1_106' title="bbox 2098 5017 3676 5094; baseline 0.004 -23"><span class='ocrx_word' id='word_1_822' title='bbox 2098 5017 2310 5083; x_wconf 72' lang='lat' dir='ltr'><strong><em>Quazro,</em></strong></span> <span class='ocrx_word' id='word_1_823' title='bbox 2335 5020 2382 5072; x_wconf 92' lang='lat' dir='ltr'><strong><em>si</em></strong></span> <span class='ocrx_word' id='word_1_824' title='bbox 2403 5021 2521 5089; x_wconf 85' lang='lat' dir='ltr'><strong><em>quis</em></strong></span> <span class='ocrx_word' id='word_1_825' title='bbox 2542 5023 2833 5075; x_wconf 88' lang='lat' dir='ltr'><strong><em>etiamnum</em></strong></span> <span class='ocrx_word' id='word_1_826' title='bbox 2859 5022 3183 5076; x_wconf 79' lang='lat' dir='ltr'><strong><em>Adimantus</em></strong></span> <span class='ocrx_word' id='word_1_827' title='bbox 3206 5024 3527 5091; x_wconf 72' lang='lat' dir='ltr'><strong><em>qumsiverit,</em></strong></span> <span class='ocrx_word' id='word_1_828' title='bbox 3569 5041 3676 5094; x_wconf 69' lang='lat' dir='ltr'><strong><em>qua</em></strong></span> 
     </span>
    </p>
   </div>
   <div class='ocr_carea' id='block_1_107' title="bbox 2096 5110 3675 5183">
    <p class='ocr_par' dir='ltr' id='par_1_107' title="bbox 2096 5110 3675 5183">
     <span class='ocr_line' id='line_1_107' title="bbox 2096 5110 3675 5183; baseline 0.004 -22"><span class='ocrx_word' id='word_1_829' title='bbox 2096 5110 2160 5161; x_wconf 89' lang='lat' dir='ltr'><strong><em>de</em></strong></span> <span class='ocrx_word' id='word_1_830' title='bbox 2185 5125 2347 5165; x_wconf 87' lang='lat' dir='ltr'><strong><em>causa</em></strong></span> <span class='ocrx_word' id='word_1_831' title='bbox 2377 5112 2538 5165; x_wconf 84' lang='lat' dir='ltr'><strong><em>etiam</em></strong></span> <span class='ocrx_word' id='word_1_832' title='bbox 2563 5114 2620 5165; x_wconf 89' lang='lat' dir='ltr'><strong><em>in</em></strong></span> <span class='ocrx_word' id='word_1_833' title='bbox 2649 5112 2861 5165; x_wconf 85' lang='lat' dir='ltr'><strong><em>urbibus</em></strong></span> <span class='ocrx_word' id='word_1_834' title='bbox 2881 5111 3175 5183; x_wconf 88' lang='lat' dir='ltr'><strong><em>philosophi</em></strong></span> <span class='ocrx_word' id='word_1_835' title='bbox 3207 5128 3310 5165; x_wconf 88' lang='lat' dir='ltr'><strong><em>non</em></strong></span> <span class='ocrx_word' id='word_1_836' title='bbox 3330 5114 3675 5180; x_wconf 78' lang='lat' dir='ltr'><strong><em>honorentur,</em></strong></span> 
     </span>
    </p>
   </div>
   <div class='ocr_carea' id='block_1_108' title="bbox 2096 5195 3675 5273">
    <p class='ocr_par' dir='ltr' id='par_1_108' title="bbox 2096 5195 3675 5273">
     <span class='ocr_line' id='line_1_108' title="bbox 2096 5195 3675 5273; baseline 0.002 -20"><span class='ocrx_word' id='word_1_837' title='bbox 2096 5195 2342 5254; x_wconf 89' lang='lat' dir='ltr'><strong><em>Socrates</em></strong></span> <span class='ocrx_word' id='word_1_838' title='bbox 2373 5206 2596 5272; x_wconf 82' lang='lat' dir='ltr'><strong><em>paratus</em></strong></span> <span class='ocrx_word' id='word_1_839' title='bbox 2626 5202 2786 5271; x_wconf 82' lang='lat' dir='ltr'><strong><em>fuerit</em></strong></span> <span class='ocrx_word' id='word_1_840' title='bbox 2822 5201 2893 5255; x_wconf 91' lang='lat' dir='ltr'><strong><em>ad</em></strong></span> <span class='ocrx_word' id='word_1_841' title='bbox 2930 5202 3247 5255; x_wconf 87' lang='lat' dir='ltr'><strong><em>solutionem</em></strong></span> <span class='ocrx_word' id='word_1_842' title='bbox 3269 5203 3675 5273; x_wconf 78' lang='lat' dir='ltr'><strong><em>subjiciendum,</em></strong></span> 
     </span>
    </p>
   </div>
   <div class='ocr_carea' id='block_1_109' title="bbox 2093 5292 3678 5355">
    <p class='ocr_par' dir='ltr' id='par_1_109' title="bbox 2093 5292 3678 5355">
     <span class='ocr_line' id='line_1_109' title="bbox 2093 5292 3678 5355; baseline 0.002 -10"><span class='ocrx_word' id='word_1_843' title='bbox 2093 5292 2172 5346; x_wconf 87' lang='lat' dir='ltr'><strong><em>his</em></strong></span> <span class='ocrx_word' id='word_1_844' title='bbox 2205 5292 2371 5347; x_wconf 86' lang='lat' dir='ltr'><strong><em>verbis</em></strong></span> <span class='ocrx_word' id='word_1_845' title='bbox 2401 5301 2588 5347; x_wconf 88' lang='lat' dir='ltr'><strong><em>utens:</em></strong></span> <span class='ocrx_word' id='word_1_846' title='bbox 2610 5292 2917 5347; x_wconf 78' lang='lat' dir='ltr'><strong><em>Mirandum</em></strong></span> <span class='ocrx_word' id='word_1_847' title='bbox 2944 5302 3097 5355; x_wconf 90' lang='lat' dir='ltr'><strong><em>esset,</em></strong></span> <span class='ocrx_word' id='word_1_848' title='bbox 3130 5294 3176 5347; x_wconf 85' lang='lat' dir='ltr'><strong><em>sl</em></strong></span> <span class='ocrx_word' id='word_1_849' title='bbox 3206 5295 3261 5348; x_wconf 89' lang='lat' dir='ltr'><strong><em>in</em></strong></span> <span class='ocrx_word' id='word_1_850' title='bbox 3283 5294 3478 5348; x_wconf 86' lang='lat' dir='ltr'><strong><em>honore</em></strong></span> <span class='ocrx_word' id='word_1_851' title='bbox 3508 5305 3678 5348; x_wconf 71' lang='lat' dir='ltr'><strong><em>essent</em></strong></span> 
     </span>
    </p>
   </div>
   <div class='ocr_carea' id='block_1_110' title="bbox 2094 5383 3677 5456">
    <p class='ocr_par' dir='ltr' id='par_1_110' title="bbox 2094 5383 3677 5456">
     <span class='ocr_line' id='line_1_110' title="bbox 2094 5383 3677 5456; baseline 0.003 -18"><span class='ocrx_word' id='word_1_852' title='bbox 2094 5384 2239 5455; x_wconf 84' lang='lat' dir='ltr'><strong><em>apud</em></strong></span> <span class='ocrx_word' id='word_1_853' title='bbox 2261 5385 2497 5439; x_wconf 89' lang='lat' dir='ltr'><strong><em>civitates</em></strong></span> <span class='ocrx_word' id='word_1_854' title='bbox 2522 5384 2650 5440; x_wconf 90' lang='lat' dir='ltr'><strong><em>adeo</em></strong></span> <span class='ocrx_word' id='word_1_855' title='bbox 2675 5383 3026 5451; x_wconf 86' lang='lat' dir='ltr'><strong><em>temulentas;</em></strong></span> <span class='ocrx_word' id='word_1_856' title='bbox 3049 5388 3186 5456; x_wconf 89' lang='lat' dir='ltr'><strong><em>quod</em></strong></span> <span class='ocrx_word' id='word_1_857' title='bbox 3214 5388 3261 5441; x_wconf 87' lang='lat' dir='ltr'><strong><em>si</em></strong></span> <span class='ocrx_word' id='word_1_858' title='bbox 3277 5386 3463 5441; x_wconf 70' lang='lat' dir='ltr'><strong><em>sobria:</em></strong></span> <span class='ocrx_word' id='word_1_859' title='bbox 3483 5396 3677 5454; x_wconf 86' lang='lat' dir='ltr'><strong><em>essent,</em></strong></span> 
     </span>
    </p>
   </div>
   <div class='ocr_carea' id='block_1_111' title="bbox 2176 5563 3670 5637">
    <p class='ocr_par' dir='ltr' id='par_1_111' title="bbox 2176 5563 3670 5637">
     <span class='ocr_line' id='line_1_111' title="bbox 2176 5563 3670 5637; baseline 0.005 -23"><span class='ocrx_word' id='word_1_860' title='bbox 2176 5563 2289 5637; x_wconf 86' lang='lat'><strong><em>(_|9)</em></strong></span> <span class='ocrx_word' id='word_1_861' title='bbox 2317 5564 2517 5637; x_wconf 58' lang='lat'><strong><em>315.1?»</em></strong></span> <span class='ocrx_word' id='word_1_862' title='bbox 2571 5563 2623 5617; x_wconf 85' lang='grc' dir='ltr'>δὲ</span> <span class='ocrx_word' id='word_1_863' title='bbox 2686 5567 3120 5637; x_wconf 80' lang='grc' dir='ltr'>χρηματιστικόν</span> <span class='ocrx_word' id='word_1_864' title='bbox 3171 5584 3231 5621; x_wconf 83' lang='grc' dir='ltr'><strong><em>τε</em></strong></span> <span class='ocrx_word' id='word_1_865' title='bbox 3277 5567 3371 5622; x_wconf 76' lang='grc' dir='ltr'><strong><em>καὶ</em></strong></span> <span class='ocrx_word' id='word_1_866' title='bbox 3397 5583 3670 5637; x_wconf 84' lang='grc' dir='ltr'>στρατιω-</span> 
     </span>
    </p>
   </div>
   <div class='ocr_carea' id='block_1_112' title="bbox 2100 5634 3676 5708">
    <p class='ocr_par' dir='ltr' id='par_1_112' title="bbox 2100 5634 3676 5708">
     <span class='ocr_line' id='line_1_112' title="bbox 2100 5634 3676 5708; baseline 0.004 -26"><span class='ocrx_word' id='word_1_867' title='bbox 2100 5635 2256 5708; x_wconf 63' lang='grc' dir='ltr'>τικδν</span> <span class='ocrx_word' id='word_1_868' title='bbox 2278 5634 2869 5708; x_wconf 28' lang='grc' dir='ltr'>ἐπιτάττεταιρύκζάν</span> <span class='ocrx_word' id='word_1_869' title='bbox 2897 5653 3027 5708; x_wconf 80' lang='grc' dir='ltr'>ποτε</span> <span class='ocrx_word' id='word_1_870' title='bbox 3059 5637 3270 5708; x_wconf 82' lang='grc' dir='ltr'>γαλήνη</span> <span class='ocrx_word' id='word_1_871' title='bbox 3307 5641 3402 5692; x_wconf 82' lang='grc' dir='ltr'>καὶ</span> <span class='ocrx_word' id='word_1_872' title='bbox 3446 5634 3676 5708; x_wconf 73' lang='grc' dir='ltr'>εὐνομία</span> 
     </span>
    </p>
   </div>
   <div class='ocr_carea' id='block_1_113' title="bbox 2102 5703 3672 5781">
    <p class='ocr_par' dir='ltr' id='par_1_113' title="bbox 2102 5703 3672 5781">
     <span class='ocr_line' id='line_1_113' title="bbox 2102 5703 3672 5781; baseline 0.007 -29"><span class='ocrx_word' id='word_1_873' title='bbox 2102 5703 2552 5781; x_wconf 39' lang='grc' dir='ltr'>ἐσεζτΛαιιίἺῦνηδὲ</span> <span class='ocrx_word' id='word_1_874' title='bbox 2579 5704 2694 5781; x_wconf 73' lang='grc' dir='ltr'>ἀλλ’</span> <span class='ocrx_word' id='word_1_875' title='bbox 2712 5705 2890 5770; x_wconf 81' lang='grc' dir='ltr'>ἄλλως</span> <span class='ocrx_word' id='word_1_876' title='bbox 2927 5706 2959 5777; x_wconf 81' lang='grc' dir='ltr'>ἢ</span> <span class='ocrx_word' id='word_1_877' title='bbox 2984 5707 3148 5778; x_wconf 78' lang='grc' dir='ltr'>ἐχρῆν</span> <span class='ocrx_word' id='word_1_878' title='bbox 3178 5703 3297 5779; x_wconf 74' lang='grc' dir='ltr'>εχει</span> <span class='ocrx_word' id='word_1_879' title='bbox 3333 5708 3397 5763; x_wconf 85' lang='grc' dir='ltr'>τὸ</span> <span class='ocrx_word' id='word_1_880' title='bbox 3416 5703 3672 5781; x_wconf 74' lang='grc' dir='ltr'>πρᾶγμα.</span> 
     </span>
    </p>
   </div>
   <div class='ocr_carea' id='block_1_114' title="bbox 2175 5771 2722 5844">
    <p class='ocr_par' dir='ltr' id='par_1_114' title="bbox 2175 5771 2722 5844">
     <span class='ocr_line' id='line_1_114' title="bbox 2175 5771 2722 5844; baseline 0.009 -20"><span class='ocrx_word' id='word_1_881' title='bbox 2175 5771 2290 5844; x_wconf 67' lang='grc'><strong>(20)</strong></span> <span class='ocrx_word' id='word_1_882' title='bbox 2319 5772 2416 5827; x_wconf 78' lang='lat' dir='ltr'><strong><em>Ms.</em></strong></span> <span class='ocrx_word' id='word_1_883' title='bbox 2442 5772 2496 5825; x_wconf 83' lang='grc' dir='ltr'>ετ</span> <span class='ocrx_word' id='word_1_884' title='bbox 2516 5791 2568 5827; x_wconf 86' lang='grc' dir='ltr'><strong><em>τι</em></strong></span> <span class='ocrx_word' id='word_1_885' title='bbox 2591 5773 2722 5843; x_wconf 85' lang='grc' dir='ltr'>γάρ.</span> 
     </span>
    </p>
   </div>
  </div>
