4078 6394
503 347 646 416 1319

1693 337 2098 399 THEODORI
2134 335 2544 398 PRODROMI

3619 328 3759 396 1310

491 467 772 524 σιτεύουσι·
803 461 898 518 καὶ
950 463 1013 518 σύ
1057 482 1146 536 μοι
1185 465 1385 534 λέγεις,
1427 461 1592 526 Πενίη
1627 457 1821 527 σοφίην
1850 457 2009 526 ἔλαχε
2037 471 2052 519 ;
2085 462 2136 520 Α
2169 454 2351 523 ζῶμεν
2401 451 2680 522 ἄνθρωποι
2711 451 2804 505 τὸν
2868 451 3138 523 ὀμόζυγον
3184 452 3369 535 τοῦτον
3420 437 3756 522 ὑπερϐάντες

492 557 594 612 Διὰ
618 554 830 618 πενίαν,
869 555 1145 626 ἐπιορκίαι
1177 555 1270 609 καὶ
1298 552 1469 624 ψεύδη
1500 547 1851 606 παντοδαπά·
1886 542 2063 598 καὶσὺ

491 645 590 718 τὴν
618 645 988 716 ἀληθεστάτην
1013 644 1322 714 ἐπιστήμην
1342 643 1478 713 αὑτῇ
1510 638 1936 710 ἐπιμαρτυρεῖς;
1966 633 2064 688 Διὰ

489 735 694 804 ταύτην
742 737 938 802 σκηναὶ
971 735 1063 787 καὶ
1087 736 1424 804 προσωπεῖα,
1460 734 1554 786 καὶ
1595 728 1869 790 ἐπιθέσεις
1898 724 2064 778 πολύς

491 842 680 893 τροποι
707 841 721 858 ·
783 825 879 878 καὶ
936 824 1000 878 σὺ
1039 824 1230 894 σοφίας
1265 825 1468 893 ταύτην
1495 822 1672 890 λέγεις
1711 815 2063 888 δημιουργὸν,

489 919 588 987 τῆς
607 917 984 988 ἁπλουστάτης
1014 918 1111 987 τὴν
1144 917 1593 984 ποικιλότροπον;
1659 909 1939 973 Ἀνάλεξαί
1978 925 2066 977 μοι

489 1009 588 1070 τὰς
639 1009 876 1071 παλαιὰς
941 1009 1200 1077 ἱστορίας,
1269 1009 1366 1059 καὶ
1413 1007 1708 1076 ἐρευνήσας
1747 1002 1890 1067 εἰπὲ,
1930 1000 2069 1066 μετὰ

491 1104 650 1165 ποίας
678 1100 864 1160 πενίας
901 1099 1124 1168 Μάρκος
1167 1099 1480 1160 Ἀντωνῖνος
1521 1097 1880 1166 ἐφιλοσόφησε
1903 1113 1916 1126 ο
1949 1097 2067 1146 Φω-

489 1196 644 1248 κίωνι
678 1194 736 1246 δέ
766 1194 799 1264 ἡ
835 1190 963 1245 ποία
996 1190 1154 1243 πενία
1182 1192 1308 1253 τοὺς
1350 1190 1539 1258 λόγους
1593 1189 2063 1259 προσεπορίσατο;

487 1282 562 1341 ὧν
589 1289 616 1340 6
651 1286 748 1356 μὲν
769 1281 905 1354 ἦρξε
945 1283 1253 1354 Ῥωμαίων.
1295 1284 1324 1335 6
1366 1282 1409 1334 δ’
1451 1282 1862 1352 ἐστρατήγησεν
1905 1280 2067 1348 Ἀθη-

487 1377 676 1432 ναίων.
703 1370 781 1428 Ἦ
805 1391 910 1427 που
947 1375 1010 1428 σὺ
1043 1375 1137 1427 καὶ
1187 1374 1408 1442 Κέϐητα
1449 1373 1540 1425 τὸν
1565 1371 1825 1441 Θηϐαῖον,
1856 1373 1949 1424 καὶ
1978 1371 2068 1425 τὸν

504 1468 800 1538 Ἀθήνηθεν
840 1467 1123 1538 Κρίτωνα,
1180 1465 1272 1518 καὶ
1309 1465 1398 1517 τὸν
1441 1464 1628 1518 λοιπὸν
1668 1464 1911 1534 ὁρμαθὸν
1965 1462 2068 1532 τῆς

491 1559 846 1628 Σωκρατικῆς
885 1556 1180 1626 μαθητείας
1212 1555 1360 1625 θείης
1416 1555 1481 1608 ἂν
1540 1557 1596 1608 ἐν
1630 1556 1743 1616 τοῖς
1801 1553 2027 1624 πένησιν
2052 1570 2065 1585 ο

491 1652 540 1704 οἳ
563 1651 642 1721 τῷ
665 1650 868 1704 ἑαυτῶν
891 1648 1077 1720 χρυσῷ
1093 1650 1186 1702 καὶ
1215 1650 1328 1712 τοῖς
1351 1649 1602 1718 ,χρήμασι
1633 1645 1898 1716 πρίασθαι
1916 1645 2068 1714 παρὰ

492 1741 598 1793 τῶν
626 1740 815 1794 ἕνδεκα
848 1739 947 1808 τὴν
993 1737 1140 1808 ζωὴν
1173 1739 1500 1792 ἐποτνιῶντο
1518 1739 1608 1790 τὸν
1660 1737 2065 1806 Σωφρονίσκου,

495 1832 598 1887 κᾶν
627 1832 728 1885 ὑπὸ
753 1832 960 1902 μυρίων
1001 1829 1114 1900 (Ἢ)
1143 1830 1372 1883 πωλοῖτο
1401 1829 1701 1884 ταλάντων.
1750 1828 1856 1881 Ποῦ
1893 1830 1948 1882 δέ
1976 1829 2071 1899 θή-

495 1939 660 1992 σομεν
687 1924 776 1976 τὸν
819 1921 1222 1994 Ἀριστοτέλην,
1274 1921 1334 1985 ὃς
1367 1920 1564 1990 μικροῦ
1615 1921 1714 1990 τὴν
1743 1922 1926 1974 πᾶσαν
1955 1922 2074 1974 ἁνε-

494 2015 704 2080 ζὼσατο
728 2014 1046 2070 δυναστείαν
1079 2014 1173 2067 τοῦ
1217 2015 1548 2077 Μακεδόνος,
1582 2011 1923 2082 φιλοσοφῶν;
1964 2013 2073 2064 Ai)-

492 2108 582 2172 τὸς
603 2108 661 2162 δὲ
709 2100 864 2169 οὗτος
895 2108 923 2159 6
947 2105 1216 2160 Μακεδὼν
1249 2105 1354 2157 ὑπὸ
1396 2105 1542 2166 τίνος
1572 2104 1764 2166 πενίας
1811 2102 2070 2172 ἐτελέσθη

493 2198 838 2268 φιλοσοφίαν;
875 2196 1077 2251 Πολλοῦ
1107 2197 1216 2267 ἄρα
1263 2197 1443 2268 δεήσει
1497 2195 1654 2250 τοῦτο
1683 2195 1876 2264 σοφίας
1929 2192 2069 2247 εἶναι

493 2291 824 2360 ποριστικὸν,
851 2288 880 2342 ὃ
907 2289 1013 2359 χρὴ
1041 2289 1338 2358 φεύγοντας
1364 2290 1457 2340 καὶ
1489 2289 1544 2350 ἐς
1579 2287 1898 2357 μεγακήτεα
1935 2285 2066 2338 πόν-

492 2401 582 2438 τον
605 2383 814 2454 ρίπτειν
835 2381 1081 2446 ἐαυτούς.
1116 2383 1177 2435 El
1213 2382 1312 2452 μὲν
1349 2382 1455 2452 γὰρ
1480 2383 1662 2452 γυμνῇ
1689 2383 1754 2450 τῇ
1787 2378 1936 2450 ψυχῇ
1961 2379 2073 2431 διε-

495 2564 633 2637 quod
657 2565 702 2618 si
732 2565 812 2619 sui
830 2564 974 2635 juris
1005 2571 1196 2628 essent,
1241 2579 1498 2641 quosnpm
1527 2560 1661 2615 alios
1689 2569 2071 2632 anteponerent

496 2657 772 2727 sapientia
807 2656 1094 2711 studiosis?
1125 2655 1478 2720 Quamobrem
1510 2655 1711 2724 inopia,
1744 2663 1801 2706 ut
1835 2655 1961 2708 mihi
1992 2655 2070 2708 vi-

498 2748 670 2811 detur,
700 2763 803 2802 non
840 2745 1011 2800 solum
1047 2763 1151 2800 non
1195 2747 1382 2799 sortita
1409 2745 1570 2814 fuerit
1612 2746 1948 2816 sapientiam,
1979 2761 2071 2798 ve-

498 2851 618 2888 rum
662 2835 824 2888 etiam
871 2832 1136 2888 malorum
1189 2831 1632 2887 inenarrabilium
1675 2832 2064 2903 suppeditatria:

498 2929 634 2993 erit;
652 2929 931 2990 enimvero,
954 2927 1056 2980 nisi
1083 2925 1271 2980 oblitus
1291 2926 1388 2979 sim
1412 2942 1592 2979 eorum
1620 2941 1736 2996 qua
1760 2926 1812 2978 in
1847 2923 2076 2978 Phanii-0

499 3019 738 3075 Platonis
783 3021 1158 3074 continentur:
1191 3018 1570 3090 imprecabitur
1609 3035 1803 3090 parvus
1842 3012 2074 3078 amator,

495 3113 686 3182 inquit,
738 3113 897 3166 etiam
945 3119 1314 3182 paupertatem
1354 3126 1617 3164 summam
1661 3111 1864 3162 amasio
1894 3114 2078 3162 suout

499 3209 571 3260 ita
596 3203 765 3276 facilis
802 3207 902 3276 ipsi
931 3207 999 3259 sit
1028 3212 1354 3276 empugnatu.
1380 3201 1649 3274 Siquidem
1689 3210 1902 3273 propter
1929 3217 2074 3271 pau-
2105 3185 2149 3246 C

499 3307 754 3369 pertatem
799 3297 1006 3351 nullum
1036 3305 1352 3350 cunctantur
1381 3296 1610 3350 homines
1655 3294 1837 3347 audax
1869 3292 2082 3362 facinus

499 3390 802 3444 admittere:
869 3389 1152 3458 sacrilegia
1214 3395 1466 3459 patrant:
1519 3385 1749 3440 tumulos
1802 3386 2076 3456 eﬁ'odiunt,

497 3482 830 3551 pradantur,
875 3489 924 3534 et
953 3489 1010 3534 tu
1041 3480 1168 3534 mihi
1199 3495 1415 3540 narras,
1473 3479 1777 3546 Paupertas
1821 3477 2074 3546 sophiam

499 3582 657 3626 nacta
679 3583 762 3627 est
785 3573 806 3625 ‘i
832 3573 904 3627 0b
935 3578 1302 3642 paupertatem
1334 3570 1570 3640 perjuria
1601 3576 1650 3622 et
1675 3570 1843 3622 omnis
1873 3569 2080 3638 generis

500 3663 806 3728 mendacia;
837 3670 884 3718 et
917 3673 971 3716 tu
1001 3664 1325 3716 verissimam
1354 3663 1627 3715 scientiam
1662 3661 1760 3731 ipsi
1785 3661 2026 3714 attribuis
2054 3660 2080 3714 .9

503 3753 725 3825 Propter
754 3757 889 3808 hanc
923 3769 1096 3809 scena
1130 3764 1178 3807 et
1212 3753 1374 3808 larva:
1410 3763 1458 3806 et
1487 3753 1712 3816 insidia,
1760 3769 1822 3806 ac
1862 3753 2079 3822 fraudes

505 3845 836 3916 multiplices.
862 3854 910 3901 et
935 3848 1091 3900 istam
1121 3849 1394 3918 sapientia
1428 3845 1666 3917 Opiﬁcem
1694 3861 1804 3899 esse
1838 3846 2031 3899 asseris
2056 3845 2081 3898 ?

503 3940 578 3991 rei
603 3938 1001 4009 simplicissima
1040 3954 1149 3992 rem
1198 3939 1431 3992 maxima
1470 3938 1729 3992 varietate
1773 3937 2073 4009 praditam.

501 4030 700 4102 Collige
750 4042 798 4086 et
850 4033 1030 4102 confer
1071 4033 1201 4086 mihi
1249 4033 1499 4101 antiquas
1542 4032 1823 4085 historias:
1861 4039 1911 4083 et
1960 4047 2078 4083 cum

499 4124 854 4194 indagaveris,
903 4141 1000 4195 age
1029 4125 1111 4178 dic
1133 4123 1281 4195 quali
1318 4141 1437 4178 cum
1466 4125 1688 4195 penuria
1731 4123 1943 4179 Marcus
1969 4124 2079 4178 An-

504 4217 712 4270 toninus
771 4217 1155 4287 philosophiam
1206 4217 1542 4270 exercuerit?
1598 4216 1852 4270 Phocioni
1917 4217 2079 4271 etiam

503 4307 803 4378 qualisnam
833 4318 1118 4379 paupertas
1147 4325 1412 4362 sermones
1433 4309 1822 4380 suppeditavit?
1843 4325 1870 4362 e
1893 4308 2078 4378 quibus

504 4401 596 4454 ille
636 4401 997 4455 Romanorum
1045 4403 1332 4472 imperator
1374 4403 1490 4471 fuit.
1538 4403 1622 4454 hic
1660 4417 1780 4454 vero
1824 4401 2082 4454 exercitus

2168 546 2360 617 πηλδν,
2394 545 2535 616 τάχα
2565 543 2629 598 ἂν
2656 546 2689 615 ἢ
2717 546 2969 615 οὐδαμῶς
2992 533 3390 616 ἐμανθάνομεν,
3414 546 3583 615 αὐτὴν
3615 546 3755 614 ἁμέο

2169 653 2276 700 σως
2313 635 2550 704 δρῶντες
2581 637 2678 706 τὴν
2710 637 2767 688 ἐν
2811 625 2924 698 τοῖς
2963 620 3114 690 οὖσιν
3142 636 3432 707 ἀλήθειαν*
3475 635 3507 706 ἦ
3548 635 3757 705 μανθά-

2167 745 2282 782 νειν
2313 727 2535 796 δεῆσαν,
2585 728 2740 782 οὐθὲν
2793 723 2956 801 ἦττον
2985 729 3077 782 τοῦ
3132 728 3493 788 πλουτοῦντος
3524 730 3551 781 6
3585 731 3754 792 πένης

2168 819 2503 888 ἐμάνθανεν·
2541 820 2664 871 ἐπεὶ
2723 819 2780 872 δὲ
2815 821 2874 872 τὸ
2914 821 3113 889 σκῆνςς
3142 821 3330 881 τοῦτο,
3385 819 3596 872 πολλῶν
3641 822 3765 873 ἐπι-ι

2169 904 2310 974 δεὲς,
2351 912 2486 978 πρὸς
2516 911 2688 964 κακοῦ
2717 913 3092 981 περιήρμοσεν
3116 913 3250 981 ἡμῖν
3281 913 3312 980 ὴ
3337 911 3519 979 φύσις,
3542 910 3756 963 δέδοικα

2173 1001 2246 1072 μὴ
2274 1003 2301 1052 6
2336 1002 2474 1067 μετὰ
2525 1005 2717 1066 πενίας
2765 1004 3025 1056 ἀπαντῶν
3077 1007 3190 1068 τοῖς
3241 1005 3528 1074 μαθήμασι
3576 1005 3757 1074 φθάσῃ

2171 1094 2298 1161 πρὶν
2328 1093 2360 1162 ἢ
2393 1094 2583 1164 λαχεῖν
2613 1093 2710 1162 τὴν
2753 1094 2948 1163 σοφίαν
2979 1097 3142 1149 αὑτοῦ
3171 1115 3272 1150 που
3297 1098 3395 1165 τὴν
3422 1097 3602 1168 ψυχὴν
3635 1099 3764 1148 Eva;

2172 1187 2512 1258 πορρηγνύς.
2542 1187 2633 1258 Τῷ
2654 1187 2767 1241 ὄντι
2808 1189 2916 1257 γὰρ
2936 1191 3054 1260 τρὶς
3093 1191 3226 1259 παρ’
3256 1190 3460 1243 ἀσπίδα
3487 1189 3598 1260 (2‘2)
3625 1191 3760 1256 στῆ-ς

2171 1294 2261 1329 ναι
2291 1277 2552 1348 ρᾳότερον
2596 1277 2776 1341 (τοῦτο
2807 1278 2870 1346 δὴ
2919 1278 2978 1331 τὸ
3009 1280 3107 1349 τῆς
3159 1282 3488 1352 τραγῳδίας)
3526 1281 3558 1352 ἢ
3608 1282 3757 1349 sua:

2169 1365 2641 1435 ἀνταγωνίσασθαι
2667 1371 2732 1440 τῇ
2761 1369 2939 1439 πενίᾳ.
2972 1369 3100 1436 Ναὶ,
3146 1372 3331 1441 φησὶν,
3369 1371 3503 1424 ἀλλὰ
3527 1373 3760 1445 Δι·,γὲνη

2169 1458 2272 1512 πσῦ
2303 1460 2353 1528 γ’
2385 1459 2451 1512 ἂν
2481 1459 2664 1529 θῶμεν
2696 1462 2786 1514 τὸν
2850 1461 2987 1513 κύνα
3035 1461 3225 1514 πενίαν
3273 1462 3504 1532 λαχᾶντα
3540 1463 3762 1532 (ploso-

2171 1554 2300 1618 φίας
2325 1551 2682 1616 διδάσκα).ον;
2735 1544 2831 1622 τῆς
2862 1553 3041 1616 ποίας,
3073 1547 3118 1607 ὦ
3161 1553 3359 1626 λῷστε,
3398 1555 3759 1623 φιλοσοφίαςς

2168 1638 2202 1712 ἦ
2264 1643 2365 1695 ποῦ
2436 1645 2784 1713 φυσιολογίαν
2840 1635 2927 1698 διὰ
2977 1646 3166 1708 πενίας
3245 1647 3649 1718 κατώρθωσεν,
3717 1645 3754 1716 ἦ

2177 1735 2566 1806 μαθηματικὴν
2620 1737 3100 1808 ἐμυσταγωγήθη,
3137 1737 3229 1790 καὶ
3279 1725 3368 1791 διὰ
3419 1727 3623 1808 ταύτης
3678 1741 3762 1802 εἰς

2175 1827 2271 1896 τὴν
2320 1827 2519 1894 γνῶσιν
2551 1827 2651 1896 τῆς
2707 1828 2968 1881 ἀνωτάτω
3019 1831 3208 1893 οὐσίας
3245 1819 3558 1900 ἀνέδραμες
3596 1831 3756 1884 Καίά

2172 1935 2275 1971 που
2313 1921 2406 1972 καὶ
2435 1919 2462 1971 ὁ
2494 1920 2666 1988 μέγας
2703 1919 2976 1983 Πλωτῖνός
3002 1937 3170 1989 φησιο
3208 1909 3505 1991 Παράδοτε,
3550 1921 3749 1989 λέγων,

2171 2014 2282 2073 τοῖς
2315 2010 2480 2075 νέοις,
2506 2013 2574 2063 τὰ
2610 2011 2910 2082 μαθήματα
2942 2015 3023 2076 εἰς
3056 2015 3377 2082 συνεθισμὸν
3401 2014 3500 2081 τῆς
3529 2015 3758 2082 ἀσωμά-

2170 2118 2265 2153 του
2299 2100 2539 2169 φύσεως.
2575 2103 2744 2156 Ποίαν
2782 2101 2894 2168 οὖν,
2917 2103 3039 2156 εἰπέ
3081 2122 3193 2173 μοι,
3244 2107 3470 2160 τουτωνὶ
3505 2106 3613 2158 τῶν
3644 2108 3764 2158 ἐπι-

2172 2190 2399 2259 στημῶν
2446 2179 2535 2244 διὰ
2581 2191 2770 2254 πενίας
2826 2193 2854 2246 6
2885 2193 3144 2263 Διογένης
3192 2195 3586 2266 κατώρθωσεν;
3643 2197 3762 2248 Οὐκ

2175 2285 2319 2352 ἔχεις
2366 2285 2542 2336 εἰπεῖν
2566 2301 2580 2316 ο
2613 2273 2732 2336 an"
2761 2285 2809 2337 εἰ
2844 2284 3044 2355 βούλει,
3072 2286 3131 2339 τὸ
3163 2287 3258 2357 τῆς
3292 2287 3500 2341 ἐκείνου
3548 2287 3766 2356 φιλοσι-

2173 2378 2302 2445 φίας
2362 2361 2501 2440 εἶδος
2534 2375 2645 2445 ἐγώ
2693 2390 2773 2430 σοι
2808 2377 2884 2448 τῷ
2937 2377 3083 2450 λόγῳ
3109 2380 3557 2449 ἀνατυπὼσομαι.
3608 2383 3771 2433 ’Ᾱνυέ

2175 2559 2339 2612 tiatus
2380 2568 2454 2612 est
2501 2562 2668 2615 sacris
2715 2561 3112 2633 philosophia?
3164 2563 3388 2617 multum
3440 2580 3562 2635 ergo
3593 2564 3764 2619 abest;

2173 2661 2228 2704 ut
2257 2654 2310 2706 id
2345 2654 2622 2723 sapientia
2653 2672 2898 2725 promum
2924 2657 3146 2710 condum
3171 2659 3259 2722 sit,
3301 2657 3438 2728 quod

2278 2760 2417 2839 Qum
2448 2763 2654 2839 fugiunt
2684 2766 2942 2837 homines,
2964 2769 3100 2822 vasti
3123 2784 3281 2837 super
3309 2785 3522 2839 aquora
3541 2769 3688 2838 ponti

2285 2831 2407 2886 Sese
2428 2831 2736 2902 projiciunt.

2245 2926 2520 2978 Enimvero
2547 2927 2593 2979 si
2625 2927 2962 2981 animonudo
2985 2943 3078 2981 nos
3098 2929 3336 2982 hamines'
3355 2930 3520 2982 vitam
3549 2929 3768 2999 degere-i

2180 3034 2317 3076 mus.
2333 3015 2453 3070 luto
2473 3019 2566 3071 hoc
2584 3019 2808 3089 conjuge
2823 3002 3071 3090 superato
3091 3029 3140 3074 et
3161 3021 3367 3076 calcato
3388 3039 3406 3075 :
3426 3021 3648 3091 fortasse
3669 3031 3766 3075 aut

2179 3109 2310 3163 nihil
2349 3109 2508 3178 plane
2539 3110 2881 3177 discerem-us,
2927 3127 3045 3166 cum
3076 3112 3353 3168 veritatem
3389 3131 3507 3183 qua
3543 3116 3597 3169 in
3634 3117 3766 3184 ipsis

2183 3201 2332 3254 rebus
2362 3203 2516 3266 inest,
2552 3201 2701 3256 nullo
2738 3206 2906 3257 medio
2937 3207 3211 3276 interfecto
3247 3223 3576 3262 cerneremus
3609 3224 3629 3263 .'
3669 3216 3768 3262 aut

2182 3295 2228 3346 si
2277 3308 2406 3362 opus
2453 3303 2586 3348 esset
2618 3303 2674 3347 ut
2705 3295 3046 3360 disceremus,
3073 3300 3225 3368 inops
3259 3317 3363 3353 non
3394 3301 3564 3354 minus
3600 3317 3764 3371 quam

2183 3386 2414 3456 locuples
2439 3387 2655 3442 disceret
2680 3403 2696 3440 :
2731 3405 2907 3442 verum
2936 3392 3189 3460 quoniam
3213 3393 3306 3446 hoc
3331 3393 3768 3458 tabernaculum,-

2182 3483 2323 3550 quod
2351 3481 2534 3534 multis
2555 3482 2756 3552 indiget
2777 3483 3046 3549 subsidiis,
3075 3495 3272 3538 natura
3301 3486 3767 3557 nobisimportune

2183 3573 2451 3641 adjunxit,
2495 3589 2676 3626 vereor
2723 3591 2788 3627 ne
2817 3575 2859 3628 is
2893 3576 2983 3644 qui
3013 3592 3130 3629 cum
3166 3578 3416 3646 pauperie
3451 3576 3766 3646 disciplinas

2183 3663 2601 3729 amplexaretur,
2627 3668 2944 3736 priusquam
2967 3669 3286 3738 sapientiam
3307 3669 3536 3722 nancisci
3564 3680 3767 3738 posset,-

2181 3758 2420 3811 animam
2438 3759 2616 3829 utique
2632 3775 2784 3813 suam
2805 3759 3099 3814 exhalaret.
3119 3761 3258 3815 Nam
3284 3777 3462 3815 revera
3482 3770 3560 3814 ter
3578 3762 3630 3814 in
3650 3763 3764 3814 acie

2182 3865 2251 3902 aa
2277 3849 2520 3920 clypeum
2571 3859 2712 3904 stare
2764 3851 2977 3918 facilius
3021 3862 3149 3905 esset
3180 3854 3258 3921 (ut
3296 3860 3367 3905 est
3398 3853 3453 3904 in
3481 3853 3761 3921 tragoedia)

2182 3957 2341 4010 quam
2369 3941 2533 3995 semel
2571 3959 2687 3996 cum
2719 3953 3034 4014 paupertate
3063 3946 3352 3998 decertare.
3394 3944 3542 4008 Esto,
3569 3945 3762 4013 inquit,

2179 4041 2546 4086 verumtamen
2583 4034 2803 4087 ubinam
2841 4032 3075 4088 locorum
3120 4035 3400 4104 Diogenem
3441 4051 3622 4088 canem
3656 4035 3766 4088 col-

2182 4125 2492 4190 locabimus,
2530 4128 2620 4196 qui
2653 4126 2996 4196 philosophia
3045 4129 3359 4197 magistram
3395 4133 3765 4196 paupertatem

2182 4216 2407 4286 adeptus
2459 4218 2583 4271 est?
2625 4217 3005 4288 Eccujusnam,
3047 4219 3240 4286 optime
3279 4222 3376 4282 vir,
3424 4218 3764 4289 philosophia

2184 4309 2498 4378 magistram
2559 4311 2870 4363 memoras?
2917 4311 2996 4364 An
3049 4327 3170 4364 eam
3217 4311 3410 4381 quain
3447 4312 3766 4365 obscuritate

2184 4407 2394 4452 natura
2425 4406 2498 4453 est
2533 4415 2624 4468 per
2654 4390 2891 4468 inopiam
2939 4400 3154 4470 pulchre
3190 4409 3458 4456 assecutus
3494 4404 3594 4471 [uit
3626 4401 3650 4454 ?
3681 4403 3764 4457 An

503 4495 898 4550 Atheniensium
927 4493 1146 4557 ductor;
1171 4509 1239 4545 an
1269 4509 1390 4546 vero
1421 4502 1475 4545 tu
1499 4493 1660 4544 etiam
1691 4490 1926 4545 Cebetem
1949 4482 2081 4543 The-
2113 4523 2153 4576 ο
2185 4491 2690 4544 mathematicarum
2719 4491 3127 4562 disciplinarum
3160 4495 3374 4546 arcanis
3400 4495 3626 4546 imbutus
3663 4503 3764 4558 est;

505 4587 700 4641 banum
751 4596 798 4639 et
825 4585 1090 4640 Critonem
1133 4585 1350 4639 Athenis
1403 4585 1706 4648 oriundum,
1739 4592 1786 4637 et
1815 4583 2077 4652 reliquam

504 4687 771 4732 catervam
797 4676 1080 4731 Socratica
1105 4676 1396 4746 disciplina
1426 4677 1564 4730 inter
1596 4690 1852 4746 pauperes
1877 4683 2082 4728 statue—

505 4768 619 4822 ris?
651 4768 742 4838 qui
771 4783 904 4821 auro
933 4783 1026 4820 suo
1074 4774 1121 4819 et
1154 4765 1383 4836 pecuniis
1417 4763 1750 4835 SOphronisci
1782 4763 1956 4832 ﬁlium
1989 4779 2076 4818 ro-

502 4862 699 4930 gabant
730 4860 989 4913 redimere
1023 4859 1184 4912 vitam
1233 4858 1298 4910 ab
1324 4857 1694 4911 undecimviris
1737 4856 2072 4929 capitalibus,

503 4954 710 5006 etiamsi
743 4951 967 5019 inﬁnitis
991 4949 1204 5003 talentis
1220 4963 1412 5002 venum
1439 4947 1675 5002 daretur.
1707 4947 1929 5002 Ubinam
1954 4963 2076 5001 vero

503 5042 835 5098 Aristotelem
875 5041 1268 5098 constituemus,
1303 5039 1392 5108 qui
1427 5053 1618 5108 parum
1649 5037 1817 5106 abfuit
1849 5039 1974 5108 quin
2000 5047 2079 5092 to-

504 5144 614 5190 tum
661 5138 796 5206 regis
841 5133 1189 5187 Macedonum
1241 5131 1600 5202 principatum
1667 5124 2086 5200 philosophando

503 5229 825 5282 conservarit
853 5226 878 5279 ?
905 5226 973 5280 Et
1007 5226 1088 5278 hic
1115 5240 1206 5278 rex
1242 5222 1476 5288 Macedo,
1508 5238 1612 5291 qua
1641 5230 1956 5292 paupertate
1979 5223 2086 5277 ini-

576 5401 688 5471 (21)
726 5400 964 5471 Μεακᾶν
989 5401 1038 5471 εί
1074 5399 1428 5471 παμμυρίωντ

577 5467 782 5540 (‘22)15:
814 5470 1088 5540 Euripidis
1138 5467 1346 5530 Medea,
1377 5467 1468 5522 ubi
1515 5467 1809 5522 mulierum
1850 5481 2074 5523 causam

507 5545 616 5613 agit
641 5544 725 5596 his
754 5542 953 5606 verbis,
985 5558 1015 5595 a
1042 5556 1201 5595 versu
1241 5541 1347 5594 250
1385 5558 1399 5594 :

612 5633 866 5700 Λέγουσι
896 5633 948 5685 δ’
974 5631 1148 5699 ἡμᾶς,
1186 5633 1265 5698 ὡς
1297 5630 1627 5685 ἀκίνδυνον
1641 5630 1789 5692 βίον

615 5699 810 5769 Ζώμεν
830 5705 956 5755 κατ’
991 5705 1160 5756 οἴκου
1197 5717 1210 5731 ⁸
1247 5706 1299 5755 ol
1335 5702 1404 5754 δὲ
1430 5700 1762 5769 μάρνανται
1801 5699 1952 5767 δορί.

614 5768 820 5836 κακῶς
851 5773 1217 5840 φρονοῦντες
1245 5789 1258 5804 '
1290 5773 1368 5836 ὡς
1411 5768 1532 5836 τρὶς
1577 5768 1652 5822 ἂν
1677 5771 1810 5836 παρ’
1847 5769 2078 5824 ἀσπίδα

2181 4589 2230 4633 et
2271 4581 2433 4648 hujus
2469 4582 2726 4636 doctrina
2759 4582 3098 4636 adminiculis
3134 4584 3204 4636 ad
3238 4582 3479 4637 notitiam
3502 4599 3766 4654 suprema:

2181 4679 2229 4727 et
2266 4674 2503 4726 omnium
2535 4691 2710 4730 rerum
2743 4678 2991 4747 principis
3021 4689 3230 4733 natura
3259 4681 3489 4732 cucurrit
3517 4680 3541 4732 ?
3571 4679 3766 4744 Quem-

2187 4764 2478 4818 admodum
2505 4783 2730 4837 magnus
2757 4770 2918 4822 etiam
2952 4767 3200 4834 Plotinus
3235 4771 3432 4825 alicubi
3453 4774 3638 4826 asserit
3669 4773 3766 4824 hoc

2183 4857 2337 4910 modo
2361 4871 2379 4910 :
2407 4857 2639 4924 Tradite,
2667 4862 2862 4930 inquit,
2889 4863 3172 4933 juvenibus
3196 4873 3335 4916 artes
3360 4866 3762 4924 mathematum,

2185 4950 2256 5004 ad
2287 4965 2372 5003 eos
2403 4951 2825 5020 assuefaciendos
2857 4963 3065 5006 natura
3097 4955 3334 5024 corporis
3370 4955 3589 5022 experti.
3621 4952 3768 5018 Qua-

2189 5041 2292 5096 lem
2331 5042 2458 5095 cedo
2491 5058 2555 5096 ex
2587 5043 2725 5098 hisce
2754 5046 2985 5099 scientiis
3015 5054 3328 5116 paupertate
3353 5048 3482 5099 duce
3505 5045 3767 5112 Diogenes

2193 5144 2328 5189 recte
2357 5135 2580 5204 adeptus
2609 5137 2729 5190 est?
2755 5137 2876 5191 Non
2907 5138 3060 5192 habes
3094 5139 3283 5202 dicere,
3313 5139 3403 5193 sed
3425 5140 3470 5192 si
3507 5139 3583 5191 vis
3622 5135 3768 5190 illius

2189 5223 2560 5298 philosophica
2581 5237 2733 5283 secta
2758 5231 2987 5299 formam
3014 5246 3245 5295 cernere,
3269 5229 3509 5298 equidem
3536 5228 3627 5282 tibi
3649 5243 3769 5281 eam

2323 5403 2546 5456 Στὴγαι
2576 5404 2804 5472 θέλοιμ’
2829 5404 2907 5458 ἂν
2923 5405 3188 5474 μᾶλλον,
3217 5404 3253 5471 ἢ
3278 5401 3474 5456 τεκεῖν
3498 5401 3660 5468 ἅπαξ
3667 5443 3680 5456 .

2323 5487 2429 5562 ﬂos
2462 5507 2493 5541 a
2525 5491 2769 5562 periculis
2803 5492 2990 5562 degere
3059 5496 3347 5546 immunem
3375 5492 3550 5560 ferunt

2325 5558 2499 5612 Vitam
2526 5558 2691 5625 domi,
2733 5558 3207 5631 dum'praliantur
3236 5558 3487 5631 graviter.

2318 5633 2382 5701 4t
2409 5631 2640 5682 sentiunt
2669 5631 2824 5684 male.
2857 5631 2998 5686 Nam
3033 5643 3112 5685 ter
3133 5633 3200 5684 ad
3234 5631 3470 5700 clypeum
3497 5647 3644 5701 mage

2323 5698 2530 5752 Starem
2563 5701 2616 5752 in
2660 5701 2793 5764 acie,
2821 5719 2982 5771 quam
3013 5698 3336 5772 partui'trein
3365 5703 3550 5758 semel.
