4078 6412
332 342 470 407 1325
1493 337 1815 400 SCRIPTA
1861 317 2420 408 MISCELL'ANEA.

341 459 482 511 Ἀλλ’
517 455 835 527 ἐμϐαλοῦσα
865 459 976 509 τοῖν
1011 457 1153 510 δυοῖν
1181 455 1447 510 ἐναντίοιν

327 551 522 606 Κοινὸν
547 549 606 601 τὸ
634 548 860 618 θερμὸν,
896 547 996 616 τὴν
1034 548 1216 618 μάχην
1252 548 1578 616 ἀνατρέπω.

399 638 616 706 Θερμδν
640 637 738 707 μὲν
767 639 896 708 ἀὴρ,
920 637 1038 689 om
1067 638 1211 707 ὕδωρ
1238 637 1448 708 ψυχρὸν
1475 638 1660 707 φύσει,

339 729 659 800 Ἀγχιθυρεῖ
689 728 746 781 δὲ
781 728 877 782 καὶ
907 730 1033 783 κατ’
1068 728 1314 800 ἀλλήλων
1347 731 1525 792 πνέει,

340 822 482 876 Ἀλλ’
515 822 677 892 ὑμέσι
715 823 946 876 τενοῢσα
976 824 1188 886 τούτοις
1213 824 1452 894 ὑγρότην

332 919 535 987 Ἀμφω
564 917 838 981 ξυνάπτον
877 917 976 987 (1),
1005 918 1106 971 καὶ
1139 918 1277 987 πρὸς
1309 919 1534 988 εἰρήνην
1559 919 1743 990 φέρει.

401 1009 589 1081 ’Ύδωρ
627 1011 727 1080 μὲν
762 1010 955 1080 ὑγρὸν,
981 1011 1014 1080 ἠ
1041 1010 1097 1062 δὲ
1123 1010 1190 1080 γῆ
1216 1009 1554 1074 τούναντίον,

325 1103 484 1172 Μέση
516 1101 560 1154 δ’
591 1103 649 1153 ἐν
681 1102 885 1172 ἀμφοῖν
910 1101 1229 1172 ἐμπεσοῦσαι
1255 1103 1540 1172 ψυχρότης

322 1196 508 1248 Φίλιον
537 1195 724 1257 αὐτοῖς
751 1193 1091 1264 ὲμὸραϐεύει
1127 1195 1219 1247 τὸν
1255 1195 1394 1265 βίον.

329 1287 570 1342 Τοιαῦτα
600 1290 668 1341 τὰ
698 1290 941 1356 στοιχεῖα
965 1289 1060 1342 τοῦ
1092 1289 1295 1352 παντὸς
1324 1288 1464 1358 βίιυ.

398 1382 510 1443 Τὰς
531 1380 803 1451 τέτταρας
826 1381 883 1433 δὲ
912 1381 1006 1434 τοῦ
1040 1383 1300 1450 γίγαντος
1333 1381 1484 1452 ἡλίου

326 1474 548 1542 Τροπὰς
580 1473 727 1537 τίνος
755 1474 1000 1544 φαίημεν
1025 1491 1040 1542 ;
1073 1475 1194 1544 οὐχὶ
1220 1475 1448 1542 dullas;

326 1567 556 1636 Χειμὼν
588 1567 697 1638 γὰρ
729 1568 891 1628 εὐθὺς
921 1568 982 1620 οὐ
1014 1568 1317 1638 τέτραπται
1349 1568 1486 1637 πρὸς
1523 1569 1682 1639 θέρος

327 1658 451 1713 Τῶν
483 1660 789 1728 ποιοτήτων
824 1661 972 1728 σφῶν
1011 1660 1469 1729 ἐναντιουμένων,

337 1750 480 1804 Ἀλλ’
511 1754 587 1813 είς
614 1751 712 1821 ἔαρ
756 1750 1047 1821 μετῆλθεν,
1081 1745 1201 1806 εἶτα
1242 1753 1379 1822 πρὸς
1409 1753 1589 1823 θέρος.

326 1847 438 1898 Kal
473 1846 568 1898 τοῦ
601 1845 852 1916 θέρουςὴ
889 1847 1107 1917 κρᾶσις,
1143 1846 1244 1899 οὐκ
1278 1846 1359 1909 είς
1384 1844 1443 1899 τὸ
1477 1846 1670 1916 κρύος,

339 1938 484 1993 Ἀλλ’
516 1941 596 2002 εἰς
637 1939 802 2010 μέσον
830 1957 903 1999 τι.
933 1939 1044 1993 τῶν
1071 1940 1306 2006 ὀπωρῶν
1329 1938 1430 2010 τὴν
1457 1939 1666 2008 φθίσιν.

327 2033 642 2087 Κάνκτεῦθεν
673 2033 862 2105 ὥσπερ
888 2034 945 2100 ἐξ
978 2034 1207 2088 ἁπαλῶν
1241 2033 1535 2104 παρθένων

327 2127 452 2180 Τῶν
481 2126 918 2193 συμπλεκουσῶν
949 2126 1049 2189 τὰς
1092 2127 1300 2195 κρόκας
1342 2128 1440 2180 καί
1478 2127 1607 2188 τοὺς
1649 2126 1843 2196 μίτους

329 2223 532 2293 (Ὥρας
568 2223 624 2275 δὲ
659 2221 865 2286 ταύτας
895 2223 1066 2290 γνῶθι
1103 2240 1192 2292 μοι
1226 2222 1322 2286 τὰς
1359 2219 1694 2293 παρθένους)

325 2316 486 2385 Καλὴ
520 2315 758 2368 τελεῖται
785 2317 892 2369 τῶν
920 2315 1060 2368 ἐτῶν
1103 2315 1408 2386 ἱστουργία.

417 2402 561 2472 Ἐγὼ
591 2403 828 2457 συνιστῶ
866 2405 957 2459 τὸν
995 2403 1287 2476 βροτήσιον
1311 2407 1452 2476 βίον.

322 2505 621 2575 Εὑρωστία
650 2505 746 2558 καὶ
773 2504 977 2567 κάλλος
1007 2504 1177 2575 ἄμφω
1203 2504 1416 2568 Φιλίας,

327 2601 540 2670 ’Ἄμφω
561 2600 753 2662 Φιλίας
784 2599 944 2670 ἔργα.
974 2601 1123 2665 Πῶς,
1148 2599 1367 2671 ζητεῖς;
1411 2597 1580 2670 μάθε.

327 2696 427 2749 Ἀν
458 2695 488 2762 ή
525 2693 832 2764 τετρακτὺς
856 2693 966 2746 τῶν
991 2694 1185 2764 χυμῶν
1216 2694 1316 2763 σχῇ
1349 2691 1555 2762 φιλίαν,

325 2787 529 2851 Καλῶς
559 2788 674 2858 ἔχει
703 2790 761 2842 τὸ
794 2787 978 2858 σῶμα,
1012 2789 1110 2842 καὶ
1136 2787 1360 2858 μακρὰν
1392 2787 1563 2840 νόσοι.

394 2883 462 2936 Εἰ
493 2881 605 2935 τῶν
640 2881 822 2952 μελῶν
847 2881 892 2933 δ’
916 2877 1195 2950 εὔρυθμός
1233 2882 1384 2932 ἔστιν
1412 2878 1446 2948 ἡ
1477 2878 1688 2949 σχέσις,

323 2975 488 3047 Ἔχει
521 2975 579 3028 δὲ
608 2977 703 3030 καὶ
741 2974 1030 3045 σύστοιχον
1059 2971 1446 3044 ἀλληλουχίαν,

320 3124 582 3190 Astriugo
611 3116 795 3174 vinclis
834 3117 1056 3169 invicem
1087 3110 1460 3167 concordibus.

322 3213 430 3270 Est
462 3216 630 3268 siccus
664 3209 829 3280 ignis,
863 3224 993 3265 aera
1023 3206 1218 3264 humor
1243 3206 1461 3259 imbuit.

324 3305 626 3375 Utrumque
653 3305 884 3356 vicinum
918 3301 1075 3354 alteri
1100 3311 1337 3369 pugnam
1363 3295 1462 3352 ciet
1484 3309 1506 3352 .‘

324 3397 432 3451 His
465 3395 790 3472 egoduobus
821 3393 1003 3464 injicio
1031 3391 1316 3445 contrariis

316 3489 617 3544 Commune
653 3487 891 3540 calidum
919 3485 1192 3552 dissipans
1223 3479 1574 3535 discordiam.

397 3581 500 3635 Est
536 3580 740 3634 calidus
775 3596 891 3643 aer,
925 3587 1047 3632 sunt
1079 3593 1232 3645 aqute
1255 3574 1601 3645 pra’frigida',

313 3670 388 3728 Et
427 3679 616 3722 mutua
655 3668 747 3723 lite
777 3670 1039 3738 premitur
1066 3670 1258 3723 vicinia
1283 3685 1302 3721 :

310 3762 422 3819 Sed
458 3778 550 3833 ego
579 3763 806 3834 ligameu
839 3763 1121 3816 humidum
1164 3765 1502 3831 commisceo,

311 3856 798 3927 Compesciturque
829 3857 1072 3926 protinus
1104 3858 1169 3911 lis
1201 3861 1451 3928 pristina.

387 3952 562 4021 Aqua:
589 3951 799 4021 quidem
826 3961 947 4003 sunt
982 3950 1172 4016 uvidas,
1207 3951 1362 4005 tellus
1393 3961 1531 4018 aret,

309 4044 385 4096 At
413 4045 586 4112 frigus
620 4043 997 4108 interponitur,
1023 4043 1244 4111 jubente
1274 4061 1381 4111 me,

311 4135 645 4204 Dulcemque
664 4137 809 4202 parit
845 4134 898 4188 in
929 4144 1198 4204 posterum
1228 4137 1598 4191 concordiam.

313 4227 456 4282 llcec
492 4229 726 4282 universi
752 4237 876 4280 sunt
899 4228 1163 4283 elementa
1199 4229 1471 4296 primitus.

387 4319 523 4385 Qua
555 4337 715 4372 causa
746 4335 906 4390 porro
939 4329 1134 4390 praeter
1163 4321 1457 4375 amicitiam
1490 4325 1636 4393 parit

306 4412 670 4474 Mutationes,
701 4427 834 4481 quas
871 4411 999 4480 facit
1027 4411 1129 4475 sol,
1166 4428 1376 4466 annuas
1402 4413 1428 4466 .9

306 4503 588 4556 Ilibernus
617 4517 710 4554 aer
732 4518 836 4555 non
862 4501 924 4566 ﬁt
957 4513 1116 4557 testas
1146 4502 1291 4557 illico
1315 4519 1334 4557 :

303 4593 460 4647 Nam
502 4591 787 4662 qualitates
818 4594 1044 4646 sunt-eis
1061 4595 1381 4648 contrariae.

309 4685 416 4741 Ver
449 4687 616 4756 igitur
645 4685 704 4738 in
736 4686 910 4748 medio
941 4687 1076 4739 vices
1100 4686 1256 4740 habet
1284 4702 1435 4740 suas.

302 4778 383 4832 Δῖ
391 4781 558 4832 statis
587 4781 749 4832 etiam
780 4787 986 4849 tempus
1013 4781 1156 4834 haud
1180 4790 1398 4849 repente
1430 4783 1494 4849 fit

301 4871 524 4932 Hiems,
551 4869 643 4922 sed
673 4879 961 4924 autumnus
988 4870 1189 4924 medius
1216 4872 1522 4930 intervenit.

304 4969 413 5022 llis
449 4966 690 5038 partibus
718 4967 847 5019 anni
869 4974 1126 5035 quatuor,
1157 4973 1216 5018 ut
1245 4966 1358 5019 dixi
1390 4967 1566 5028 modo,

300 5061 600 5130 Tanquam
623 5057 814 5126 puellis
843 5057 941 5125 ﬁla
967 5058 1388 5122 contexentibus,

299 5152 497 5206 Series
532 5149 738 5204 dierum
774 5147 996 5218 pulchra
1029 5165 1125 5202 ceu
1154 5157 1369 5202 textura
1391 5149 1481 5213 ﬁt.

296 5245 436 5298 Dies
463 5241 560 5294 tibi
581 5241 679 5309 ﬁla
709 5249 866 5295 sunto
892 5258 911 5295 :
941 5242 1172 5310 virgines
1200 5241 1385 5304 hiems,

294 5337 643 5396 Autumnus,
684 5343 864 5394 testas.
896 5342 1055 5403 atque
1080 5347 1168 5386 ver
1195 5334 1391 5402 ﬂorum
1427 5334 1622 5402 ferax;

298 5427 456 5485 Hinc
493 5436 636 5482 totus
663 5442 836 5480 annus
866 5427 926 5495 ﬁt
961 5426 1116 5495 quasi
1149 5424 1254 5479 tela
1281 5428 1516 5497 integra.

380 5517 651 5572 Humana
677 5535 772 5587 per
793 5534 876 5571 me
908 5518 1014 5571 vita
1042 5517 1282 5572 consistit
1308 5524 1552 5588 quoquod

292 5609 450 5664 Nam
485 5609 696 5662 sanitas
723 5616 774 5661 et
804 5607 1140 5677 pulchritudo
1177 5617 1299 5661 sunt
1329 5611 1432 5663 mei

291 5703 493 5774 Ipsius
529 5717 713 5770 Opera.
745 5701 952 5767 Qutoris
986 5702 1128 5758 unde
1164 5701 1264 5770 ﬁat
1288 5703 1383 5757 hoc
1406 5703 1432 5755 .7

379 5815 466 5886 (1)
497 5811 662 5872 Forte
693 5813 975 5884 ξυνάπτω,
999 5823 1052 5872 et
1090 5817 1144 5872 in
1177 5817 1286 5876 ﬁne
1313 5831 1507 5875 versus
1539 5818 1708 5894 φέρω.

1941 461 1987 515 Α
2026 458 2306 515 Ἐνδύεται
2327 461 2382 514 δὲ
2411 460 2502 514 καί
2532 461 2700 531 χρόαν
2725 461 3154 534 εὐχρουστὲραν,

2015 551 2230 611 Κάλλος
2260 553 2510 608 καλεῖται
2539 553 2700 608 τοῦτο
2731 558 2845 618 τοῖς
2884 555 3262 628 παλαιτέροις.

2032 644 2094 698 'll
2130 646 2261 712 γοῦν
2290 647 2448 714 ὑγεία
2477 649 2568 700 καὶ
2597 647 2656 700 τὸ
2686 647 2881 710 κάλλος
2915 649 3130 713 Φιλίας.

2106 739 2250 807 Ίῧγὼ
2285 738 2488 805 πολίζω
2537 741 2639 805 τὰς
2665 741 2851 806 πόλεις
2882 745 2914 813 ἡ
2946 743 3133 808 Φιλία,

2019 835 2140 888 Κᾶν
2166 836 2214 887 εί
2246 835 2430 898 πόλεις
2466 836 2613 901 λέγοι
2641 855 2726 900 τις
2755 837 2929 902 αὐτὰς
2961 841 3058 902 τὰς
3081 840 3294 903 πόλεις,

2018 927 2139 981 Κᾶν
2168 927 2304 981 αὐτὸ
2331 927 2534 998 μᾶλλον
2566 930 2675 983 τῶν
2712 929 2951 984 πολιτῶν
2985 932 3046 985 τὸ
3069 935 3279 1003 στῖφος.

2019 1020 2238 1073 Πλίνθοι
2272 1020 2403 1088 γοῦν
2432 1021 2597 1074 ὀπταὶ
2625 1022 2720 1076 καὶ
2764 1023 2927 1077 λίθων
2968 1025 3174 1090 ξεστῶν
3204 1027 3344 1098 βάρη

2031 1109 2190 1180 Ἐμοὶ
2221 1110 2480 1181 ξυνῆλθον
2512 1112 2592 1176 είς
2623 1113 2742 1177 ἑνὸς
2765 1115 2949 1186 τοίχου
2991 1117 3172 1169 κτίσιν
3194 1133 3207 1147 ·

2017 1205 2160 1276 Audi;
2194 1205 2252 1258 δὲ
2281 1205 2482 1276 τοίχων
2523 1209 2666 1278 ἀμφὶ
2697 1209 2904 1277 γωνίαν
2944 1211 3097 1280 μίαν,

2019 1299 2127 1355 Καὶ
2155 1299 2353 1367 γωνίαι
2381 1299 2653 1371 τέσσαρες
2675 1302 2755 1365 είς
2781 1301 2966 1374 πλήρη
2999 1303 3183 1374 δόμον.

2102 1391 2242 1461 Ἐγὼ
2267 1394 2504 1447 συνιστῶ
2541 1395 2642 1458 τὰς
2669 1396 2802 1465 παρ’
2838 1394 3153 1465 ἀνθρώποις
3180 1397 3428 1469 τέχνας,

2017 1486 2126 1538 Καὶ
2166 1485 2244 1555 τῷ
2280 1489 2473 1540 σκυτεῖ
2512 1487 2613 1557 μὲν
2647 1487 2811 1550 φιλιῶ
2845 1490 2936 1543 τὸν
2969 1491 3214 1560 κναφέα,

2016 1579 2106 1648 Τῷ
2137 1580 2506 1651 χαλινεργάτῃ
2543 1581 2600 1634 δὲ
2639 1582 2732 1636 τὸν
2771 1583 3176 1656 στρατηλάτην,

2018 1675 2126 1726 Kal
2153 1674 2232 1745 τῷ
2265 1675 2500 1745 γεωργῷ
2535 1675 2628 1730 τὸν
2667 1675 2941 1746 βάναυσον
2983 1679 3216 1744 συνδὲω,
3281 1674 3284 1676 ’

2018 1766 2129 1820 Καὶ
2160 1767 2412 1838 τεχνίτην
2447 1767 2662 1822 ἅπαντα
2695 1771 3112 1845 παντὶτεχνίτῃ
3133 1787 3148 1800 ·

2024 1860 2230 1932 Χρῄζει
2259 1863 2369 1930 γὰρ
2393 1862 2564 1925 ὅντως
2585 1862 2770 1929 ἁλιεὺς
2797 1866 2906 1929 πᾶς
2927 1870 3170 1937 γηπὸνου
3191 1885 3207 1899 ·

2022 1955 2209 2018 Διδοῦς
2239 1954 2348 2023 γὰρ
2380 1955 2558 2025 ἰχθὺν,
2596 1956 2760 2026 ἄρτον
2788 1961 3225 2032 ἀντιλαμϐάνεμ

2024 2045 2134 2096 Kal
2162 2046 2400 2114 γηπόνος
2432 2048 2543 2111 πᾶς
2573 2045 2732 2114 αὖθις
2764 2052 3104 2117 ἀσπαλιέως.

2019 2139 2210 2200 Διδοὺς
2235 2139 2344 2209 γάρ
2373 2139 2560 2210 ἄρτον,
2603 2143 2760 2213 ἰχθὺν
2789 2145 3211 2217 άντιλαμϐάνει.

2022 2232 2135 2285 Kal
2157 2233 2359 2298 παντὸς
2390 2233 2535 2298 ἄπας
2564 2235 2753 2308 ἐνδεὴς
2790 2241 2818 2292 ὁ
2853 2242 3128 2313 τεχνίτης.

2024 2327 2337 2381 Κάντεῦθεν
2377 2326 2437 2382 εὖ
2471 2329 2780 2400 πάσχουσιν
2809 2336 2866 2387 αἱ
2903 2337 3090 2402 πόλεις
3119 2339 3316 2399 πᾶσαι,

2107 2419 2247 2488 Ἐγὼ
2278 2421 2462 2491 γάμου
2493 2423 2814 2494 σύμπαντος
2841 2429 2873 2497 ἡ
2903 2433 3296 2500 νυμφοστόλος,

2035 2510 2178 2579 Ἐγὼ
2209 2512 2270 2566 τὸ
2299 2512 2435 2582 θῆλυ
2464 2517 2601 2586 προς
2633 2518 2726 2596 τὸν
2758 2521 2965 2591 ἄρρενα
2999 2523 3211 2594 τρέπω.

2034 2605 2178 2672 Ἐγὼ
2207 2605 2300 2660 τὸν
2331 2608 2504 2680 ἄνδρα
2529 2612 2666 2679 πρὸς
2696 2612 2758 2665 τὸ
2787 2614 2921 2684 θῆλυ
2955 2618 3267 2688 συντρέπω.

2023 2697 2090 2751 Τί
2119 2699 2228 2766 γὰρ
2263 2697 2540 2771 μύραιναν
2579 2703 2678 2776 τὴν
2711 2705 3012 2762 θαλασσίαν
3046 2709 3173 2779 ὅφιν

2023 2793 2050 2842 Ὶ
2069 2791 2097 2842 ὸ
2125 2793 2345 2848 πόντιον
2379 2795 2652 2851 πέπεικεν
2678 2799 2930 2855 ἐκλιπεῖν
2956 2802 3141 2872 βάθος,

2037 2881 2406 2956 ’Δναδραμείν
2433 2887 2490 2942 δὲ
2525 2887 2626 2959 τῆς
2657 2889 2939 2963 θαλάσσης
2971 2893 3073 2966 τὴν
3106 2897 3291 2967 ῥάχιν,

2039 2973 2400 3045 Ἑπιδραμεῑν
2427 2976 2484 3031 δὲ
2521 2981 2616 3033 καὶ
2647 2981 2709 3036 τὸ
2735 2986 2994 3055 χερσαῖον
3027 2987 3226 3054 πέδον;

1947 1817 1987 1870 Β

1941 3118 1986 3181 C
2022 3110 2079 3167 Si
2100 3122 2332 3184 quatuor
2357 3118 2603 3174 humores
2633 3122 2797 3177 simul
2820 3129 3210 3198 consenserint,

2024 3204 2153 3258 Tum
2174 3207 2421 3262 sanitatis
2458 3226 2650 3265 munus
2683 3223 2882 3269 exactas
2904 3217 3088 3274 datur.

2096 3296 2249 3364 Quod
2270 3300 2318 3353 si
2338 3307 2555 3357 artuum
2576 3307 2838 3362 concinna
2872 3310 2999 3364 bene
3018 3311 3197 3384 ﬁgura
3227 3313 3326 3386 sit,

2021 3389 2092 3448 Et
2121 3399 2335 3448 mutuus
2359 3411 2649 3464 connexus,
2683 3409 2740 3452 ut
2771 3399 2894 3468 ﬁeri
2924 3402 3092 3472 decet,

2024 3485 2420 3560 Accesseritque
2453 3488 2548 3541 dos
2578 3488 2768 3544 coloris
2798 3490 3043 3564 elegans,

2022 3576 2150 3632 lam
2191 3579 2532 3650 pulchritudo
2566 3581 2736 3636 dicier
2768 3583 3082 3640 movebitur.

2022 3668 2111 3724 Sic
2138 3680 2249 3725 tum
2277 3672 2522 3728 valetudo
2553 3673 2715 3741 bona,
2753 3681 2866 3728 tum
2892 3675 3078 3746 forma
3102 3677 3262 3736 decus

2023 3761 2154 3815 Mihi
2194 3762 2472 3833 conferunt
2506 3767 2563 3819 in
2599 3784 2765 3838 genus
2801 3766 3156 3834 mortalium;

2095 3854 2166 3909 Et
2200 3857 2440 3912 civitates
2469 3863 2742 3914 constituit
2771 3871 3098 3920 consortium

2024 3945 2305 4014 Amicitias,
2342 3967 2433 4003 seu
2463 3953 2582 4020 quis
2610 3952 2791 4008 domos
2823 3964 2874 4009 et
2902 3959 3098 4010 mania

2025 4038 2116 4090 Sic
2142 4041 2398 4104 nominet,
2427 4057 2519 4095 seu
2545 4043 2945 4098 multitudinem
2975 4046 3170 4102 cirum.

2024 4128 2140 4198 Ego
2163 4127 2392 4184 laterum
2419 4130 2761 4204 lapidumque
2790 4145 2942 4190 vasta
2973 4139 3207 4208 pondera

2023 4223 2244 4278 Pariter
2270 4223 2327 4275 in
2354 4239 2521 4278 unum
2546 4228 2809 4296 parietem
2850 4228 3087 4300 fastigio.

2025 4315 2166 4369 Duos
2188 4316 2418 4385 parietes
2437 4317 2620 4388 jungit
2645 4334 2780 4371 unus
2807 4320 3036 4389 angulus
3062 4341 3082 4376 .-

2024 4407 2067 4458 Α
2095 4417 2327 4478 quatuor
2355 4409 2564 4479 angulis
2593 4409 2781 4465 domus
2812 4411 2869 4480 fit
2895 4413 3126 4483 integra.

1945 4465 1998 4525 Ι)
2099 4502 2353 4557 Homines
2380 4504 2657 4558 sociantur
2697 4504 2900 4559 artibus
2923 4522 3016 4576 per
3047 4523 3130 4561 me
3159 4511 3294 4576 suis,

2018 4598 2160 4653 Nam
2193 4600 2385 4668 quaerit
2412 4614 2528 4653 ecce
2557 4598 2692 4668 fullo
2748 4599 3108 4657 calcearium.

2021 4689 2275 4761 Equitum
2309 4692 2564 4760 magistro
2585 4699 2772 4759 gratus
2801 4700 2877 4746 est
2906 4693 3046 4762 freni
3079 4695 3250 4766 faber.

2018 4783 2221 4851 Agrum
2243 4781 2434 4836 colenti
2470 4784 2806 4838 mechanicas
2837 4786 3203 4857 coniungitur.

2019 4873 2260 4928 Breviter
2284 4875 2491 4939 habeto,
2521 4875 2764 4944 qualibet
2791 4893 2880 4931 ars
2911 4878 3147 4932 cuilibet.

2029 4962 2272 5017 Piscator
2295 4967 2463 5018 omnis
2493 4967 2692 5035 indiget
2717 4967 2860 5020 enim
2889 4970 3109 5034 rustico,

2022 5052 2258 5123 Egetque
2284 5055 2570 5122 piscatore,
2603 5071 2734 5108 rura
2760 5057 2853 5125 qui
2871 5059 2997 5112 colit
3022 5075 3040 5112 :

2019 5145 2109 5199 Illi
2141 5162 2334 5215 panem
2374 5148 2508 5201 dans
2542 5148 2654 5217 ipse
2687 5150 2847 5218 pisces
2875 5153 3092 5218 accipit.

2018 5236 2105 5292 Sic
2135 5240 2304 5292 omnis
2335 5240 2512 5310 opifex
2531 5243 2722 5310 quarit
2752 5241 2974 5296 alterius
3007 5260 3178 5313 opem.

2016 5329 2119 5385 llic
2145 5333 2366 5402 denique
2396 5340 2580 5388 modus
2611 5336 2848 5389 civitates
2872 5347 3158 5405 promovet.

2089 5423 2201 5493 Ego
2230 5427 2427 5494 nuptiis
2453 5427 2509 5479 in
2540 5427 2782 5481 omnibus
2805 5443 2924 5482 sum
2957 5436 3219 5499 pronuba.

2019 5517 2130 5588 Ego
2161 5517 2445 5586 femineum
2469 5521 2692 5574 concilio
2717 5525 2867 5577 sexui
2893 5527 3080 5592 maris,

2016 5609 2330 5682 ﬂoremque
2363 5613 2525 5682 jubeo
2559 5631 2746 5670 rursus
2772 5625 2831 5668 ut
2867 5629 3006 5673 amet
3038 5621 3316 5689 feminam.

2017 5700 2261 5758 Murtvna
2283 5702 2475 5775 ﬂuctus
2497 5721 2592 5759 cur
2626 5705 2864 5781 pelagios
2888 5708 3080 5770 deserit

3465 355 3604 424 ΥΞΞῦ
