4078 6390
467 314 604 382 1337
1668 314 1770 374 ΤΠ
1780 312 1872 375 E0
1881 311 2066 374 DOBI
2106 308 2475 372 PRODROM
2488 307 2515 369 Ι
3608 303 3745 368 1328

532 437 636 498 "Ti;
664 433 756 490 τοῦ
792 434 1012 506 σιδήρου
1050 434 1145 504 τὴν
1179 433 1400 487 ἀπασαν
1429 430 1620 484 ουσίαν

465 530 672 599 Δούλην
706 530 941 600 καθιστᾷ
973 529 1074 599 τῆς
1105 524 1442 599 μαγνήτιδος
1468 524 1659 587 λίθου;

468 623 635 677 Οὐδέν
666 640 747 676 τοι
774 622 991 684 πάντως
1025 619 1157 673 ἄλλο
1186 616 1372 681 Φιλίας
1410 616 1557 687 δίχα.

481 716 640 788 Ἐμοὶ
664 717 725 770 τὸ
748 718 855 770 πᾶν
891 715 980 786 ζῇ,
1014 713 1109 768 καὶ
1140 714 1454 784 κρατεῖται,
1492 710 1585 764 καὶ
1629 709 1802 778 μένει.

542 814 698 866 Εἴπω
732 810 791 864 τὸ
830 810 1041 881 μεῖζον,
1082 808 1179 862 καὶ
1210 806 1419 874 σιγάτω
1454 806 1560 867 πᾶς
1587 803 1769 870 λόγος.

482 905 628 973 Ἐγὼ
659 907 792 959 Θεὸν
826 905 917 957 τὸν
945 904 1096 967 ὄντα,
1129 902 1222 954 τὸν
1258 897 1668 969 παντεργὰτην,

471 1003 545 1055 Τὸ
570 1000 782 1071 Ila-apo;
814 997 1227 1067 ὲκσφράγισμα,
1250 994 1341 1048 τὸν
1368 992 1546 1062 μέγαν
1577 992 1777 1058 Λόγον,

471 1098 547 1151 Τὸ
577 1094 840 1165 παμφαὲς
870 1092 1007 1163 quiq,
1037 1092 1137 1159 τὴν
1172 1087 1444 1159 ὑπέρθεον
1470 1086 1656 1155 φύσιν,

472 1190 580 1242 Τὸν
609 1187 844 1258 ἄχρςνον
873 1183 1021 1249 νοῦν,
1056 1183 1156 1253 τὴν
1188 1178 1527 1252 χρονουργδν
1551 1177 1764 1238 οὐσίαν,

474 1280 698 1335 ⁸Ἔλθεῖν
731 1278 932 1331 ἔπεισα
971 1276 1139 1346 μέχρι
1170 1275 1276 1342 γῆς
1304 1271 1403 1326 καὶ
1434 1270 1543 1325 τῶν
1573 1268 1742 1331 κάτω,

478 1379 588 1430 Καὶ
617 1377 718 1445 τὴν
748 1371 1004 1441 παθητὴν
1037 1366 1370 1438 προσλαϐεῖν
1405 1364 1537 1433 ὅλην
1572 1366 1757 1431 φύσιν,

479 1472 597 1526 Καὶ
621 1464 944 1535 σωματικὴν
976 1461 1268 1531 ὲνδυθῆναι
1311 1448 1627 1530 πορφύραν,

491 1566 588 1617 Ἐκ
620 1560 974 1633 παρθενικῶν
1000 1559 1255 1629 αἱμάτων
1287 1555 1637 1623 ὑφασμένην,

483 1660 704 1719 [ἰαθεῖν,
742 1658 947 1719 θανεῖν,
974 1634 1107 1724 φεῦί
1158 1653 1259 1721 τῆς
1289 1648 1561 1718 τοσαύτης
1601 1646 1848 1716 ἀγάπης,

481 1756 559 1810 Δι’
585 1750 653 1824 ἧς
678 1751 936 1807 τοσοῦτον
968 1749 1152 1818 ἔργον,
1190 1746 1236 1800 ὢ
1272 1747 1500 1818 φίλτρου
1535 1743 1728 1811 ξένουῑ

481 1851 558 1902 Δι’
587 1847 615 1902 ὂ
642 1845 914 1918 χρονικῶς
947 1843 1211 1915 μίγνυται
1245 1839 1323 1910 τῷ
1358 1837 1592 1910 σαρκίῳ,

492 1943 551 1993 '0
587 1938 860 2011 κυριεύων
894 1935 992 1988 καὶ
1011 1934 1207 2005 χρόνου
1239 1932 1333 1985 καὶ
1363 1927 1627 2000 σαρκίοιν

483 2036 591 2093 Καὶ
620 2030 916 2100 συνανιστᾷ
946 2029 1046 2099 τὴν
1077 2025 1352 2081 πεσοῦσαν
1391 2021 1602 2086 εἰκόνα,

493 2128 583 2178 Ἐν
614 2124 693 2194 τῷ
724 2122 848 2177 καθ’
881 2120 1048 2176 αὐτὸν
1082 2115 1476 2189 ἀναχωνεύσας
1503 2113 1687 2167 πάθει.

555 2216 797 2270 Τοιαῦτα
826 2213 978 2283 τάμά
1018 2211 1158 2280 πρὸς
1186 2207 1415 2281 βροτοὺς
1446 2206 1607 2278 ἔργα,
1641 2204 1784 2273 ξένε.

484 2309 730 2366 Τοιαῦτα
762 2325 866 2379 μου
894 2307 964 2360 τά
997 2305 1147 2375 δῶρα
1175 2302 1247 2356 τὰ
1276 2301 1414 2370 πρὸς
1449 2299 1543 2352 τὸν
1574 2298 1716 2369 βίον.

498 2404 641 2459 Ἀλλ’
670 2405 750 2463 εἰς
782 2400 1014 2470 νεκροὺς
1040 2398 1110 2452 τά
1141 2396 1293 2467 μῦρα
1330 2396 1432 2463 τῆς
1458 2393 1790 2463 παροιμίας,

497 2499 642 2555 Ἀλλ’
674 2499 756 2560 είς
783 2494 941 2557 ὅνους
971 2495 1006 2563 ἡ
1041 2491 1184 2560 λύρα
1216 2490 1343 2553 τοὺς
1374 2485 1725 2566 κανθηλίους.

500 2591 827 2645 Ἐλάνθανον
852 2587 962 2656 γὰρ
990 2583 1276 2659 ἀχαρίστῳ
1302 2579 1586 2652 δραπέτην

492 2684 666 2754 Ὅλην
700 2677 949 2751 ἐμαυτὴν
986 2674 1274 2729 ἐκδιδοῦσα
1314 2672 1391 2741 τῷ
1428 2672 1552 2742 βίῳ,

500 2781 598 2841 Ὃς
631 2779 728 2847 τὴν
761 2774 900 2845 ἐμὴν
937 2773 1036 2842 μὲν
1066 2770 1252 2833 ἀθετεῖ
1296 2765 1589 2821 συνουσίαν

492 2871 738 2932 Δεξλαιος
769 2865 1002 2937 ἀνδρῶν,
1040 2865 1117 2927 εὶς
1146 2862 1191 2916 δ’
1223 2861 1423 2930 ἀγεννῆ
1467 2857 1739 2930 μαχλάδα,

496 2966 743 3036 Ἐχθραν
778 2958 1029 3026 καλοῦσι,
1059 2958 1159 3028 τὴν
1190 2952 1498 3010 ἀτάσθαλον
1524 2951 1707 3027 ῥέπει.

492 3197 625 3253 Cum
655 3193 723 3249 sit
763 3189 990 3245 marinis
1022 3200 1228 3256 semper
1249 3181 1514 3238 innutrita
1544 3179 1737 3252 aquis?

493 3291 651 3345 lubet
694 3303 868 3351 amor,
901 3294 1057 3340 extra
1095 3280 1330 3337 Thetidis
1356 3288 1414 3332 ut
1441 3276 1575 3344 ﬁnes
1603 3284 1710 3340 eat,

496 3385 746 3454 Novoque
773 3381 939 3434 discat
976 3393 1033 3430 se
1073 3376 1294 3430 sinuare
1324 3371 1524 3428 littore.

568 3472 836 3543 Magnetis
872 3467 942 3522 ad
977 3473 1168 3521 nutum
1203 3462 1397 3534 lapidis
1433 3460 1804 3529 ﬁrmissimum

496 3566 626 3631 Qua:
655 3580 819 3618 causa
859 3561 1062 3630 ferrum
1088 3570 1277 3626 cogere
1305 3561 1475 3625 potest
1503 3550 1752 3607 attrahi?

496 3658 617 3713 Non
651 3656 763 3711 alia
803 3669 957 3717 sane,
989 3666 1150 3724 quam
1193 3648 1364 3707 latens
1389 3646 1695 3703 concordia.

497 3747 638 3812 Quid
670 3744 840 3800 multa
866 3744 890 3798 .9
921 3742 1120 3797 Rerum
1157 3739 1417 3811 quidquid
1443 3746 1519 3793 est
1545 3737 1726 3809 quovis
1754 3733 1866 3789 loco

499 3840 560 3895 Id
596 3840 725 3894 vivit
766 3839 823 3891 in
858 3852 959 3898 me,
994 3834 1315 3899 continetur,
1350 3842 1398 3887 et
1432 3840 1632 3887 manet.

572 3934 791 4003 Majora
826 3934 1025 3993 dicam,
1058 3932 1199 3984 ratio
1228 3930 1441 4001 captiva
1479 3927 1658 3983 sileat.

501 4028 619 4093 Ipsa
653 4042 748 4095 ego
784 4023 970 4087 Deum,
1001 4023 1092 4092 qui
1116 4030 1308 4076 cuncta
1333 4021 1593 4086 condidit,
1625 4018 1806 4073 Patris

452 4131 470 4146 ‘
501 4118 812 4189 Imaginem,
846 4112 1173 4186 Verbumque
1206 4111 1557 4183 nonelfabile,

502 4211 855 4266 Purissimam
881 4207 1071 4271 lucem,
1103 4222 1408 4275 supremam
1438 4206 1743 4266 essentiam,

501 4307 727 4361 Mentem
759 4306 873 4360 sine
892 4313 1147 4374 tempore,
1174 4302 1264 4355 sed
1295 4300 1537 4371 opiﬁcem
1567 4300 1845 4370 temporis,

500 4399 826 4455 Descendere
853 4413 1017 4452 causa
1048 4412 1132 4451 res
1159 4395 1229 4449 ad
1261 4396 1529 4450 humanas
1561 4394 1661 4463 fui,

502 4493 571 4547 Et
597 4490 874 4562 passibilia
899 4489 1133 4544 membra
1159 4486 1495 4541 circumdare
1520 4486 1643 4548 sibi,

503 4584 879 4655 Fragilemque
910 4582 1145 4650 corporis
1175 4578 1356 4634 subire
1386 4594 1707 4648 purpuram,

503 4674 632 4739 Qure
656 4676 825 4728 timta
859 4689 992 4744 puro
1023 4671 1242 4742 virginis
1271 4678 1389 4725 erat
1415 4671 1697 4741 sanguine,

504 4767 742 4837 Denique
764 4767 900 4830 pati,
923 4764 1183 4835 morique.
1217 4760 1360 4817 Proh
1390 4761 1623 4833 quantus
1646 4762 1745 4832 fuit

502 4866 668 4915 Amor
702 4863 822 4926 iste,
855 4868 1118 4931 quantum,
1151 4857 1385 4929 facinus,
1416 4864 1466 4910 et
1491 4856 1722 4924 dilectio,

508 4950 586 5005 0b
618 4968 779 5019 quam
811 4959 1067 5022 gravatus
1100 4947 1238 5003 male
1269 4964 1374 5002 non
1394 4957 1470 5003 est
1504 4964 1698 5003 carnea

504 5042 730 5096 Indutus
763 5057 922 5113 agere
952 5051 1159 5109 tempus
1187 5038 1406 5110 aliquod
1434 5041 1490 5093 in
1521 5039 1657 5101 solo,

510 5133 615 5196 Qui
640 5134 818 5187 carnis
850 5132 1022 5185 omnis
1048 5142 1121 5186 est
1155 5130 1413 5186 Dominus
1434 5143 1483 5186 et
1512 5132 1784 5203 temporis.

509 5221 615 5281 Sic.
645 5226 722 5277 sic
751 5223 962 5292 reﬁcere
997 5223 1161 5278 voluit
1193 5223 1454 5280 abolitam
1485 5224 1578 5278 Dei

515 5313 814 5387 Imaginem
841 5318 895 5370 in
930 5320 1098 5384 nobis,
1130 5333 1424 5389 novamque
1451 5319 1516 5371 de
1540 5318 1747 5386 integro

511 5406 827 5476 [inprimere
855 5410 1037 5462 mortis
1068 5425 1161 5483 per
1189 5425 1301 5463 sua:
1332 5407 1707 5479 signaculum.‘

516 5499 648 5554 lla'c
678 5510 831 5554 tanta
865 5502 1060 5555 mundo
1093 5503 1283 5556 merita
1313 5510 1505 5554 cuneta
1536 5501 1760 5554 contuli.

524 5590 739 5656 Verum,
773 5594 912 5664 quod
939 5595 1112 5659 aiunt,
1147 5604 1383 5647 mortuos
1415 5595 1692 5663 inungere,

511 5684 862 5757 Accinereque
890 5689 1053 5742 asinis
1082 5702 1201 5740 cum
1229 5684 1369 5755 lyra,
1406 5685 1557 5740 labor
1588 5688 1770 5741 irritus
1798 5704 1818 5742 :

511 5777 598 5831 Sic
629 5779 743 5846 ipsa
784 5796 864 5832 me
893 5797 1004 5835 meo
1033 5778 1229 5831 marito
1263 5780 1439 5833 nescia

2080 433 2122 485 Α
2156 426 2267 495 Τῆς
2304 426 2542 488 δουλίδος
2576 422 2684 493 γάρ
2718 422 2935 493 μωρίας
2968 416 3234 492 ξυνεργὶα

2157 518 2339 587 Αὐτὴν
2372 518 2470 589 μὲν
2505 516 2656 581 ἐντὸς
2683 517 2897 585 εἰσάγει
2925 516 3025 586 τῆς
3059 514 3257 577 οίκίας,

2169 612 2352 680 Ἡμάς
2374 610 2597 663 τύπτων
2620 608 2830 677 ἐξάγει.
2868 609 2935 661 Ὢ
2972 608 3153 676 νόμοι,
3178 605 3374 675 νόμοιι

2163 705 2273 758 Καὶ
2302 704 2430 766 τοὺς
2462 701 2743 770 ἀθέσμους
2773 700 2896 755 οὐδὲ
2919 701 3024 754 κᾶν
3055 699 3266 771 κλέπτῃ
3293 698 3533 767 γάμους,

2178 796 2324 851 Ἀλλ’
2351 794 2662 865 ἀναφανδὸν
2696 794 2914 848 ἑκτελεῖ
2943 794 3043 864 τὴν
3078 791 3368 862 αἰσχύνην,

2166 890 2361 945 Καίτοι
2394 890 2502 962 πρὸ
2528 888 2745 943 πάντων
2771 886 2984 955 ἀγνοῶν
3020 887 3116 940 καὶ
3146 885 3246 957 τὴν
3288 885 3472 954 θέμιν.
3532 916 3537 917 ν

2242 984 2307 1038 Τί
2339 984 2582 1056 φλαῦρον
2607 985 2760 1055 ἡμῖν,
2791 982 2934 1036 ὥστε
2965 981 3128 1036 λῦσαι
3154 982 3244 1036 τὸν
3269 981 3473 1063 γάμον,

2170 1080 2235 1133 Τί
2262 1078 2305 1131 δ’
2334 1077 2537 1147 ἀγαθὸν
2570 1077 2836 1148 πρόσεστι
2866 1079 2934 1147 τῇ
2972 1075 3271 1147 μοιχαλίδι,

2172 1173 2335 1224 Ὥστε
2365 1170 2500 1240 πρὸς
2527 1170 2698 1242 αὐτὴν
2728 1170 3056 1239 ἀντενέγκαι
3085 1170 3177 1223 τὸν
3215 1168 3421 1234 πόθον;

2170 1266 2235 1321 Εἰ
2259 1267 2367 1337 γάρ
2399 1283 2467 1337 με
2490 1264 2667 1337 ταύτῃ
2697 1266 3015 1336 συγκρίνειν
3049 1266 3294 1338 βούλοιτό
3323 1285 3434 1333 τις,

2183 1359 2362 1415 Ὀκνῶ
2386 1361 2454 1412 τὰ
2487 1359 2675 1431 κομψὰ
2709 1361 2775 1430 μέ
2786 1361 2922 1430 μψιν
2950 1360 3357 1433 εὐλαϐουμένη.

2243 1452 2388 1523 Ἐγὼ
2419 1454 2519 1524 μέν
2550 1455 2665 1524 εἰμι
2693 1453 2963 1524 χαροπὸς,
2990 1454 3202 1526 χρηστά
3228 1454 3433 1524 βλέπω,

2171 1546 2285 1601 Καὶ
2320 1545 2601 1613 μειδιῶτά
2632 1545 2880 1611 πλεῖστα,
2898 1548 3010 1601 ’καὶ
3045 1547 3210 1618 χάριν
3246 1549 3417 1615 πνέω,

2174 1641 2300 1694 Κᾶν
2329 1640 2411 1693 δεῖ
2436 1639 2618 1692 λαλεῖν
2648 1639 2889 1693 ἐνταῦθα
2922 1640 3203 1711 γλυκύτης
3233 1644 3335 1711 ὅση
3358 1659 3375 1675 ⁸

2102 1757 2147 1818 Β
2177 1731 2297 1787 Κᾶν
2321 1731 2403 1785 δεῖ
2432 1731 2619 1803 γελᾷν,
2659 1730 2895 1786 ἐνταῦθα
2938 1732 3210 1803 σεμνότης
3240 1734 3363 1805 ὅση.

2190 1825 2280 1877 Ἐν
2315 1822 2660 1893 συμπλοκαῖς
2688 1823 2746 1875 οὐ
2779 1821 3073 1892 μανθάνεις
3102 1823 3230 1887 τοὺς
3262 1825 3584 1890 δακτύλους,

2191 1918 2281 1971 Ἑν
2313 1918 2426 1980 τοῖς
2458 1914 2747 1986 βαδισμοῖς
2785 1914 2913 1977 τοὺς
2949 1914 3114 1977 πόδας
3137 1915 3182 1969 δ’
3209 1915 3308 1969 οὒκ
3338 1917 3405 1970 ἂν
3438 1919 3660 1987 μάθοις.

2182 2007 2303 2061 Κᾶν
2330 2006 2426 2060 νῦν
2456 2006 2825 2069 πλακοῦντες,
2866 2005 2962 2059 νῦν
2995 2006 3039 2059 δ’
3071 2006 3202 2071 ἅλες
3230 2007 3475 2077 τρέφωσί
3508 2027 3600 2079 με,

2182 2101 2259 2156 Οὐ
2293 2100 2421 2165 τοὺς
2453 2099 2799 2164 πλακοῦντας
2835 2100 3122 2171 προκρίνω
3157 2100 3265 2153 τῶν
3300 2101 3537 2155 ἁλὰτιυν.

2194 2195 2286 2248 Ἐν
2313 2196 2429 2258 τοῖς
2459 2191 2691 2260 ἀγαθοῖς
2713 2192 2803 2245 τὸν
2835 2192 3008 2257 πέλας
3035 2193 3236 2262 γοργὸν
3269 2192 3474 2263 βλέπω,

2187 2289 2393 2360 Πάσχω
2421 2286 2480 2341 δὲ
2512 2288 2650 2357 πρὸς
2686 2284 2894 2357 φαῦλόν
2929 2304 2989 2340 τε
3021 2286 3417 2356 ἀμϐλυωπίαν.

2201 2382 2494 2454 Ἐναρτίας
2524 2382 2780 2451 πέφευγα
2813 2382 3014 2445 κακίας
3041 2381 3159 2447 δύο,

2190 2473 2304 2546 Τὴν
2342 2473 2659 2545 ὑπόκρισιν,
2696 2475 2789 2528 Δτόν
2821 2491 2880 2528 τε
2920 2476 3202 2545 πέρπερον
3230 2473 3458 2544 τρόπον.

2274 2568 2441 2639 Ἐμοῦ
2468 2570 2567 2639 μὲν
2600 2564 2695 2623 οὖν
2721 2570 2984 2633 τοσαῦτα,
3024 2570 3124 2638 τῆς
3154 2568 3197 2623 δ’
3225 2568 3430 2640 ἔχθρας
3457 2567 3614 2634 τίνας

2185 2664 2376 2718 Φόνιον
2413 2658 2576 2733 αἷμα,
2605 2665 2791 2735 χεῖρες
2818 2662 3208 2735 ᾑματωμένω,

2188 2757 2488 2827 ’Ύπωχρος
2519 2755 2665 2825 ὄψις,
2697 2757 3100 2827 ἐκτετηγμέναι
3132 2756 3351 2826 γνάθοι,

2189 2850 2351 2920 Φωνὴ
2374 2852 2630 2921 τραχεῖα,
2657 2848 2936 2921 βάρϐαρος
2961 2851 3019 2903 δὲ
3050 2851 3111 2904 τὸ
3151 2834 3341 2916 πλέον,

2192 2944 2468 3016 "Aestivo;
2501 2940 2686 3015 ὕϐρις,
2722 2940 2898 3014 ἅλμα,
2932 2943 3181 3013 κραυγὴ,
3213 2942 3379 3014 θροῦς
3405 2944 3554 3007 ὅσος.

2113 3172 2164 3241 C
2197 3193 2381 3250 Totam
2412 3193 2605 3255 dicavi.
2637 3201 2687 3248 et
2714 3193 2917 3247 tradidi
2936 3192 3322 3265 ingratissimo,

2197 3284 2301 3350 Qui
2329 3284 2527 3340 stultus
2558 3294 2606 3340 et
2634 3285 2801 3340 miser
2827 3302 3001 3340 meum
3029 3286 3356 3354 contemptui

2198 3376 2519 3447 Conjugium
2550 3377 2726 3442 habet,
2760 3387 3098 3448 scortumque
3129 3379 3408 3443 pessimum
3441 3378 3540 3455 sibi

2198 3465 2370 3535 Cepit.
2406 3464 2698 3523 Inimicitia
2736 3482 2956 3523 vocatur
2987 3471 3222 3524 nomine.

2206 3556 2334 3613 Ilwc
2366 3561 2617 3630 recipitur
2647 3577 2742 3629 ope
2779 3561 3126 3631 consiliisque
3155 3562 3396 3631 famulw,

2197 3650 2298 3706 Cui
2328 3668 2515 3707 nomen
2544 3663 2619 3707 est
2647 3652 2913 3718 Stultitia,
2942 3671 3036 3708 nos
3060 3655 3399 3724 expellimur.

2203 3741 2339 3797 Proh
2361 3743 2621 3798 dedecus!
2651 3762 2681 3799 ο
2708 3745 2870 3815 leges,
2902 3746 3149 3801 scelestas
3179 3748 3384 3817 publice

2216 3836 2306 3889 Vir
2337 3838 2570 3904 nuptias,
2614 3848 2708 3892 aut
2736 3839 2908 3893 verius
2939 3841 3087 3909 nefas
3116 3839 3292 3893 habet.

2206 3928 2361 3983 Nihil
2386 3940 2616 3995 veretur,
2647 3931 2930 4001 impudens
2965 3934 3171 4004 factum
3199 3947 3367 4003 neque

2203 4026 2375 4093 Celat,
2408 4043 2501 4081 nec
2533 4026 2646 4081 utla
2677 4027 2833 4097 jura,
2868 4030 2951 4097 fas
2987 4028 3190 4082 nullum
3223 4036 3382 4081 tenet.

2280 4119 2433 4185 Quod
2460 4122 2662 4177 crimen
2691 4121 2747 4174 in
2776 4137 2856 4174 me
2883 4129 2983 4183 est,
3013 4123 3153 4192 quod
3187 4120 3373 4189 repelli
3401 4119 3620 4175 debeam
3645 4120 3674 4175 i'

2202 4210 2411 4281 Ecquid
2431 4211 2583 4266 habet
2604 4212 2711 4266 ista
2741 4212 2884 4277 boni,
2914 4216 3055 4282 quod
3089 4214 3264 4265 amari
3298 4212 3485 4266 debeat
3514 4213 3538 4263 .9

2213 4303 2511 4377 Utramque
2536 4305 2741 4375 pariter
2772 4321 3090 4376 comparare
3110 4306 3157 4359 si
3177 4306 3355 4371 velim,

2207 4395 2383 4452 Metuo
2409 4413 2472 4450 ne
2502 4397 2685 4450 videar
2714 4396 2963 4451 laudibus
2986 4398 3154 4451 nimia
3175 4401 3327 4453 meis.

2282 4485 2377 4540 Est
2419 4486 2645 4541 blandus
2668 4496 2715 4540 et
2739 4488 2919 4541 suavis
2942 4499 3186 4558 aspectus
3222 4489 3371 4551 mihi,

2134 4544 2180 4598 Β
2215 4579 2535 4652 Plerumque
2556 4580 2727 4644 rideo,
2763 4589 2873 4634 tota
2903 4584 3049 4651 spiro
3071 4583 3301 4652 gratias.

2204 4671 2263 4728 Si
2301 4673 2429 4742 quid
2458 4670 2799 4742 loquendum,
2836 4689 2997 4744 quam
3020 4674 3284 4742 leporibus
3313 4673 3468 4743 aﬂluo
3494 4673 3520 4728 Ρ

2207 4763 2399 4818 Ridere
2424 4766 2470 4818 si
2503 4765 2639 4829 volo,
2670 4781 2772 4819 non
2804 4765 2920 4819 sine
2939 4768 3203 4836 grauitate
3231 4765 3314 4833 ﬁt.

2210 4857 2385 4914 Castis
2423 4861 2635 4917 honeste
2665 4859 2908 4914 manibus
2931 4860 3231 4929 amplector
3263 4860 3444 4914 bonos.

2208 4946 2408 5002 lneedo
2434 4965 2621 5018 gressu
2647 4950 2883 5021 graviter
2907 4965 2972 5003 ac
3004 4948 3291 5020 lenissime.

2211 5040 2279 5094 Et
2311 5059 2404 5095 seu
2437 5042 2709 5111 placenta,
2741 5059 2832 5097 seu
2868 5044 3014 5097 cibus
3046 5043 3132 5098 sal
3152 5046 3221 5098 sit
3242 5044 3390 5108 mihi,

2212 5132 2524 5204 Frugaliter
2553 5152 2676 5205 ago,
2706 5152 2800 5189 nec
2824 5135 3129 5205 placentam
3158 5139 3405 5205 prafero.

2212 5226 2475 5281 Suavibns
2511 5227 2688 5281 ocellis
2720 5229 2920 5297 aspicio
2948 5227 3110 5282 bonos
3130 5230 3305 5291 viros;

2210 5316 2357 5372 Inter
2383 5316 2554 5371 malos
2581 5334 2702 5372 vero
2731 5318 2906 5375 volens
2937 5320 3174 5373 ccecutio.

2213 5409 2439 5479 Infensa
2467 5426 2627 5480 porro
2663 5413 2875 5482 gemina
2907 5422 3030 5467 sunt
3055 5415 3183 5467 mihi
3215 5413 3368 5480 vitia,

2210 5501 2624 5574 Ilgpocrisisque
2654 5513 2702 5558 et
2738 5506 2978 5572 pravitas
3010 5507 3065 5559 in
3095 5506 3346 5559 moribus.

2242 5656 2247 5661 ε
2287 5596 2413 5652 [Ia’c
2448 5598 2667 5667 propria
2688 5600 2814 5653 mihi
2848 5609 3012 5654 sunt:
3039 5600 3217 5667 pellici
3242 5607 3428 5654 contra
3463 5616 3594 5659 mea

2211 5690 2584 5762 Adulterazque
2620 5690 2924 5747 Inimicitiae
2945 5702 3066 5746 sunt
3090 5693 3224 5746 talia
3250 5711 3271 5751 :

2213 5786 2396 5841 Ctedes
2421 5796 2664 5854 cruenta,
2694 5787 2956 5859 sanguine
2986 5787 3196 5858 infectae
3241 5802 3452 5850 manus,
