4078 6428
326 409 467 476 1399

397 526 496 588 Τίς
528 521 624 578 οὖν
651 521 872 595 φρονῶν
902 520 1210 592 ἄνθρωπος,
1244 521 1369 574 είπέ
1406 538 1520 591 μοι,
1550 521 1689 587 ξέιε,

323 617 543 672 Τοιάνδ’
575 616 759 684 ἀφεὶς,
799 615 979 668 ἕλοιτο
1003 613 1216 667 τοιάνδε
1247 612 1471 683 βλέπειν

323 711 551 781 Βάκχην
590 708 855 779 ἀτεχνῶς,
882 708 1103 785 ἀγρίαν,
1136 707 1229 759 καὶ
1265 705 1550 776 μαχλάδας

336 803 480 857 Ἀλλ’
509 806 539 858 ὁ
563 802 945 872 τρισάνοικτος
979 800 1072 854 καὶ
1099 801 1281 862 ἄθλιος
1313 799 1429 869 βίος

324 892 572 949 Τοιαῦτα
601 894 799 967 τολμᾷ,
824 895 920 948 καὶ
949 893 1119 965 τόσην
1157 894 1392 948 ἀδικίαν.

335 990 483 1059 Ἐγὼ
507 990 565 1043 δὲ
602 990 697 1046 καὶ
727 988 974 1043 τοσαῦτα
1009 989 1280 1054 παθοῦσα,
1309 987 1451 1053 ξένε,

326 1085 526 1153 Ὅμως
557 1083 698 1152 φιλῶ
733 1095 836 1154 μου
876 1083 966 1136 τὸν
1002 1083 1330 1152 ξυνευνέτην
1371 1081 1557 1135 πάλιν.

326 1176 456 1238 Πῶς
488 1176 596 1247 γὰρ
623 1174 892 1245 δυναίμην
915 1173 992 1245 μὴ
1018 1175 1195 1244 φιλεῖν
1218 1175 1250 1244 ἡ
1273 1174 1431 1228 Φιλία
1453 1190 1468 1237 ;

415 1267 556 1321 Ἀλλ’
590 1269 649 1321 εν
689 1270 889 1331 κενοῖς,
921 1267 1068 1320 εἴποι
1092 1283 1175 1330 τις
1211 1266 1362 1328 ἴσως,
1391 1258 1434 1319 ὦ
1474 1264 1659 1334 γύναι,

327 1359 685 1430 Κακηγορεϊς
707 1357 798 1412 τὸν
826 1358 999 1429 ἄνδρα
1029 1359 1124 1412 καὶ
1156 1358 1350 1429 πόρρω
1377 1356 1566 1426 λόγου.

330 1453 466 1506 Δέον
494 1450 680 1516 κακῶς
709 1454 820 1524 γὰρ
845 1452 946 1525 τὴν
972 1451 1315 1523 θεράπαιναν
1339 1450 1546 1519 λέγειν,

331 1546 499 1609 Ἦτις
539 1547 657 1599 ποτ’
690 1545 862 1611 ἐστιν,
896 1545 964 1616 ἢν
1000 1545 1138 1613 ἔφης
1165 1545 1228 1600 σὺ
1269 1542 1482 1614 μωρίαν
1505 1557 1520 1574 ·

327 1639 485 1710 Δῦτη
515 1640 624 1710 γὰρ
660 1640 824 1694 αὐτὸν
859 1640 939 1703 είς
971 1638 1031 1692 τὸ
1067 1641 1224 1711 μῖσος
1255 1636 1480 1691 ἑλκύει·

327 1732 403 1784 Σὺ
427 1732 474 1787 δ’
502 1734 619 1786 ἀλλ’
641 1733 861 1804 ἐκείνην
896 1731 1111 1800 ἐξάγεις
1136 1733 1234 1799 τῆς
1264 1729 1522 1798 εὐθύνης,

330 1813 528 1887 Πνέεις
555 1823 611 1877 δὲ
649 1822 760 1896 πῦρ
797 1824 1063 1895 ἄντικρυς
1091 1824 1235 1894 ἀμφὶ
1267 1822 1359 1876 τὸν
1382 1821 1520 1891 βίον.

405 1916 470 1969 El
501 1916 679 1970 ταῦτά
700 1933 789 1981 τις
829 1915 1085 1986 πρόθοιτο
1110 1914 1356 1977 πιθανῶς
1383 1914 1548 1984 τάχα,

344 2009 813 2080 Ἀντιπροθοίμην
839 2008 1017 2064 ταῦτα
1040 2007 1456 2078 πιθανωτέρως.

330 2101 454 2171 Ἐφ’
541 2101 651 2173 γὰρ
684 2101 848 2174 ἡμῶν
884 2101 960 2173 μὴ
989 2101 1169 2156 κλύων
1204 2100 1314 2156 τῶν
1342 2100 1604 2170 γνησίων,

335 2192 513 2256 Ὀλας
539 2194 815 2265 παρέσχεν
843 2195 1013 2257 ἀκοὰς
1035 2197 1102 2267 τῇ
1126 2194 1351 2260 δουλίδι,

329 2287 534 2343 Καίτοι
565 2287 755 2358 μαθὼν
786 2290 847 2342 τὸ
879 2287 1068 2342 δοῦλον
1096 2288 1293 2359 ἐχθρὸν
1316 2288 1630 2351 δεσπόταις.

329 2379 486 2451 Πλὴν
517 2379 656 2433 ἀλλὰ
694 2379 789 2433 καὶ
814 2381 932 2442 πῶς
956 2379 1052 2450 τῆς
1082 2378 1389 2449 λυσιγάμου
1426 2381 1642 2450 γάμοςς

335 2473 411 2527 Ἦ
438 2472 555 2536 πῶς
590 2473 777 2542 φιλίας
807 2473 883 2544 μὴ
914 2472 1196 2544 παρούσης
1227 2472 1508 2544 τῷγάμφ

336 2567 543 2622 Ἔσται
573 2566 635 2620 τὸ
660 2566 980 2636 κοινώνημα
1007 2565 1107 2635 τῆς
1138 2565 1469 2630 συνουσίας;

331 2659 572 2723 Βλέπεις
603 2660 850 2731 φρενῖτιν
883 2659 948 2730 ἣν
974 2659 1143 2719 νοσεῖ,
1174 2658 1393 2728 βλέπεις
1428 2656 1623 2727 μέθην,

337 2748 514 2823 Ὀρᾷς
551 2750 785 2822 μανικὴν
814 2749 1113 2822 ἐκτροπὴν,
1138 2750 1270 2821 ὁρᾷς
1303 2749 1497 2815 νόσον;

336 2843 467 2897 Οὐδ’
496 2844 632 2897 αὐτὸ
660 2842 795 2911 γοῦν
830 2843 1075 2912 ἔγνωκεν
1111 2842 1188 2906 ὡς
1221 2842 1424 2914 ἔχθρας
1454 2842 1621 2912 φύσις

334 2938 455 2990 Ούκ
483 2933 592 2991 οἶδε
632 2938 882 3009 δεσμεῖν,
909 2936 1047 2991 ἀλλὰ
1074 2936 1200 3000 τοὺς
1229 2936 1466 3006 δεσμοὺς
1491 2936 1659 2991 λύειν.

409 3032 608 3094 Ὅπως
638 3030 697 3084 δὲ
728 3030 916 3100 σαφῶς
941 3033 1058 3094 τοῖς
1091 3029 1215 3085 καθ’
1245 3031 1392 3100 ἡμᾶς
1426 3029 1677 3102 ἐντύχῃς,

334 3219 555 3275 Ριείίονε
576 3220 734 3290 facies
767 3221 938 3290 turpis
961 3218 1356 3289 emaciataque.

343 3314 459 3368 Vox
493 3329 681 3382 aspera
723 3313 905 3378 nimis,
936 3311 1331 3381 plurimumque
1358 3308 1616 3373 barbara,

336 3405 742 3470 Tumultuatur,
773 3404 994 3471 clamat,
1021 3413 1096 3458 est
1122 3403 1346 3473 injuria.

336 3498 470 3561 Quis
501 3508 672 3551 mente
695 3506 945 3552 constans
968 3498 1148 3570 igitur,
1176 3497 1380 3564 hospes,
1411 3496 1496 3548 die
1521 3511 1639 3564 age,

338 3588 426 3643 Me
457 3590 707 3643 derelicta
734 3589 987 3661 deligeret
1020 3591 1181 3643 istam
1212 3589 1311 3644 sibi
1372 3608 1379 3623 κ

336 3685 605 3738 Bacchum
629 3685 852 3755 ferocem
879 3701 1118 3753 prorsus,
1151 3691 1201 3738 et
1237 3692 1465 3738 scortum
1498 3685 1818 3755 impudens?

335 3778 402 3829 At
443 3778 670 3831 mundus
696 3777 857 3830 audet
886 3780 1122 3829 omnium
1149 3776 1477 3830 miserrimus

334 3869 674 3924 Committere
701 3867 808 3921 tale
834 3867 1041 3929 facinus
1068 3867 1499 3937 injustissimum.

336 3959 444 4016 Sed
478 3967 553 4014 tot
583 3959 700 4015 licet
733 3962 999 4030 tantisque
1026 3958 1181 4012 malis
1213 3960 1399 4030 affecta
1432 3961 1555 4023 sim,

338 4052 559 4122 Semper
585 4062 760 4106 tamen
795 4053 1007 4106 interim
1036 4068 1205 4105 meum
1242 4053 1497 4106 ntaritum
1522 4071 1664 4107 ante.

336 4145 441 4212 Qui
473 4162 577 4199 non
599 4160 835 4199 amarem
865 4145 890 4198 ?
924 4161 1108 4211 nempe
1134 4145 1387 4198 Amicitia
1414 4161 1587 4198 vocor.

408 4238 467 4294 Si
495 4241 630 4310 forte
658 4238 799 4291 dicat
832 4238 1101 4309 quispiam
1123 4251 1141 4288 :
1170 4237 1383 4292 Temere
1412 4248 1561 4291 tuum

338 4330 559 4384 Omnem
590 4330 829 4401 refundis
854 4330 907 4383 in
938 4330 1112 4383 virum
1142 4330 1357 4399 culpam
1389 4329 1542 4384 mali.

340 4422 479 4487 Quin
503 4423 678 4492 potius
705 4420 919 4476 ancilla:
942 4421 1143 4474 deceret
1172 4422 1373 4475 crimen
1407 4423 1524 4486 hoc,

342 4516 517 4581 Quam
549 4514 853 4569 Stultitiam
884 4530 1058 4581 vocas,
1087 4514 1316 4567 tribuere
1348 4517 1607 4583 pessimat.

342 4607 475 4662 Παῖς
511 4607 700 4662 suadet
741 4607 880 4660 enim
919 4607 1032 4660 viro
1057 4607 1250 4672 scelus,
1283 4616 1441 4675 atque
1462 4607 1673 4677 pellicit.

342 4699 494 4754 Hanc
520 4711 576 4753 tu
608 4701 881 4769 relinquis,
919 4717 1014 4756 ceu
1040 4699 1173 4753 nihil
1193 4702 1434 4753 meritam
1465 4702 1617 4761 mali.

342 4794 599 4868 lramque
631 4798 787 4850 vertis
816 4798 1027 4866 igneam
1058 4798 1114 4850 in
1142 4795 1314 4850 solum
1345 4798 1537 4851 virum.

416 4893 477 4946 Si
507 4892 592 4946 cui
614 4892 856 4945 videntur
877 4892 1177 4961 cbjicienda
1208 4892 1350 4945 nobis
1377 4893 1507 4956 ha'c,

345 4982 541 5037 Contra
581 4984 808 5038 vicissim
840 4983 916 5037 sic
942 5000 1036 5054 ego
1058 5000 1139 5038 me
1161 4984 1468 5053 defendere.

345 5073 487 5129 Sane
510 5087 742 5130 meretur
766 5074 908 5129 δοίιιδ
938 5076 1260 5137 accusarier,

347 5166 498 5232 Quod
535 5171 818 5248 ingenuam
850 5184 931 5222 me
960 5168 1235 5240 conjugem
1264 5185 1364 5222 non
1400 5169 1609 5233 audiat,

347 5258 450 5314 Sed
474 5263 649 5332 potius
673 5278 830 5315 aures
857 5261 1091 5330 praebeat
1116 5260 1327 5315 ancilla:
1356 5278 1467 5317 sua:
1497 5279 1514 5314 :

349 5352 601 5419 Quamvis
628 5359 780 5411 heros
814 5356 1006 5411 servile
1026 5371 1188 5427 genus
1213 5355 1477 5426 intelligat

352 5448 484 5505 Odia
513 5451 709 5506 latente
750 5451 996 5522 prosequi
1022 5466 1229 5521 semper
1248 5466 1395 5504 suos.

353 5537 536 5597 Ulloue
567 5553 722 5614 pacto
757 5545 1067 5613 nuptiarum
1100 5543 1306 5612 perﬁda

353 5630 523 5691 Pestis
556 5639 749 5691 marito
779 5637 1011 5708 legitime
1032 5635 1370 5707 copulabitur
1393 5637 1417 5689 ?

356 5736 460 5790 Aut
494 5738 694 5807 nuptiis
719 5739 765 5791 si
787 5732 922 5792 desit
952 5737 1204 5792 amicitiae
1225 5738 1440 5801 bonum,

354 5826 596 5891 Quonam
634 5833 791 5885 modo
813 5833 1023 5887 durabit
1062 5830 1175 5886 ulla
1217 5833 1442 5885 societas
1469 5832 1494 5882 ἴ)

356 5918 570 5981 Videsne
601 5928 884 5985 morbum?
924 5926 1028 5983 Vah
1063 5926 1422 5984 temulentiam
1453 5944 1688 5998 gravem,

1477 405 1801 467 SCRIPTA
1838 400 2391 469 MISCELLANEA.

1938 522 1981 575 Α
2013 518 2137 570 Κάκ
2165 516 2272 568 τῶν
2301 513 2541 586 θύραθεν
2573 510 2682 565 τῶν
2711 511 2886 580 λόγων
2917 511 3239 565 πιστευτέον.

2025 606 2092 663 Ἦ
2128 610 2227 680 μὲν
2246 610 2367 679 -γὰρ
2395 609 2745 680 ἐμπίπτουσα
2775 609 2870 661 καὶ
2901 606 3037 675 πρὸς
3064 606 3162 678 τὴν
3198 604 3381 676 φύσιν,

2014 703 2197 774 Αὐτὴν
2227 703 2394 773 ἑαυτῇ
2427 702 2755 771 φιλονεικεῖν
2784 698 3030 772 κορθύει.

2018 795 2124 847 Τὸν
2159 792 2418 864 Ἐτεοκλῆ
2448 793 2545 848 καὶ
2573 793 2908 864 Πολυνείκην
2939 788 3134 860 βλέπε·

2020 887 2265 957 Ἔλθρας
2303 887 2413 956 γὰρ
2435 888 2640 957 ἀμφοῖν
2669 884 3078 959 ὲγχορευσάτης
3115 883 3281 954 μέσον

2030 977 2328 1048 Ἐκάτερος
2357 978 2622 1048 τέθνηκεν
2650 977 2712 1044 ἐξ
2742 976 3033 1048 ἑκατέρου.

2030 1068 2176 1137 Ἐγὼ
2198 1069 2255 1123 δὲ
2282 1069 2575 1123 συνδέουσα
2597 1069 2722 1130 τοὺς
2760 1067 3099 1139 ἀλλοτρίους,

2018 1163 2322 1233 Κρείττους
2353 1161 2600 1216 καθιστῶ
2633 1162 2915 1231 συγγενῶν
2944 1163 3242 1233 ὁμογνίων.

2028 1259 2091 1311 '0
2131 1258 2240 1330 γὰρ
2280 1258 2544 1328 Ὀρέστης
2567 1258 2664 1312 καὶ
2694 1256 2949 1327 Πυλάδης
2985 1259 3033 1310 οἱ
3058 1256 3203 1325 φίλοι

2034 1349 2188 1422 Ἐμοὶ
2215 1351 2633 1422 κατεπράξαντο
2664 1351 2790 1411 τοὺς
2824 1351 3017 1411 τόσους
3034 1349 3195 1404 ἄθλου
3206 1366 3247 1412 ς.

2033 1445 2327 1515 Ἀκήκοας,
2351 1434 2621 1516 βέλτιστε,
2654 1445 2753 1515 τῆς
2775 1444 3113 1517 τραγῳδίας,

2034 1537 2321 1593 Ἐντεῦθεν
2349 1539 2619 1594 ἁντάκουε
2645 1539 2741 1608 τῆς
2771 1537 3073 1608 ῥαψῳδίας.

2022 1633 2171 1698 Ἕως
2206 1633 2306 1704 μὲν
2335 1632 2508 1704 ἔχθρα
2534 1633 2634 1705 τὴν
2668 1631 2884 1702 σπάθην
2919 1629 3218 1701 Ἀχιλλέως

2021 1724 2193 1797 Θήγει
2223 1727 2343 1778 κατ’
2371 1723 2540 1779 αὐτοῦ
2570 1724 2664 1778 τοῦ
2690 1723 3018 1794 Μυκηναίου
3059 1721 3270 1792 ξίφους,

1948 1857 1996 1917 Β
2035 1821 2095 1874 ’0
2132 1820 2386 1891 Πριάμου
2417 1820 2546 1883 παῖς
2571 1817 2850 1891 πυρφόρος
2884 1816 3021 1887 πρὸς
3054 1816 3147 1869 τὸν
3178 1816 3356 1867 στύλοι

2031 1914 2145 1984 Τῆς
2179 1911 2519 1983 Θετταλικῆς
2539 1909 2857 1982 ἠρεμούσης
2881 1907 3112 1971 ἀσπίδος
3134 1923 3148 1937 ⁸

2027 2006 2201 2061 Κόλον
2240 2005 2299 2059 δὲ
2331 2005 2393 2058 τὸ
2418 2005 2548 2075 πρὶν
2574 2003 2784 2075 μακρὸν
2808 2004 2886 2064 εἰς
2917 1984 3108 2071 χεῖρας
3134 1999 3262 2069 δόρυ

2024 2099 2218 2152 Αἴαντι
2244 2098 2324 2169 τῷ
2357 2097 2574 2166 γίγαντι
2604 2096 2681 2168 τῷ
2702 2094 2959 2165 πελωρίῳ
3174 2080 3177 2087 ’

2038 2193 2209 2246 Ἐπὰν
2234 2192 2279 2246 δ’
2319 2190 2430 2260 ἐγὼ
2460 2191 2685 2260 λάϐοιμι
2706 2190 2796 2242 τὸν
2822 2187 2916 2241 τοῦ
2952 2184 3199 2257 Πηλέως,

2031 2285 2243 2350 Ἀλλως
2286 2284 2536 2357 ῥιφέντος
2567 2283 2659 2337 τοῦ
2691 2282 2860 2336 κύσου
2882 2280 2980 2335 ¹τοῖ’)
3010 2281 3109 2350 τῆς
3135 2280 3312 2350 μάχη,

2038 2379 2099 2432 '0
2128 2378 2253 2450 χθὲς
2281 2379 2495 2431 διώκων
2519 2379 2599 2440 εἰς
2626 2376 2805 2448 φυγὴν
2839 2374 2985 2428 νῶτα
3016 2373 3210 2435 κλίνει,

2028 2473 2139 2525 Καὶ
2169 2472 2361 2542 νεκρὸς
2395 2470 2614 2541 Ἕκτωρ
2635 2473 2665 2524 ὁ
2693 2466 2939 2539 στροῦῶν
2961 2466 3059 2539 τὴν
3096 2464 3321 2519 Ἐλλάδα

2029 2563 2142 2635 Τὴν
2177 2565 2392 2635 μήτραν
2422 2563 2658 2634 οἰκτρῶς
2684 2564 2748 2615 ἐκ
2780 2562 2961 2615 ποδοῖν
2988 2559 3319 2626 ἐξωσμένος.

2043 2657 2386 2727 Ἰππηλατῶν
2415 2657 2649 2710 δείλαιον
2684 2646 3043 2726 ίππηλασίαν,

2031 2751 2241 2815 Χαίτας
2266 2750 2482 2812 ὲκείνας
2510 2748 2607 2813 τὰς
2641 2749 2814 2811 καλὰς
2839 2749 2935 2801 καὶ
2964 2746 3222 2816 κοσμίας,

2035 2845 2143 2897 Καὶ
2169 2844 2262 2897 τὸν
2286 2841 2451 2897 καλὸν
2480 2840 2785 2912 βὸστρυχον
2817 2841 3070 2905 είςικόνιν
3110 2840 3173 2892 σύ
3185 2855 3314 2909 ρων,

2035 2935 2144 2989 Καὶ
2176 2934 2233 2988 τὸ
2264 2934 2530 3004 τρόπαιον
2559 2936 2670 2996 τοῖς
2709 2934 2948 3003 Ἀχαιοῖς
2975 2931 3050 2995 ὡς
3084 2931 3249 3001 μέγα.

2035 3028 2190 3082 Οὕτω
2214 3027 2584 3098 διεστήκαμεν
2604 3025 2870 3097 ἀλλήλων,
2906 3022 3048 3093 ξένε,

2038 3214 2157 3270 Sive
2180 3215 2351 3285 potius
2376 3212 2647 3285 phrenitin
2671 3219 2833 3283 atque
2856 3210 3124 3264 insaniam

1956 3292 2000 3351 ο
2034 3309 2141 3364 Nec
2181 3312 2333 3362 hocce
2363 3307 2652 3378 cognoscit,
2681 3305 2822 3377 quod
2847 3320 2878 3357 a
2903 3305 3168 3357 discordia

2036 3402 2185 3458 Nihil
2210 3403 2447 3467 uniatur,
2485 3408 2800 3469 separentur
2829 3399 3030 3453 Omnia.
3102 3388 3103 3391 “

2108 3499 2232 3553 Ηωε
2260 3509 2315 3552 ιιι
2344 3501 2510 3569 mag's
2540 3496 2850 3566 probentur,
2887 3503 2935 3548 et
2969 3493 3173 3563 faciant
3202 3488 3353 3558 βάρη.

2040 3592 2298 3661 Exempla
2329 3591 2635 3659 depromam
2663 3588 2758 3642 tibi
2794 3587 3072 3658 peregrina
3100 3599 3256 3637 nunc.

2037 3686 2309 3751 Sanguine
2332 3698 2541 3754 quoque
2554 3681 2757 3752 junctis
2785 3680 3020 3734 incidens
3043 3675 3311 3729 discordia

2037 3778 2411 3833 Contentiones
2447 3782 2629 3829 mutuo
2663 3791 2830 3829 saevas
2857 3774 2980 3828 ciet.

2033 3871 2294 3943 Exempla
2318 3871 2514 3940 quceris
2535 3871 2560 3923 .9
2594 3869 2734 3936 Quin
2762 3867 3022 3927 Eteoclen
3042 3868 3261 3939 inspice,

2036 3966 2387 4036 Fratremque
2418 3961 2729 4036 Polynicen,
2782 3964 2892 4016 suis
2916 3962 3005 4032 qui
3031 3963 3263 4016 dexteris

2037 4060 2229 4113 Misere
2253 4056 2550 4111 ceciderunt
2582 4054 2692 4108 litis
2721 4054 2782 4107 ob
2810 4070 3029 4108 causam
3057 4054 3239 4109 trucis.

2034 4153 2128 4204 Ast
2150 4166 2242 4218 ego
2268 4148 2468 4203 alienos
2503 4161 2705 4218 quoque
2728 4148 2805 4200 ita
2834 4162 3088 4216 compono
3114 4146 3238 4208 sibi.

2039 4242 2102 4298 Ut
2132 4244 2236 4295 sint
2267 4238 2509 4293 meliores
2538 4237 2621 4292 vel
2657 4252 2848 4308 genere
2864 4238 3241 4308 junctissimis.

2036 4335 2147 4389 Hoc
2172 4335 2363 4406 probat
2383 4331 2578 4388 Orestis
2599 4331 2776 4386 clarus
2802 4340 2851 4385 et
2884 4328 3107 4401 Pyladis
3139 4347 3312 4394 amor,

2036 4428 2150 4494 Quo
2187 4429 2421 4482 matrima
2447 4426 2589 4479 ducti
2616 4426 2758 4496 facta
2789 4433 3059 4495 gesserunt
3086 4425 3266 4491 simul,

2043 4521 2106 4576 Ut
2129 4522 2183 4575 in
2216 4521 2546 4574 cothurnatis
2573 4527 2718 4589 patet
2747 4518 3037 4589 tragoediis.

1969 4640 2011 4693 ο
2112 4612 2239 4679 Quis
2269 4630 2390 4668 vero
2422 4611 2637 4667 Homeri
2669 4629 2775 4666 non
2811 4618 2949 4665 tenet
2983 4610 3334 4683 rhapsodias?

2036 4706 2156 4762 Illic
2186 4705 2433 4760 simultas
2466 4704 2591 4757 dum
2625 4705 2872 4775 spatham
2899 4704 3075 4773 gravis
3106 4705 3247 4757 acuit

2039 4798 2260 4853 Achillis
2284 4798 2411 4853 irati
2441 4798 2497 4850 in
2531 4796 2581 4850 Μ
2589 4812 2858 4868 ycenaeum
2884 4796 3089 4862 ducem,

2041 4888 2238 4942 Hector
2267 4886 2566 4942 Priamides
2592 4886 2772 4940 intulit
2789 4887 2962 4955 ignem
2987 4884 3266 4949 classibus,

2038 4980 2289 5034 Exercitu
2326 4977 2458 5033 nihil
2489 4979 2793 5048 prohibente
2824 4976 3133 5031 Thessalum
3175 4992 3194 5031 .'

2036 5073 2215 5144 Neque
2252 5072 2536 5127 Telamone
2563 5080 2719 5126 natus
2748 5070 2787 5123 Α
2788 5071 2893 5141 jaa:
2916 5070 3188 5124 Hectorem

2038 5170 2233 5222 Arcere
2262 5169 2453 5238 potuit,
2483 5166 2682 5220 viribus
2718 5166 2866 5235 gigas
2897 5162 3038 5217 licet.

2041 5266 2136 5315 Ast
2166 5262 2254 5315 ubi
2285 5278 2379 5334 ego
2408 5262 2636 5332 primum
2669 5257 2947 5312 conciliavi
2978 5256 3123 5310 Pelei

2039 5354 2295 5420 Gnatum,
2333 5357 2518 5410 reduxi
2549 5356 2934 5428 pristinamque
2965 5352 3021 5406 in
3051 5361 3308 5422 gratiam,

2040 5449 2142 5516 Qui
2169 5452 2334 5504 victor
2356 5450 2471 5503 heri
2498 5450 2694 5519 fuerat,
2728 5455 2870 5501 retro
2902 5446 3063 5500 victus
3090 5443 3241 5508 abiit,

2039 5544 2347 5613 Mutataque
2368 5543 2513 5596 stetit
2540 5543 2712 5596 subito
2738 5539 2863 5595 belli
2897 5549 3115 5603 tessera,

2038 5640 2108 5693 Et
2142 5639 2295 5706 fortis
2322 5637 2520 5692 Hector
2549 5638 2704 5693 caedis
2738 5645 2897 5690 autor
2922 5634 3139 5691 Crescite

2039 5737 2188 5789 Zona
2213 5734 2365 5804 pedes
2391 5735 2587 5803 ligatus
2610 5741 2684 5784 est
2712 5726 3057 5790 miserabiles,

2038 5830 2307 5899 Equisque
2340 5836 2541 5882 tractus
2578 5830 2732 5897 longa
2764 5842 2855 5895 per
2884 5832 3063 5878 castra
3098 5821 3313 5875 Danum
3365 5864 3374 5883 ,

2030 5921 2406 5999 ,ΡιιίεΙιναειμσε
2435 5919 2649 5991 fwdarit
2678 5934 2853 5974 comas
2888 5918 2940 5973 in
2972 5914 3207 5987 pulvere,

3456 397 3590 460 133..
