  <div class='ocr_page' id='page_1' title='image "/cluster/home/n/w/nwhite01/storage/ocr_20150623/133/coo.31924054870385/673.png"; bbox 0 0 4078 6424; ppageno 0'>
   <div class='ocr_carea' id='block_1_1' title="bbox 441 357 3723 450">
    <p class='ocr_par' dir='ltr' id='par_1_1' title="bbox 441 357 3723 450">
     <span class='ocr_line' id='line_1_1' title="bbox 441 357 3723 450; baseline 0.006 -23"><span class='ocrx_word' id='word_1_1' title='bbox 441 357 583 429; x_wconf 73' lang='lat'><strong><em>1331</em></strong></span> <span class='ocrx_word' id='word_1_2' title='bbox 1670 365 2067 437; x_wconf 85' lang='lat' dir='ltr'><strong><em>THEODORI</em></strong></span> <span class='ocrx_word' id='word_1_3' title='bbox 2105 377 2513 443; x_wconf 80' lang='lat' dir='ltr'><strong><em>PRODROMI</em></strong></span> <span class='ocrx_word' id='word_1_4' title='bbox 3577 383 3723 450; x_wconf 63' lang='lat'><strong><em>1332</em></strong></span> 
     </span>
    </p>
   </div>
   <div class='ocr_carea' id='block_1_2' title="bbox 438 474 1650 551">
    <p class='ocr_par' dir='ltr' id='par_1_2' title="bbox 438 474 1650 551">
     <span class='ocr_line' id='line_1_2' title="bbox 438 474 1650 551; baseline 0.006 -22"><span class='ocrx_word' id='word_1_5' title='bbox 438 474 553 530; x_wconf 75' lang='lat' dir='ltr'><strong><em>Kal</em></strong></span> <span class='ocrx_word' id='word_1_6' title='bbox 582 474 815 546; x_wconf 79' lang='grc' dir='ltr'><strong><em>βελτίων</em></strong></span> <span class='ocrx_word' id='word_1_7' title='bbox 841 477 947 543; x_wconf 81' lang='grc' dir='ltr'>τίς,</span> <span class='ocrx_word' id='word_1_8' title='bbox 977 475 1062 532; x_wconf 71' lang='grc' dir='ltr'><strong><em>σοὶ</em></strong></span> <span class='ocrx_word' id='word_1_9' title='bbox 1092 476 1288 549; x_wconf 84' lang='grc' dir='ltr'>δίδωμι</span> <span class='ocrx_word' id='word_1_10' title='bbox 1317 481 1415 551; x_wconf 81' lang='grc' dir='ltr'>τὴν</span> <span class='ocrx_word' id='word_1_11' title='bbox 1446 483 1650 550; x_wconf 85' lang='grc' dir='ltr'>κρίσιν’.</span> 
     </span>
    </p>
   </div>
   <div class='ocr_carea' id='block_1_3' title="bbox 450 568 1820 647">
    <p class='ocr_par' dir='ltr' id='par_1_3' title="bbox 450 568 1820 647">
     <span class='ocr_line' id='line_1_3' title="bbox 450 568 1820 647; baseline 0.009 -26"><span class='ocrx_word' id='word_1_12' title='bbox 450 568 597 622; x_wconf 82' lang='grc' dir='ltr'>Ἀλλ’</span> <span class='ocrx_word' id='word_1_13' title='bbox 626 571 727 642; x_wconf 80' lang='grc' dir='ltr'>οὐχ</span> <span class='ocrx_word' id='word_1_14' title='bbox 752 571 781 624; x_wconf 86' lang='grc' dir='ltr'><strong><em>ό</em></strong></span> <span class='ocrx_word' id='word_1_15' title='bbox 807 570 923 642; x_wconf 84' lang='grc' dir='ltr'>βίος</span> <span class='ocrx_word' id='word_1_16' title='bbox 950 570 1151 641; x_wconf 80' lang='grc' dir='ltr'>ταῦτα,</span> <span class='ocrx_word' id='word_1_17' title='bbox 1190 573 1287 644; x_wconf 83' lang='grc' dir='ltr'>τὴν</span> <span class='ocrx_word' id='word_1_18' title='bbox 1316 574 1360 627; x_wconf 84' lang='grc' dir='ltr'>δ’</span> <span class='ocrx_word' id='word_1_19' title='bbox 1383 573 1586 647; x_wconf 73' lang='grc' dir='ltr'>ἔχθραν</span> <span class='ocrx_word' id='word_1_20' title='bbox 1616 577 1820 645; x_wconf 80' lang='grc' dir='ltr'>λαϐὼν,</span> 
     </span>
    </p>
   </div>
   <div class='ocr_carea' id='block_1_4' title="bbox 452 654 1445 735">
    <p class='ocr_par' dir='ltr' id='par_1_4' title="bbox 452 654 1445 735">
     <span class='ocr_line' id='line_1_4' title="bbox 452 654 1445 735; baseline 0.01 -24"><span class='ocrx_word' id='word_1_21' title='bbox 452 654 585 729; x_wconf 77' lang='grc' dir='ltr'>Ἐμὲ</span> <span class='ocrx_word' id='word_1_22' title='bbox 612 660 772 731; x_wconf 83' lang='grc' dir='ltr'>ξενην</span> <span class='ocrx_word' id='word_1_23' title='bbox 798 662 969 729; x_wconf 77' lang='grc' dir='ltr'>ἔδειξε</span> <span class='ocrx_word' id='word_1_24' title='bbox 991 665 1207 735; x_wconf 74' lang='grc' dir='ltr'>καὶτῆς</span> <span class='ocrx_word' id='word_1_25' title='bbox 1235 666 1445 731; x_wconf 79' lang='grc' dir='ltr'>ἑστίας.</span> 
     </span>
    </p>
   </div>
   <div class='ocr_carea' id='block_1_5' title="bbox 519 742 1713 833">
    <p class='ocr_par' dir='ltr' id='par_1_5' title="bbox 519 742 1713 833">
     <span class='ocr_line' id='line_1_5' title="bbox 519 742 1713 833; baseline 0.012 -31"><span class='ocrx_word' id='word_1_26' title='bbox 519 742 666 818; x_wconf 79' lang='grc' dir='ltr'><strong><em>Ἐγὼ</em></strong></span> <span class='ocrx_word' id='word_1_27' title='bbox 691 749 793 821; x_wconf 67' lang='grc' dir='ltr'>μὲν</span> <span class='ocrx_word' id='word_1_28' title='bbox 822 751 918 807; x_wconf 82' lang='grc' dir='ltr'>οὖν</span> <span class='ocrx_word' id='word_1_29' title='bbox 949 754 1135 827; x_wconf 77' lang='grc' dir='ltr'><strong><em>ἄνειμι</em></strong></span> <span class='ocrx_word' id='word_1_30' title='bbox 1168 757 1306 829; x_wconf 71' lang='grc' dir='ltr'>πρὸς</span> <span class='ocrx_word' id='word_1_31' title='bbox 1333 758 1426 813; x_wconf 74' lang='grc' dir='ltr'>τὸν</span> <span class='ocrx_word' id='word_1_32' title='bbox 1448 760 1673 833; x_wconf 80' lang='grc' dir='ltr'>Πατέρα</span> <span class='ocrx_word' id='word_1_33' title='bbox 1697 775 1713 792; x_wconf 83' lang='lat'>&#39;</span> 
     </span>
    </p>
   </div>
   <div class='ocr_carea' id='block_1_6' title="bbox 448 831 1583 921">
    <p class='ocr_par' dir='ltr' id='par_1_6' title="bbox 448 831 1583 921">
     <span class='ocr_line' id='line_1_6' title="bbox 448 831 1583 921; baseline 0.011 -28"><span class='ocrx_word' id='word_1_34' title='bbox 448 831 515 893; x_wconf 81' lang='grc' dir='ltr'><strong>Ἦ</strong></span> <span class='ocrx_word' id='word_1_35' title='bbox 546 841 592 894; x_wconf 87' lang='grc' dir='ltr'>δ’</span> <span class='ocrx_word' id='word_1_36' title='bbox 614 836 784 914; x_wconf 74' lang='grc' dir='ltr'>ἔχθρα</span> <span class='ocrx_word' id='word_1_37' title='bbox 817 844 1004 900; x_wconf 75' lang='grc' dir='ltr'>λοιπὸν</span> <span class='ocrx_word' id='word_1_38' title='bbox 1029 848 1379 921; x_wconf 73' lang='grc' dir='ltr'>ὲγχορευέτω</span> <span class='ocrx_word' id='word_1_39' title='bbox 1404 853 1583 916; x_wconf 80' lang='grc' dir='ltr'>κάτω,</span> 
     </span>
    </p>
   </div>
   <div class='ocr_carea' id='block_1_7' title="bbox 439 928 1715 1013">
    <p class='ocr_par' dir='ltr' id='par_1_7' title="bbox 439 928 1715 1013">
     <span class='ocr_line' id='line_1_7' title="bbox 439 928 1715 1013; baseline 0.014 -33"><span class='ocrx_word' id='word_1_40' title='bbox 439 928 552 982; x_wconf 80' lang='grc' dir='ltr'><strong><em>Καὶ</em></strong></span> <span class='ocrx_word' id='word_1_41' title='bbox 578 931 821 996; x_wconf 76' lang='grc' dir='ltr'><strong><em>παιζέτω</em></strong></span> <span class='ocrx_word' id='word_1_42' title='bbox 855 935 923 988; x_wconf 81' lang='grc' dir='ltr'>τὰ</span> <span class='ocrx_word' id='word_1_43' title='bbox 945 935 1114 991; x_wconf 84' lang='grc' dir='ltr'>τέκνα</span> <span class='ocrx_word' id='word_1_44' title='bbox 1152 940 1362 1012; x_wconf 79' lang='grc' dir='ltr'><strong><em>ταύτης</em></strong></span> <span class='ocrx_word' id='word_1_45' title='bbox 1399 943 1482 1006; x_wconf 85' lang='grc' dir='ltr'><strong><em>εἰς</em></strong></span> <span class='ocrx_word' id='word_1_46' title='bbox 1522 942 1715 1013; x_wconf 84' lang='grc' dir='ltr'>μέσον.</span> 
     </span>
    </p>
   </div>
   <div class='ocr_carea' id='block_1_8' title="bbox 506 1018 1753 1105">
    <p class='ocr_par' dir='ltr' id='par_1_8' title="bbox 506 1018 1753 1105">
     <span class='ocr_line' id='line_1_8' title="bbox 506 1018 1753 1105; baseline 0.012 -31"><span class='ocrx_word' id='word_1_47' title='bbox 506 1018 685 1099; x_wconf 70' lang='grc' dir='ltr'>Βούλῃ</span> <span class='ocrx_word' id='word_1_48' title='bbox 710 1026 905 1095; x_wconf 81' lang='grc' dir='ltr'>μαθεῖν</span> <span class='ocrx_word' id='word_1_49' title='bbox 936 1027 1006 1083; x_wconf 86' lang='grc' dir='ltr'><strong><em>τὰ</em></strong></span> <span class='ocrx_word' id='word_1_50' title='bbox 1029 1030 1196 1086; x_wconf 80' lang='grc' dir='ltr'>τέκνα</span> <span class='ocrx_word' id='word_1_51' title='bbox 1233 1033 1332 1104; x_wconf 85' lang='grc' dir='ltr'>τῆς</span> <span class='ocrx_word' id='word_1_52' title='bbox 1364 1034 1564 1105; x_wconf 81' lang='grc' dir='ltr'>ἔχθρας</span> <span class='ocrx_word' id='word_1_53' title='bbox 1594 1034 1753 1100; x_wconf 74' lang='grc' dir='ltr'>τίνας</span> 
     </span>
    </p>
   </div>
   <div class='ocr_carea' id='block_1_9' title="bbox 435 1112 1651 1197">
    <p class='ocr_par' dir='ltr' id='par_1_9' title="bbox 435 1112 1651 1197">
     <span class='ocr_line' id='line_1_9' title="bbox 435 1112 1651 1197; baseline 0.012 -31"><span class='ocrx_word' id='word_1_54' title='bbox 435 1112 560 1167; x_wconf 78' lang='grc' dir='ltr'><strong><em>Υἱοὶ</em></strong></span> <span class='ocrx_word' id='word_1_55' title='bbox 592 1116 810 1186; x_wconf 87' lang='grc' dir='ltr'>φθόνος,</span> <span class='ocrx_word' id='word_1_56' title='bbox 831 1118 991 1191; x_wconf 84' lang='grc' dir='ltr'><strong><em>λόχος</em></strong></span> <span class='ocrx_word' id='word_1_57' title='bbox 1018 1138 1102 1190; x_wconf 87' lang='grc' dir='ltr'><strong><em>τε,</em></strong></span> <span class='ocrx_word' id='word_1_58' title='bbox 1127 1125 1224 1178; x_wconf 78' lang='lat' dir='ltr'><strong><em>xal</em></strong></span> <span class='ocrx_word' id='word_1_59' title='bbox 1247 1125 1434 1195; x_wconf 80' lang='grc' dir='ltr'><strong><em>τρίτος</em></strong></span> <span class='ocrx_word' id='word_1_60' title='bbox 1465 1127 1651 1197; x_wconf 85' lang='grc' dir='ltr'>φόνος.</span> 
     </span>
    </p>
   </div>
   <div class='ocr_carea' id='block_1_10' title="bbox 434 1206 1499 1290">
    <p class='ocr_par' dir='ltr' id='par_1_10' title="bbox 434 1206 1499 1290">
     <span class='ocr_line' id='line_1_10' title="bbox 434 1206 1499 1290; baseline 0.012 -30"><span class='ocrx_word' id='word_1_61' title='bbox 434 1206 751 1280; x_wconf 78' lang='grc' dir='ltr'><strong><em>Θυγατέρες</em></strong></span> <span class='ocrx_word' id='word_1_62' title='bbox 783 1211 841 1267; x_wconf 86' lang='grc' dir='ltr'>δὲ</span> <span class='ocrx_word' id='word_1_63' title='bbox 870 1214 1064 1285; x_wconf 80' lang='grc' dir='ltr'><strong><em>κακία,</em></strong></span> <span class='ocrx_word' id='word_1_64' title='bbox 1100 1216 1283 1288; x_wconf 78' lang='grc' dir='ltr'>μῆνις,</span> <span class='ocrx_word' id='word_1_65' title='bbox 1324 1219 1499 1290; x_wconf 83' lang='grc' dir='ltr'><strong>μάχη.</strong></span> 
     </span>
    </p>
   </div>
   <div class='ocr_carea' id='block_1_11' title="bbox 507 1297 1860 1382">
    <p class='ocr_par' dir='ltr' id='par_1_11' title="bbox 507 1297 1860 1382">
     <span class='ocr_line' id='line_1_11' title="bbox 507 1297 1860 1382; baseline 0.006 -28"><span class='ocrx_word' id='word_1_66' title='bbox 507 1297 663 1372; x_wconf 78' lang='grc' dir='ltr'>Αὕτη</span> <span class='ocrx_word' id='word_1_67' title='bbox 692 1302 793 1374; x_wconf 73' lang='grc' dir='ltr'>μὲν</span> <span class='ocrx_word' id='word_1_68' title='bbox 825 1300 941 1374; x_wconf 81' lang='grc' dir='ltr'>οὖν,</span> <span class='ocrx_word' id='word_1_69' title='bbox 982 1306 1059 1371; x_wconf 83' lang='grc' dir='ltr'>ὡς</span> <span class='ocrx_word' id='word_1_70' title='bbox 1092 1298 1268 1375; x_wconf 72' lang='grc' dir='ltr'>εἷπον,</span> <span class='ocrx_word' id='word_1_71' title='bbox 1298 1310 1472 1382; x_wconf 75' lang='grc' dir='ltr'>αὐτῆς</span> <span class='ocrx_word' id='word_1_72' title='bbox 1509 1312 1620 1375; x_wconf 82' lang='grc' dir='ltr'>τοῖς</span> <span class='ocrx_word' id='word_1_73' title='bbox 1647 1310 1860 1373; x_wconf 83' lang='grc' dir='ltr'>τέκνοις</span> 
     </span>
    </p>
   </div>
   <div class='ocr_carea' id='block_1_12' title="bbox 438 1386 1516 1474">
    <p class='ocr_par' dir='ltr' id='par_1_12' title="bbox 438 1386 1516 1474">
     <span class='ocr_line' id='line_1_12' title="bbox 438 1386 1516 1474; baseline 0.012 -29"><span class='ocrx_word' id='word_1_74' title='bbox 438 1386 1026 1466; x_wconf 76' lang='grc' dir='ltr'>Παῤῥησιαζὲσθωσαν</span> <span class='ocrx_word' id='word_1_75' title='bbox 1055 1400 1199 1473; x_wconf 74' lang='grc' dir='ltr'>ἀμφὶ</span> <span class='ocrx_word' id='word_1_76' title='bbox 1234 1403 1329 1457; x_wconf 85' lang='grc' dir='ltr'>τὸν</span> <span class='ocrx_word' id='word_1_77' title='bbox 1358 1403 1474 1474; x_wconf 82' lang='grc' dir='ltr'>βίον</span> <span class='ocrx_word' id='word_1_78' title='bbox 1500 1419 1516 1434; x_wconf 76' lang='grc' dir='ltr'><strong><em>ο</em></strong></span> 
     </span>
    </p>
   </div>
   <div class='ocr_carea' id='block_1_13' title="bbox 449 1475 1617 1567">
    <p class='ocr_par' dir='ltr' id='par_1_13' title="bbox 449 1475 1617 1567">
     <span class='ocr_line' id='line_1_13' title="bbox 449 1475 1617 1567; baseline 0.012 -30"><span class='ocrx_word' id='word_1_79' title='bbox 449 1475 596 1554; x_wconf 74' lang='grc' dir='ltr'>Ἐγὼ</span> <span class='ocrx_word' id='word_1_80' title='bbox 618 1486 677 1541; x_wconf 76' lang='grc' dir='ltr'>δὲ</span> <span class='ocrx_word' id='word_1_81' title='bbox 707 1483 899 1543; x_wconf 79' lang='grc' dir='ltr'>λοιπὸν</span> <span class='ocrx_word' id='word_1_82' title='bbox 918 1491 1055 1562; x_wconf 78' lang='grc' dir='ltr'>πρὸς</span> <span class='ocrx_word' id='word_1_83' title='bbox 1071 1493 1165 1547; x_wconf 83' lang='grc' dir='ltr'>τὸν</span> <span class='ocrx_word' id='word_1_84' title='bbox 1193 1493 1388 1563; x_wconf 76' lang='grc' dir='ltr'>αἰθέρα</span> <span class='ocrx_word' id='word_1_85' title='bbox 1414 1494 1617 1567; x_wconf 83' lang='grc' dir='ltr'><strong><em>τρέχω.</em></strong></span> 
     </span>
    </p>
   </div>
   <div class='ocr_carea' id='block_1_14' title="bbox 437 1574 1624 1659">
    <p class='ocr_par' dir='ltr' id='par_1_14' title="bbox 437 1574 1624 1659">
     <span class='ocr_line' id='line_1_14' title="bbox 437 1574 1624 1659; baseline 0.008 -28"><span class='ocrx_word' id='word_1_86' title='bbox 437 1574 634 1643; x_wconf 80' lang='grc' dir='ltr'>Οῐκτος</span> <span class='ocrx_word' id='word_1_87' title='bbox 657 1580 715 1635; x_wconf 67' lang='grc' dir='ltr'>δὲ</span> <span class='ocrx_word' id='word_1_88' title='bbox 747 1575 880 1649; x_wconf 77' lang='grc' dir='ltr'>πᾶς,</span> <span class='ocrx_word' id='word_1_89' title='bbox 916 1583 1013 1638; x_wconf 74' lang='grc' dir='ltr'>καὶ</span> <span class='ocrx_word' id='word_1_90' title='bbox 1044 1587 1193 1640; x_wconf 81' lang='grc' dir='ltr'>πᾶσα</span> <span class='ocrx_word' id='word_1_91' title='bbox 1216 1586 1624 1659; x_wconf 77' lang='grc' dir='ltr'>φιλανθρωπία,</span> 
     </span>
    </p>
   </div>
   <div class='ocr_carea' id='block_1_15' title="bbox 439 1668 1814 1750">
    <p class='ocr_par' dir='ltr' id='par_1_15' title="bbox 439 1668 1814 1750">
     <span class='ocr_line' id='line_1_15' title="bbox 439 1668 1814 1750; baseline 0.014 -27"><span class='ocrx_word' id='word_1_92' title='bbox 439 1671 550 1725; x_wconf 78' lang='lat' dir='ltr'><strong><em>Kal</em></strong></span> <span class='ocrx_word' id='word_1_93' title='bbox 583 1672 748 1744; x_wconf 78' lang='grc' dir='ltr'>ζῆλος</span> <span class='ocrx_word' id='word_1_94' title='bbox 773 1673 1022 1746; x_wconf 78' lang='grc' dir='ltr'><strong><em>ἔμφρων,</em></strong></span> <span class='ocrx_word' id='word_1_95' title='bbox 1060 1678 1155 1733; x_wconf 78' lang='grc' dir='ltr'>καὶ</span> <span class='ocrx_word' id='word_1_96' title='bbox 1184 1679 1370 1734; x_wconf 86' lang='grc' dir='ltr'>καλῶν</span> <span class='ocrx_word' id='word_1_97' title='bbox 1398 1679 1620 1736; x_wconf 86' lang='grc' dir='ltr'>πάντων</span> <span class='ocrx_word' id='word_1_98' title='bbox 1653 1668 1814 1750; x_wconf 62' lang='grc' dir='ltr'>ἔρως.</span> 
     </span>
    </p>
   </div>
   <div class='ocr_carea' id='block_1_16' title="bbox 450 1752 1600 1843">
    <p class='ocr_par' dir='ltr' id='par_1_16' title="bbox 450 1752 1600 1843">
     <span class='ocr_line' id='line_1_16' title="bbox 450 1752 1600 1843; baseline 0.008 -26"><span class='ocrx_word' id='word_1_99' title='bbox 450 1752 618 1835; x_wconf 79' lang='grc' dir='ltr'>Ὅρᾷς</span> <span class='ocrx_word' id='word_1_100' title='bbox 638 1766 788 1831; x_wconf 81' lang='grc' dir='ltr'>ὅπως</span> <span class='ocrx_word' id='word_1_101' title='bbox 819 1768 1041 1824; x_wconf 69' lang='grc' dir='ltr'>ἅπαντα</span> <span class='ocrx_word' id='word_1_102' title='bbox 1068 1772 1452 1842; x_wconf 75' lang='grc' dir='ltr'>συμφεύγουσι</span> <span class='ocrx_word' id='word_1_103' title='bbox 1481 1789 1600 1843; x_wconf 86' lang='grc' dir='ltr'>μοι.</span> 
     </span>
    </p>
   </div>
   <div class='ocr_carea' id='block_1_17' title="bbox 439 1848 1744 1935">
    <p class='ocr_par' dir='ltr' id='par_1_17' title="bbox 439 1848 1744 1935">
     <span class='ocr_line' id='line_1_17' title="bbox 439 1848 1744 1935; baseline 0.006 -25"><span class='ocrx_word' id='word_1_104' title='bbox 439 1848 502 1911; x_wconf 79' lang='grc' dir='ltr'><strong><em>Ξ.</em></strong></span> <span class='ocrx_word' id='word_1_105' title='bbox 531 1858 641 1912; x_wconf 84' lang='lat' dir='ltr'><strong><em>Kal</em></strong></span> <span class='ocrx_word' id='word_1_106' title='bbox 667 1857 843 1915; x_wconf 79' lang='grc' dir='ltr'>ταῦτα</span> <span class='ocrx_word' id='word_1_107' title='bbox 868 1861 992 1931; x_wconf 84' lang='grc' dir='ltr'>μὲν,</span> <span class='ocrx_word' id='word_1_108' title='bbox 1022 1864 1287 1918; x_wconf 80' lang='grc' dir='ltr'>δέσποινα</span> <span class='ocrx_word' id='word_1_109' title='bbox 1313 1864 1493 1931; x_wconf 81' lang='grc' dir='ltr'>Φιλία,</span> <span class='ocrx_word' id='word_1_110' title='bbox 1525 1862 1744 1935; x_wconf 77' lang='grc' dir='ltr'><strong><em>βλέπω⁸</em></strong></span> 
     </span>
    </p>
   </div>
   <div class='ocr_carea' id='block_1_18' title="bbox 440 1947 1588 2030">
    <p class='ocr_par' dir='ltr' id='par_1_18' title="bbox 440 1947 1588 2030">
     <span class='ocr_line' id='line_1_18' title="bbox 440 1947 1588 2030; baseline 0.007 -30"><span class='ocrx_word' id='word_1_111' title='bbox 440 1947 713 2003; x_wconf 77' lang='grc' dir='ltr'>Συνεννοῶ</span> <span class='ocrx_word' id='word_1_112' title='bbox 742 1950 801 2004; x_wconf 76' lang='grc' dir='ltr'>δὲ</span> <span class='ocrx_word' id='word_1_113' title='bbox 825 1952 922 2006; x_wconf 71' lang='grc' dir='ltr'>καὶ</span> <span class='ocrx_word' id='word_1_114' title='bbox 948 1952 1012 2007; x_wconf 74' lang='grc' dir='ltr'><strong><em>τὸ</em></strong></span> <span class='ocrx_word' id='word_1_115' title='bbox 1048 1954 1247 2025; x_wconf 79' lang='grc' dir='ltr'>μέλλον</span> <span class='ocrx_word' id='word_1_116' title='bbox 1287 1949 1349 2010; x_wconf 77' lang='grc' dir='ltr'><strong><em>οὗ</em></strong></span> <span class='ocrx_word' id='word_1_117' title='bbox 1379 1955 1588 2030; x_wconf 75' lang='grc' dir='ltr'>δράμῃ.</span> 
     </span>
    </p>
   </div>
   <div class='ocr_carea' id='block_1_19' title="bbox 442 2044 1546 2124">
    <p class='ocr_par' dir='ltr' id='par_1_19' title="bbox 442 2044 1546 2124">
     <span class='ocr_line' id='line_1_19' title="bbox 442 2044 1546 2124; baseline 0.012 -29"><span class='ocrx_word' id='word_1_118' title='bbox 442 2044 551 2096; x_wconf 83' lang='lat' dir='ltr'><strong><em>Kal</em></strong></span> <span class='ocrx_word' id='word_1_119' title='bbox 581 2044 805 2118; x_wconf 81' lang='grc' dir='ltr'>δακρύω</span> <span class='ocrx_word' id='word_1_120' title='bbox 835 2048 935 2119; x_wconf 79' lang='grc' dir='ltr'>μὲν</span> <span class='ocrx_word' id='word_1_121' title='bbox 963 2050 1064 2121; x_wconf 81' lang='grc' dir='ltr'><strong><em>τῆς</em></strong></span> <span class='ocrx_word' id='word_1_122' title='bbox 1092 2051 1358 2117; x_wconf 75' lang='grc' dir='ltr'>ἀϐουλίας</span> <span class='ocrx_word' id='word_1_123' title='bbox 1383 2053 1546 2124; x_wconf 84' lang='grc' dir='ltr'>χάριν</span> 
     </span>
    </p>
   </div>
   <div class='ocr_carea' id='block_1_20' title="bbox 438 2139 1642 2222">
    <p class='ocr_par' dir='ltr' id='par_1_20' title="bbox 438 2139 1642 2222">
     <span class='ocr_line' id='line_1_20' title="bbox 438 2139 1642 2222; baseline 0.01 -32"><span class='ocrx_word' id='word_1_124' title='bbox 438 2139 545 2193; x_wconf 80' lang='grc' dir='ltr'><strong><em>Τὸν</em></strong></span> <span class='ocrx_word' id='word_1_125' title='bbox 579 2142 799 2214; x_wconf 72' lang='grc' dir='ltr'>οἰκτρὸν</span> <span class='ocrx_word' id='word_1_126' title='bbox 836 2142 1011 2209; x_wconf 63' lang='lat' dir='ltr'><strong><em>busta;</em></strong></span> <span class='ocrx_word' id='word_1_127' title='bbox 1036 2147 1132 2202; x_wconf 74' lang='lat' dir='ltr'><strong><em>uol</em></strong></span> <span class='ocrx_word' id='word_1_128' title='bbox 1152 2148 1503 2222; x_wconf 85' lang='grc' dir='ltr'>ταλαίπωρον</span> <span class='ocrx_word' id='word_1_129' title='bbox 1529 2147 1642 2220; x_wconf 82' lang='grc' dir='ltr'>βίον</span> 
     </span>
    </p>
   </div>
   <div class='ocr_carea' id='block_1_21' title="bbox 440 2224 1674 2314">
    <p class='ocr_par' dir='ltr' id='par_1_21' title="bbox 440 2224 1674 2314">
     <span class='ocr_line' id='line_1_21' title="bbox 440 2224 1674 2314; baseline 0.009 -29"><span class='ocrx_word' id='word_1_130' title='bbox 440 2224 512 2286; x_wconf 74' lang='grc' dir='ltr'><strong>Σὲ</strong></span> <span class='ocrx_word' id='word_1_131' title='bbox 539 2234 584 2287; x_wconf 84' lang='grc' dir='ltr'>δ’</span> <span class='ocrx_word' id='word_1_132' title='bbox 612 2233 741 2300; x_wconf 79' lang='grc' dir='ltr'>ἄξια</span> <span class='ocrx_word' id='word_1_133' title='bbox 762 2236 917 2309; x_wconf 82' lang='grc' dir='ltr'>δρᾷν,</span> <span class='ocrx_word' id='word_1_134' title='bbox 937 2230 1124 2311; x_wconf 83' lang='grc' dir='ltr'>ὦνπερ</span> <span class='ocrx_word' id='word_1_135' title='bbox 1168 2241 1235 2295; x_wconf 85' lang='grc' dir='ltr'>ἂν</span> <span class='ocrx_word' id='word_1_136' title='bbox 1264 2240 1449 2314; x_wconf 77' lang='grc' dir='ltr'>ἔτλης,</span> <span class='ocrx_word' id='word_1_137' title='bbox 1477 2242 1674 2313; x_wconf 83' lang='grc' dir='ltr'>κρίνω.</span> 
     </span>
    </p>
   </div>
   <div class='ocr_carea' id='block_1_22' title="bbox 440 2327 1604 2405">
    <p class='ocr_par' dir='ltr' id='par_1_22' title="bbox 440 2327 1604 2405">
     <span class='ocr_line' id='line_1_22' title="bbox 440 2327 1604 2405; baseline 0.009 -25"><span class='ocrx_word' id='word_1_138' title='bbox 440 2327 590 2401; x_wconf 75' lang='grc' dir='ltr'>Πλὴν</span> <span class='ocrx_word' id='word_1_139' title='bbox 614 2328 729 2383; x_wconf 80' lang='grc' dir='ltr'>ἀλλ’</span> <span class='ocrx_word' id='word_1_140' title='bbox 758 2330 866 2384; x_wconf 80' lang='grc' dir='ltr'>ἰδού</span> <span class='ocrx_word' id='word_1_141' title='bbox 891 2349 950 2386; x_wconf 84' lang='grc' dir='ltr'><strong><em>σε</em></strong></span> <span class='ocrx_word' id='word_1_142' title='bbox 989 2333 1297 2405; x_wconf 82' lang='grc' dir='ltr'>ποτνιῶμαι</span> <span class='ocrx_word' id='word_1_143' title='bbox 1326 2335 1604 2405; x_wconf 79' lang='grc' dir='ltr'>δακρύων,</span> 
     </span>
    </p>
   </div>
   <div class='ocr_carea' id='block_1_23' title="bbox 441 2420 1867 2501">
    <p class='ocr_par' dir='ltr' id='par_1_23' title="bbox 441 2420 1867 2501">
     <span class='ocr_line' id='line_1_23' title="bbox 441 2420 1867 2501; baseline 0.004 -27"><span class='ocrx_word' id='word_1_144' title='bbox 441 2420 590 2491; x_wconf 78' lang='grc' dir='ltr'>Πρὸς</span> <span class='ocrx_word' id='word_1_145' title='bbox 615 2421 711 2477; x_wconf 79' lang='grc' dir='ltr'><strong><em>τοῦ</em></strong></span> <span class='ocrx_word' id='word_1_146' title='bbox 736 2425 995 2490; x_wconf 84' lang='grc' dir='ltr'>τεκόντος</span> <span class='ocrx_word' id='word_1_147' title='bbox 1027 2426 1298 2492; x_wconf 82' lang='grc' dir='ltr'>ἀπαιτῶν,</span> <span class='ocrx_word' id='word_1_148' title='bbox 1332 2428 1469 2500; x_wconf 81' lang='grc' dir='ltr'>πρὸς</span> <span class='ocrx_word' id='word_1_149' title='bbox 1498 2428 1605 2482; x_wconf 84' lang='grc' dir='ltr'>τῶν</span> <span class='ocrx_word' id='word_1_150' title='bbox 1636 2429 1867 2501; x_wconf 85' lang='grc' dir='ltr'>χρόνων,</span> 
     </span>
    </p>
   </div>
   <div class='ocr_carea' id='block_1_24' title="bbox 440 2515 1566 2591">
    <p class='ocr_par' dir='ltr' id='par_1_24' title="bbox 440 2515 1566 2591">
     <span class='ocr_line' id='line_1_24' title="bbox 440 2515 1566 2591; baseline 0.006 -23"><span class='ocrx_word' id='word_1_151' title='bbox 440 2515 589 2587; x_wconf 77' lang='grc' dir='ltr'>Πρὸς</span> <span class='ocrx_word' id='word_1_152' title='bbox 615 2518 727 2571; x_wconf 86' lang='grc' dir='ltr'>τῶν</span> <span class='ocrx_word' id='word_1_153' title='bbox 755 2518 938 2574; x_wconf 84' lang='grc' dir='ltr'>όιΰλων</span> <span class='ocrx_word' id='word_1_154' title='bbox 965 2520 1167 2574; x_wconf 82' lang='grc' dir='ltr'>οὐσιῶν</span> <span class='ocrx_word' id='word_1_155' title='bbox 1198 2519 1423 2575; x_wconf 86' lang='grc' dir='ltr'>σύνελθὲ</span> <span class='ocrx_word' id='word_1_156' title='bbox 1454 2537 1566 2591; x_wconf 84' lang='grc' dir='ltr'>μοι,</span> 
     </span>
    </p>
   </div>
   <div class='ocr_carea' id='block_1_25' title="bbox 440 2608 1640 2685">
    <p class='ocr_par' dir='ltr' id='par_1_25' title="bbox 440 2608 1640 2685">
     <span class='ocr_line' id='line_1_25' title="bbox 440 2608 1640 2685; baseline 0.004 -25"><span class='ocrx_word' id='word_1_157' title='bbox 440 2608 555 2679; x_wconf 81' lang='grc' dir='ltr'><strong><em>Τὴν</em></strong></span> <span class='ocrx_word' id='word_1_158' title='bbox 584 2609 831 2681; x_wconf 85' lang='grc' dir='ltr'>καλύὸην</span> <span class='ocrx_word' id='word_1_159' title='bbox 856 2610 1094 2679; x_wconf 80' lang='grc' dir='ltr'>εἴσελθε,</span> <span class='ocrx_word' id='word_1_160' title='bbox 1118 2613 1217 2683; x_wconf 82' lang='grc' dir='ltr'>τὴν</span> <span class='ocrx_word' id='word_1_161' title='bbox 1244 2614 1447 2685; x_wconf 77' lang='grc' dir='ltr'>στέγην</span> <span class='ocrx_word' id='word_1_162' title='bbox 1477 2614 1640 2684; x_wconf 79' lang='grc' dir='ltr'>μάθε,</span> 
     </span>
    </p>
   </div>
   <div class='ocr_carea' id='block_1_26' title="bbox 453 2700 1400 2776">
    <p class='ocr_par' dir='ltr' id='par_1_26' title="bbox 453 2700 1400 2776">
     <span class='ocr_line' id='line_1_26' title="bbox 453 2700 1400 2776; baseline 0.002 -21"><span class='ocrx_word' id='word_1_163' title='bbox 453 2700 870 2774; x_wconf 78' lang='grc' dir='ltr'>’Δπορρόφησον</span> <span class='ocrx_word' id='word_1_164' title='bbox 894 2702 1093 2776; x_wconf 81' lang='grc' dir='ltr'>φιάλης</span> <span class='ocrx_word' id='word_1_165' title='bbox 1114 2705 1400 2775; x_wconf 76' lang='grc' dir='ltr'>νηφαλίου,</span> 
     </span>
    </p>
   </div>
   <div class='ocr_carea' id='block_1_27' title="bbox 442 2792 1657 2871">
    <p class='ocr_par' dir='ltr' id='par_1_27' title="bbox 442 2792 1657 2871">
     <span class='ocr_line' id='line_1_27' title="bbox 442 2792 1657 2871; baseline 0.007 -26"><span class='ocrx_word' id='word_1_166' title='bbox 442 2792 557 2846; x_wconf 77' lang='grc' dir='ltr'><strong><em>Καὶ</em></strong></span> <span class='ocrx_word' id='word_1_167' title='bbox 591 2793 686 2847; x_wconf 78' lang='grc' dir='ltr'><strong><em>τοῦ</em></strong></span> <span class='ocrx_word' id='word_1_168' title='bbox 722 2794 965 2867; x_wconf 85' lang='grc' dir='ltr'>τρύφους</span> <span class='ocrx_word' id='word_1_169' title='bbox 992 2796 1220 2869; x_wconf 87' lang='grc' dir='ltr'>γεύθητι</span> <span class='ocrx_word' id='word_1_170' title='bbox 1244 2797 1337 2852; x_wconf 82' lang='grc' dir='ltr'>τοῦ</span> <span class='ocrx_word' id='word_1_171' title='bbox 1371 2799 1657 2871; x_wconf 83' lang='grc' dir='ltr'><strong><em>ποτηρίου,</em></strong></span> 
     </span>
    </p>
   </div>
   <div class='ocr_carea' id='block_1_28' title="bbox 451 2974 1611 3048">
    <p class='ocr_par' dir='ltr' id='par_1_28' title="bbox 451 2974 1611 3048">
     <span class='ocr_line' id='line_1_28' title="bbox 451 2974 1611 3048; baseline 0.003 -20"><span class='ocrx_word' id='word_1_172' title='bbox 451 2974 519 3028; x_wconf 84' lang='lat' dir='ltr'><strong><em>Et</em></strong></span> <span class='ocrx_word' id='word_1_173' title='bbox 540 2980 701 3042; x_wconf 85' lang='lat' dir='ltr'><strong><em>caput</em></strong></span> <span class='ocrx_word' id='word_1_174' title='bbox 725 2975 967 3031; x_wconf 88' lang='lat' dir='ltr'><strong><em>inanime</em></strong></span> <span class='ocrx_word' id='word_1_175' title='bbox 991 2993 1085 3048; x_wconf 93' lang='lat' dir='ltr'><strong><em>per</em></strong></span> <span class='ocrx_word' id='word_1_176' title='bbox 1110 2977 1283 3033; x_wconf 89' lang='lat' dir='ltr'><strong><em>solum</em></strong></span> <span class='ocrx_word' id='word_1_177' title='bbox 1310 2977 1611 3033; x_wconf 75' lang='lat' dir='ltr'><strong><em>crudeliter.</em></strong></span> 
     </span>
    </p>
   </div>
   <div class='ocr_carea' id='block_1_29' title="bbox 448 3057 1605 3142">
    <p class='ocr_par' dir='ltr' id='par_1_29' title="bbox 448 3057 1605 3142">
     <span class='ocr_line' id='line_1_29' title="bbox 448 3057 1605 3142; baseline 0.003 -20"><span class='ocrx_word' id='word_1_178' title='bbox 448 3057 594 3123; x_wconf 75' lang='lat' dir='ltr'><strong><em>Talis</em></strong></span> <span class='ocrx_word' id='word_1_179' title='bbox 624 3070 923 3137; x_wconf 88' lang='lat' dir='ltr'><strong><em>triumphus</em></strong></span> <span class='ocrx_word' id='word_1_180' title='bbox 953 3071 1220 3126; x_wconf 74' lang='lat' dir='ltr'><strong><em>maximus</em></strong></span> <span class='ocrx_word' id='word_1_181' title='bbox 1254 3070 1451 3128; x_wconf 67' lang='lat' dir='ltr'><strong><em>Griecis</em></strong></span> <span class='ocrx_word' id='word_1_182' title='bbox 1482 3073 1605 3142; x_wconf 85' lang='lat' dir='ltr'><strong><em>fuit.</em></strong></span> 
     </span>
    </p>
   </div>
   <div class='ocr_carea' id='block_1_30' title="bbox 519 3161 1744 3246">
    <p class='ocr_par' dir='ltr' id='par_1_30' title="bbox 519 3161 1744 3246">
     <span class='ocr_line' id='line_1_30' title="bbox 519 3161 1744 3246; baseline 0.002 -30"><span class='ocrx_word' id='word_1_183' title='bbox 519 3161 624 3246; x_wconf 60' lang='lat' dir='ltr'><strong><em>En.</em></strong></span> <span class='ocrx_word' id='word_1_184' title='bbox 654 3164 862 3236; x_wconf 88' lang='lat' dir='ltr'><strong><em>hospes,</em></strong></span> <span class='ocrx_word' id='word_1_185' title='bbox 891 3172 949 3219; x_wconf 89' lang='lat' dir='ltr'><strong><em>ut</em></strong></span> <span class='ocrx_word' id='word_1_186' title='bbox 979 3165 1242 3222; x_wconf 85' lang='lat' dir='ltr'><strong><em>distamus</em></strong></span> <span class='ocrx_word' id='word_1_187' title='bbox 1282 3167 1503 3221; x_wconf 76' lang='lat' dir='ltr'><strong><em>invicem</em></strong></span> <span class='ocrx_word' id='word_1_188' title='bbox 1536 3167 1744 3238; x_wconf 79' lang='lat' dir='ltr'><strong><em>procul.</em></strong></span> 
     </span>
    </p>
   </div>
   <div class='ocr_carea' id='block_1_31' title="bbox 446 3254 1717 3332">
    <p class='ocr_par' dir='ltr' id='par_1_31' title="bbox 446 3254 1717 3332">
     <span class='ocr_line' id='line_1_31' title="bbox 446 3254 1717 3332; baseline 0.005 -23"><span class='ocrx_word' id='word_1_189' title='bbox 446 3254 606 3311; x_wconf 86' lang='lat' dir='ltr'><strong><em>Nunc</em></strong></span> <span class='ocrx_word' id='word_1_190' title='bbox 632 3265 758 3313; x_wconf 92' lang='lat' dir='ltr'><strong><em>utra</em></strong></span> <span class='ocrx_word' id='word_1_191' title='bbox 790 3271 1031 3314; x_wconf 81' lang='lat' dir='ltr'><strong><em>nostrum</em></strong></span> <span class='ocrx_word' id='word_1_192' title='bbox 1059 3261 1125 3314; x_wconf 92' lang='lat' dir='ltr'><strong><em>sit</em></strong></span> <span class='ocrx_word' id='word_1_193' title='bbox 1156 3259 1364 3328; x_wconf 82' lang='lat' dir='ltr'><strong><em>melior,</em></strong></span> <span class='ocrx_word' id='word_1_194' title='bbox 1401 3268 1458 3315; x_wconf 88' lang='lat' dir='ltr'><strong><em>tu</em></strong></span> <span class='ocrx_word' id='word_1_195' title='bbox 1488 3261 1717 3332; x_wconf 81' lang='lat' dir='ltr'><strong><em>judices.</em></strong></span> 
     </span>
    </p>
   </div>
   <div class='ocr_carea' id='block_1_32' title="bbox 447 3350 1612 3421">
    <p class='ocr_par' dir='ltr' id='par_1_32' title="bbox 447 3350 1612 3421">
     <span class='ocr_line' id='line_1_32' title="bbox 447 3350 1612 3421; baseline 0.006 -20"><span class='ocrx_word' id='word_1_196' title='bbox 447 3350 577 3405; x_wconf 78' lang='lat' dir='ltr'><strong><em>Iltec</em></strong></span> <span class='ocrx_word' id='word_1_197' title='bbox 605 3352 688 3405; x_wconf 79' lang='lat' dir='ltr'><strong><em>uir</em></strong></span> <span class='ocrx_word' id='word_1_198' title='bbox 716 3366 861 3406; x_wconf 84' lang='lat' dir='ltr'><strong><em>meus</em></strong></span> <span class='ocrx_word' id='word_1_199' title='bbox 892 3368 996 3407; x_wconf 90' lang='lat' dir='ltr'><strong><em>non</em></strong></span> <span class='ocrx_word' id='word_1_200' title='bbox 1022 3355 1251 3409; x_wconf 71' lang='lat' dir='ltr'><strong><em>aestimat</em></strong></span> <span class='ocrx_word' id='word_1_201' title='bbox 1283 3355 1463 3408; x_wconf 85' lang='lat' dir='ltr'><strong><em>animo</em></strong></span> <span class='ocrx_word' id='word_1_202' title='bbox 1494 3371 1612 3421; x_wconf 88' lang='lat' dir='ltr'><strong><em>suo,</em></strong></span> 
     </span>
    </p>
   </div>
   <div class='ocr_carea' id='block_1_33' title="bbox 443 3440 1581 3515">
    <p class='ocr_par' dir='ltr' id='par_1_33' title="bbox 443 3440 1581 3515">
     <span class='ocr_line' id='line_1_33' title="bbox 443 3440 1581 3515; baseline 0.001 -17"><span class='ocrx_word' id='word_1_203' title='bbox 443 3440 797 3499; x_wconf 75' lang='lat' dir='ltr'><strong><em>Inimicitiam</em></strong></span> <span class='ocrx_word' id='word_1_204' title='bbox 821 3446 910 3515; x_wconf 86' lang='lat' dir='ltr'><strong><em>qui</em></strong></span> <span class='ocrx_word' id='word_1_205' title='bbox 937 3444 1176 3513; x_wconf 90' lang='lat' dir='ltr'><strong><em>pellicem</em></strong></span> <span class='ocrx_word' id='word_1_206' title='bbox 1202 3445 1354 3500; x_wconf 75' lang='lat' dir='ltr'><strong><em>duxit</em></strong></span> <span class='ocrx_word' id='word_1_207' title='bbox 1383 3462 1581 3509; x_wconf 86' lang='lat' dir='ltr'><strong><em>meum,</em></strong></span> 
     </span>
    </p>
   </div>
   <div class='ocr_carea' id='block_1_34' title="bbox 445 3536 1649 3611">
    <p class='ocr_par' dir='ltr' id='par_1_34' title="bbox 445 3536 1649 3611">
     <span class='ocr_line' id='line_1_34' title="bbox 445 3536 1649 3611; baseline 0.002 -20"><span class='ocrx_word' id='word_1_208' title='bbox 445 3536 517 3591; x_wconf 82' lang='lat' dir='ltr'><strong><em>Et</em></strong></span> <span class='ocrx_word' id='word_1_209' title='bbox 543 3554 625 3592; x_wconf 87' lang='lat' dir='ltr'><strong><em>me</em></strong></span> <span class='ocrx_word' id='word_1_210' title='bbox 649 3539 899 3594; x_wconf 89' lang='lat' dir='ltr'><strong><em>miseram</em></strong></span> <span class='ocrx_word' id='word_1_211' title='bbox 925 3539 1071 3609; x_wconf 78' lang='lat' dir='ltr'><strong><em>foras</em></strong></span> <span class='ocrx_word' id='word_1_212' title='bbox 1104 3539 1305 3611; x_wconf 78' lang='lat' dir='ltr'><strong><em>pepulit</em></strong></span> <span class='ocrx_word' id='word_1_213' title='bbox 1335 3557 1398 3595; x_wconf 77' lang='lat' dir='ltr'><strong><em>ex</em></strong></span> <span class='ocrx_word' id='word_1_214' title='bbox 1428 3540 1649 3596; x_wconf 70' lang='lat' dir='ltr'><strong><em>(edibus.</em></strong></span> 
     </span>
    </p>
   </div>
   <div class='ocr_carea' id='block_1_35' title="bbox 447 3629 1682 3703">
    <p class='ocr_par' dir='ltr' id='par_1_35' title="bbox 447 3629 1682 3703">
     <span class='ocr_line' id='line_1_35' title="bbox 447 3629 1682 3703; baseline 0.001 -17"><span class='ocrx_word' id='word_1_215' title='bbox 447 3629 600 3686; x_wconf 87' lang='lat' dir='ltr'><strong><em>Nunc</em></strong></span> <span class='ocrx_word' id='word_1_216' title='bbox 622 3631 783 3702; x_wconf 81' lang='lat' dir='ltr'><strong><em>igitur</em></strong></span> <span class='ocrx_word' id='word_1_217' title='bbox 803 3632 1091 3686; x_wconf 78' lang='lat' dir='ltr'><strong><em>ascendam</em></strong></span> <span class='ocrx_word' id='word_1_218' title='bbox 1114 3630 1296 3686; x_wconf 78' lang='lat' dir='ltr'><strong><em>Patris</em></strong></span> <span class='ocrx_word' id='word_1_219' title='bbox 1317 3634 1371 3687; x_wconf 93' lang='lat' dir='ltr'><strong><em>in</em></strong></span> <span class='ocrx_word' id='word_1_220' title='bbox 1399 3634 1682 3703; x_wconf 74' lang='lat' dir='ltr'><strong><em>palatium.</em></strong></span> 
     </span>
    </p>
   </div>
   <div class='ocr_carea' id='block_1_36' title="bbox 447 3721 1643 3795">
    <p class='ocr_par' dir='ltr' id='par_1_36' title="bbox 447 3721 1643 3795">
     <span class='ocr_line' id='line_1_36' title="bbox 447 3721 1643 3795; baseline 0.002 -18"><span class='ocrx_word' id='word_1_221' title='bbox 447 3721 711 3777; x_wconf 79' lang='lat' dir='ltr'><strong><em>Mundum</em></strong></span> <span class='ocrx_word' id='word_1_222' title='bbox 743 3721 992 3778; x_wconf 73' lang='lat' dir='ltr'><strong><em>simultas</em></strong></span> <span class='ocrx_word' id='word_1_223' title='bbox 1022 3724 1140 3779; x_wconf 87' lang='lat' dir='ltr'><strong><em>dira</em></strong></span> <span class='ocrx_word' id='word_1_224' title='bbox 1169 3729 1385 3795; x_wconf 84' lang='lat' dir='ltr'><strong><em>posthac</em></strong></span> <span class='ocrx_word' id='word_1_225' title='bbox 1408 3726 1643 3795; x_wconf 80' lang='lat' dir='ltr'><strong><em>dissipet,</em></strong></span> 
     </span>
    </p>
   </div>
   <div class='ocr_carea' id='block_1_37' title="bbox 448 3816 1485 3889">
    <p class='ocr_par' dir='ltr' id='par_1_37' title="bbox 448 3816 1485 3889">
     <span class='ocr_line' id='line_1_37' title="bbox 448 3816 1485 3889; baseline 0.001 -17"><span class='ocrx_word' id='word_1_226' title='bbox 448 3816 691 3888; x_wconf 83' lang='lat' dir='ltr'><strong><em>Ejusque</em></strong></span> <span class='ocrx_word' id='word_1_227' title='bbox 715 3816 916 3872; x_wconf 85' lang='lat' dir='ltr'><strong><em>soboles</em></strong></span> <span class='ocrx_word' id='word_1_228' title='bbox 950 3816 1099 3872; x_wconf 91' lang='lat' dir='ltr'><strong><em>ludat</em></strong></span> <span class='ocrx_word' id='word_1_229' title='bbox 1121 3819 1267 3889; x_wconf 78' lang='lat' dir='ltr'><strong><em>infra</em></strong></span> <span class='ocrx_word' id='word_1_230' title='bbox 1306 3818 1485 3873; x_wconf 78' lang='lat' dir='ltr'><strong><em>libere.</em></strong></span> 
     </span>
    </p>
   </div>
   <div class='ocr_carea' id='block_1_38' title="bbox 447 3904 1685 3984">
    <p class='ocr_par' dir='ltr' id='par_1_38' title="bbox 447 3904 1685 3984">
     <span class='ocr_line' id='line_1_38' title="bbox 447 3904 1685 3984; baseline 0.001 -19"><span class='ocrx_word' id='word_1_231' title='bbox 447 3908 511 3965; x_wconf 85' lang='lat' dir='ltr'><strong><em>Si</em></strong></span> <span class='ocrx_word' id='word_1_232' title='bbox 536 3912 729 3981; x_wconf 73' lang='lat' dir='ltr'><strong><em>quaeris</em></strong></span> <span class='ocrx_word' id='word_1_233' title='bbox 764 3910 879 3981; x_wconf 69' lang='lat' dir='ltr'><strong><em>ejus</em></strong></span> <span class='ocrx_word' id='word_1_234' title='bbox 913 3904 1062 3966; x_wconf 75' lang='lat' dir='ltr'><strong><em>nosse</em></strong></span> <span class='ocrx_word' id='word_1_235' title='bbox 1094 3913 1417 3984; x_wconf 86' lang='lat' dir='ltr'><strong><em>progeniem,</em></strong></span> <span class='ocrx_word' id='word_1_236' title='bbox 1449 3912 1631 3966; x_wconf 84' lang='lat' dir='ltr'><strong><em>audies</em></strong></span> <span class='ocrx_word' id='word_1_237' title='bbox 1667 3927 1685 3966; x_wconf 91' lang='lat'><strong><em>:</em></strong></span> 
     </span>
    </p>
   </div>
   <div class='ocr_carea' id='block_1_39' title="bbox 446 4002 1417 4073">
    <p class='ocr_par' dir='ltr' id='par_1_39' title="bbox 446 4002 1417 4073">
     <span class='ocr_line' id='line_1_39' title="bbox 446 4002 1417 4073; baseline 0.001 -14"><span class='ocrx_word' id='word_1_238' title='bbox 446 4002 682 4070; x_wconf 85' lang='lat' dir='ltr'><strong><em>Occisor,</em></strong></span> <span class='ocrx_word' id='word_1_239' title='bbox 714 4004 941 4069; x_wconf 84' lang='lat' dir='ltr'><strong><em>invidus,</em></strong></span> <span class='ocrx_word' id='word_1_240' title='bbox 971 4004 1256 4059; x_wconf 87' lang='lat' dir='ltr'><strong><em>insidiator</em></strong></span> <span class='ocrx_word' id='word_1_241' title='bbox 1281 4004 1417 4073; x_wconf 83' lang='lat' dir='ltr'><strong><em>ﬁlii;</em></strong></span> 
     </span>
    </p>
   </div>
   <div class='ocr_carea' id='block_1_40' title="bbox 447 4095 1648 4170">
    <p class='ocr_par' dir='ltr' id='par_1_40' title="bbox 447 4095 1648 4170">
     <span class='ocr_line' id='line_1_40' title="bbox 447 4095 1648 4170; baseline 0 -18"><span class='ocrx_word' id='word_1_242' title='bbox 447 4096 520 4152; x_wconf 76' lang='lat' dir='ltr'><strong><em>At</em></strong></span> <span class='ocrx_word' id='word_1_243' title='bbox 540 4095 669 4165; x_wconf 75' lang='lat' dir='ltr'><strong><em>ﬁlia:</em></strong></span> <span class='ocrx_word' id='word_1_244' title='bbox 695 4105 820 4152; x_wconf 89' lang='lat' dir='ltr'><strong><em>sunt</em></strong></span> <span class='ocrx_word' id='word_1_245' title='bbox 843 4096 1173 4168; x_wconf 80' lang='lat' dir='ltr'><strong><em>improbitas,</em></strong></span> <span class='ocrx_word' id='word_1_246' title='bbox 1209 4116 1411 4170; x_wconf 90' lang='lat' dir='ltr'><strong><em>pugna,</em></strong></span> <span class='ocrx_word' id='word_1_247' title='bbox 1443 4101 1648 4168; x_wconf 83' lang='lat' dir='ltr'><strong><em>iraque.</em></strong></span> 
     </span>
    </p>
   </div>
   <div class='ocr_carea' id='block_1_41' title="bbox 448 4187 1619 4261">
    <p class='ocr_par' dir='ltr' id='par_1_41' title="bbox 448 4187 1619 4261">
     <span class='ocr_line' id='line_1_41' title="bbox 448 4187 1619 4261; baseline -0.001 -18"><span class='ocrx_word' id='word_1_248' title='bbox 448 4187 583 4243; x_wconf 63' lang='lat' dir='ltr'><strong><em>Haec</em></strong></span> <span class='ocrx_word' id='word_1_249' title='bbox 604 4190 785 4261; x_wconf 87' lang='lat' dir='ltr'><strong><em>igitur,</em></strong></span> <span class='ocrx_word' id='word_1_250' title='bbox 831 4196 888 4242; x_wconf 92' lang='lat' dir='ltr'><strong><em>ut</em></strong></span> <span class='ocrx_word' id='word_1_251' title='bbox 920 4189 1053 4255; x_wconf 76' lang='lat' dir='ltr'><strong><em>dixi,</em></strong></span> <span class='ocrx_word' id='word_1_252' title='bbox 1081 4190 1323 4260; x_wconf 85' lang='lat' dir='ltr'><strong><em>deinceps</em></strong></span> <span class='ocrx_word' id='word_1_253' title='bbox 1356 4192 1411 4244; x_wconf 87' lang='lat' dir='ltr'><strong><em>in</em></strong></span> <span class='ocrx_word' id='word_1_254' title='bbox 1447 4192 1619 4244; x_wconf 80' lang='lat' dir='ltr'><strong><em>vitum</em></strong></span> 
     </span>
    </p>
   </div>
   <div class='ocr_carea' id='block_1_42' title="bbox 448 4281 1504 4353">
    <p class='ocr_par' dir='ltr' id='par_1_42' title="bbox 448 4281 1504 4353">
     <span class='ocr_line' id='line_1_42' title="bbox 448 4281 1504 4353; baseline -0.003 -15"><span class='ocrx_word' id='word_1_255' title='bbox 448 4285 590 4353; x_wconf 76' lang='lat' dir='ltr'><strong><em>Agat</em></strong></span> <span class='ocrx_word' id='word_1_256' title='bbox 621 4298 792 4337; x_wconf 89' lang='lat' dir='ltr'><strong><em>meum</em></strong></span> <span class='ocrx_word' id='word_1_257' title='bbox 822 4281 1039 4337; x_wconf 87' lang='lat' dir='ltr'><strong><em>libidine</em></strong></span> <span class='ocrx_word' id='word_1_258' title='bbox 1069 4300 1164 4353; x_wconf 90' lang='lat' dir='ltr'><strong><em>pro</em></strong></span> <span class='ocrx_word' id='word_1_259' title='bbox 1193 4300 1315 4349; x_wconf 89' lang='lat' dir='ltr'><strong><em>sua,</em></strong></span> <span class='ocrx_word' id='word_1_260' title='bbox 1343 4282 1504 4337; x_wconf 88' lang='lat' dir='ltr'><strong><em>simul</em></strong></span> 
     </span>
    </p>
   </div>
   <div class='ocr_carea' id='block_1_43' title="bbox 450 4371 1720 4446">
    <p class='ocr_par' dir='ltr' id='par_1_43' title="bbox 450 4371 1720 4446">
     <span class='ocr_line' id='line_1_43' title="bbox 450 4371 1720 4446; baseline -0.001 -18"><span class='ocrx_word' id='word_1_261' title='bbox 450 4375 586 4429; x_wconf 76' lang='lat' dir='ltr'><strong><em>Cum</em></strong></span> <span class='ocrx_word' id='word_1_262' title='bbox 616 4376 866 4446; x_wconf 87' lang='lat' dir='ltr'><strong><em>prosapia</em></strong></span> <span class='ocrx_word' id='word_1_263' title='bbox 900 4374 1283 4445; x_wconf 83' lang='lat' dir='ltr'><strong><em>pulcherrima,</em></strong></span> <span class='ocrx_word' id='word_1_264' title='bbox 1320 4379 1366 4431; x_wconf 93' lang='lat' dir='ltr'><strong><em>si</em></strong></span> <span class='ocrx_word' id='word_1_265' title='bbox 1391 4377 1491 4430; x_wconf 92' lang='lat' dir='ltr'><strong><em>diis</em></strong></span> <span class='ocrx_word' id='word_1_266' title='bbox 1527 4371 1720 4443; x_wconf 82' lang='lat' dir='ltr'><strong><em>placet.</em></strong></span> 
     </span>
    </p>
   </div>
   <div class='ocr_carea' id='block_1_44' title="bbox 451 4464 1757 4537">
    <p class='ocr_par' dir='ltr' id='par_1_44' title="bbox 451 4464 1757 4537">
     <span class='ocr_line' id='line_1_44' title="bbox 451 4464 1757 4537; baseline 0 -17"><span class='ocrx_word' id='word_1_267' title='bbox 451 4464 611 4520; x_wconf 81' lang='lat' dir='ltr'><strong><em>Nunc</em></strong></span> <span class='ocrx_word' id='word_1_268' title='bbox 636 4466 751 4537; x_wconf 88' lang='lat' dir='ltr'><strong><em>ipsa</em></strong></span> <span class='ocrx_word' id='word_1_269' title='bbox 777 4467 1034 4520; x_wconf 88' lang='lat' dir='ltr'><strong><em>scandam</em></strong></span> <span class='ocrx_word' id='word_1_270' title='bbox 1059 4465 1293 4521; x_wconf 79' lang='lat' dir='ltr'><strong><em>ccelicam</em></strong></span> <span class='ocrx_word' id='word_1_271' title='bbox 1318 4466 1531 4520; x_wconf 88' lang='lat' dir='ltr'><strong><em>domum</em></strong></span> <span class='ocrx_word' id='word_1_272' title='bbox 1562 4465 1757 4520; x_wconf 88' lang='lat' dir='ltr'><strong><em>Patris.</em></strong></span> 
     </span>
    </p>
   </div>
   <div class='ocr_carea' id='block_1_45' title="bbox 454 4556 1580 4622">
    <p class='ocr_par' dir='ltr' id='par_1_45' title="bbox 454 4556 1580 4622">
     <span class='ocr_line' id='line_1_45' title="bbox 454 4556 1580 4622; baseline 0.001 -11"><span class='ocrx_word' id='word_1_273' title='bbox 454 4556 783 4612; x_wconf 85' lang='lat' dir='ltr'><strong><em>Humanitas</em></strong></span> <span class='ocrx_word' id='word_1_274' title='bbox 808 4560 979 4613; x_wconf 86' lang='lat' dir='ltr'><strong><em>omnis</em></strong></span> <span class='ocrx_word' id='word_1_275' title='bbox 1011 4559 1228 4613; x_wconf 88' lang='lat' dir='ltr'><strong><em>abeunti</em></strong></span> <span class='ocrx_word' id='word_1_276' title='bbox 1259 4574 1428 4613; x_wconf 91' lang='lat' dir='ltr'><strong><em>comes</em></strong></span> <span class='ocrx_word' id='word_1_277' title='bbox 1459 4559 1580 4622; x_wconf 89' lang='lat' dir='ltr'><strong><em>erit,</em></strong></span> 
     </span>
    </p>
   </div>
   <div class='ocr_carea' id='block_1_46' title="bbox 452 4644 1595 4724">
    <p class='ocr_par' dir='ltr' id='par_1_46' title="bbox 452 4644 1595 4724">
     <span class='ocr_line' id='line_1_46' title="bbox 452 4644 1595 4724; baseline 0 -17"><span class='ocrx_word' id='word_1_278' title='bbox 452 4644 715 4722; x_wconf 87' lang='lat' dir='ltr'><strong><em>Zelusque</em></strong></span> <span class='ocrx_word' id='word_1_279' title='bbox 740 4655 991 4724; x_wconf 82' lang='lat' dir='ltr'><strong><em>prudens,</em></strong></span> <span class='ocrx_word' id='word_1_280' title='bbox 1014 4660 1174 4722; x_wconf 88' lang='lat' dir='ltr'><strong><em>atque</em></strong></span> <span class='ocrx_word' id='word_1_281' title='bbox 1202 4652 1595 4715; x_wconf 81' lang='lat' dir='ltr'><strong><em>misericordia,</em></strong></span> 
     </span>
    </p>
   </div>
   <div class='ocr_carea' id='block_1_47' title="bbox 454 4744 1556 4815">
    <p class='ocr_par' dir='ltr' id='par_1_47' title="bbox 454 4744 1556 4815">
     <span class='ocr_line' id='line_1_47' title="bbox 454 4744 1556 4815; baseline -0.002 -14"><span class='ocrx_word' id='word_1_282' title='bbox 454 4745 721 4815; x_wconf 76' lang='lat' dir='ltr'><strong><em>Amorque</em></strong></span> <span class='ocrx_word' id='word_1_283' title='bbox 762 4744 889 4799; x_wconf 86' lang='lat' dir='ltr'><strong><em>recti</em></strong></span> <span class='ocrx_word' id='word_1_284' title='bbox 907 4753 1252 4814; x_wconf 85' lang='lat' dir='ltr'><strong><em>consequetur</em></strong></span> <span class='ocrx_word' id='word_1_285' title='bbox 1276 4745 1556 4799; x_wconf 88' lang='lat' dir='ltr'><strong><em>candidus.</em></strong></span> 
     </span>
    </p>
   </div>
   <div class='ocr_carea' id='block_1_48' title="bbox 453 4839 1723 4911">
    <p class='ocr_par' dir='ltr' id='par_1_48' title="bbox 453 4839 1723 4911">
     <span class='ocr_line' id='line_1_48' title="bbox 453 4839 1723 4911; baseline -0.002 -16"><span class='ocrx_word' id='word_1_286' title='bbox 453 4839 540 4895; x_wconf 88' lang='lat' dir='ltr'><strong><em>En</em></strong></span> <span class='ocrx_word' id='word_1_287' title='bbox 575 4840 781 4910; x_wconf 89' lang='lat' dir='ltr'><strong><em>pariter</em></strong></span> <span class='ocrx_word' id='word_1_288' title='bbox 807 4854 990 4892; x_wconf 90' lang='lat' dir='ltr'><strong><em>omnes</em></strong></span> <span class='ocrx_word' id='word_1_289' title='bbox 1021 4853 1398 4909; x_wconf 83' lang='lat' dir='ltr'><strong><em>comparamur</em></strong></span> <span class='ocrx_word' id='word_1_290' title='bbox 1426 4839 1494 4893; x_wconf 91' lang='lat' dir='ltr'><strong><em>ad</em></strong></span> <span class='ocrx_word' id='word_1_291' title='bbox 1520 4840 1723 4911; x_wconf 79' lang='lat' dir='ltr'><strong><em>fugam.</em></strong></span> 
     </span>
    </p>
   </div>
   <div class='ocr_carea' id='block_1_49' title="bbox 455 4929 1732 5003">
    <p class='ocr_par' dir='ltr' id='par_1_49' title="bbox 455 4929 1732 5003">
     <span class='ocr_line' id='line_1_49' title="bbox 455 4929 1732 5003; baseline -0.002 -17"><span class='ocrx_word' id='word_1_292' title='bbox 455 4932 526 4986; x_wconf 89' lang='grc' dir='ltr'><strong><em>Η.</em></strong></span> <span class='ocrx_word' id='word_1_293' title='bbox 553 4929 762 5002; x_wconf 86' lang='lat' dir='ltr'><strong><em>Fugam</em></strong></span> <span class='ocrx_word' id='word_1_294' title='bbox 792 4933 1001 5003; x_wconf 85' lang='lat' dir='ltr'><strong><em>parari,</em></strong></span> <span class='ocrx_word' id='word_1_295' title='bbox 1027 4933 1267 4992; x_wconf 84' lang='lat' dir='ltr'><strong><em>domina.</em></strong></span> <span class='ocrx_word' id='word_1_296' title='bbox 1307 4933 1454 4987; x_wconf 81' lang='lat' dir='ltr'><strong><em>video</em></strong></span> <span class='ocrx_word' id='word_1_297' title='bbox 1481 4932 1732 5001; x_wconf 85' lang='lat' dir='ltr'><strong><em>doleoque</em></strong></span> 
     </span>
    </p>
   </div>
   <div class='ocr_carea' id='block_1_50' title="bbox 456 5024 1690 5097">
    <p class='ocr_par' dir='ltr' id='par_1_50' title="bbox 456 5024 1690 5097">
     <span class='ocr_line' id='line_1_50' title="bbox 456 5024 1690 5097; baseline 0 -18"><span class='ocrx_word' id='word_1_298' title='bbox 456 5024 527 5079; x_wconf 87' lang='lat' dir='ltr'><strong><em>Et</em></strong></span> <span class='ocrx_word' id='word_1_299' title='bbox 554 5034 724 5080; x_wconf 83' lang='lat' dir='ltr'><strong><em>mente</em></strong></span> <span class='ocrx_word' id='word_1_300' title='bbox 747 5024 986 5096; x_wconf 82' lang='lat' dir='ltr'><strong><em>futurum</em></strong></span> <span class='ocrx_word' id='word_1_301' title='bbox 1014 5025 1163 5081; x_wconf 83' lang='lat' dir='ltr'><strong><em>volvo</em></strong></span> <span class='ocrx_word' id='word_1_302' title='bbox 1186 5027 1312 5097; x_wconf 87' lang='lat' dir='ltr'><strong><em>quid</em></strong></span> <span class='ocrx_word' id='word_1_303' title='bbox 1339 5027 1552 5081; x_wconf 83' lang='lat' dir='ltr'><strong><em>tandem</em></strong></span> <span class='ocrx_word' id='word_1_304' title='bbox 1571 5028 1690 5079; x_wconf 90' lang='lat' dir='ltr'><strong><em>siet.</em></strong></span> 
     </span>
    </p>
   </div>
   <div class='ocr_carea' id='block_1_51' title="bbox 460 5118 1443 5185">
    <p class='ocr_par' dir='ltr' id='par_1_51' title="bbox 460 5118 1443 5185">
     <span class='ocr_line' id='line_1_51' title="bbox 460 5118 1443 5185; baseline -0.002 -12"><span class='ocrx_word' id='word_1_305' title='bbox 460 5118 676 5175; x_wconf 81' lang='lat' dir='ltr'><strong><em>Miseret</em></strong></span> <span class='ocrx_word' id='word_1_306' title='bbox 703 5120 884 5174; x_wconf 84' lang='lat' dir='ltr'><strong><em>mariti</em></strong></span> <span class='ocrx_word' id='word_1_307' title='bbox 916 5135 997 5173; x_wconf 90' lang='lat' dir='ltr'><strong><em>me</em></strong></span> <span class='ocrx_word' id='word_1_308' title='bbox 1026 5121 1104 5173; x_wconf 88' lang='lat' dir='ltr'><strong><em>tui</em></strong></span> <span class='ocrx_word' id='word_1_309' title='bbox 1136 5119 1443 5185; x_wconf 87' lang='lat' dir='ltr'><strong><em>miserrimi,</em></strong></span> 
     </span>
    </p>
   </div>
   <div class='ocr_carea' id='block_1_52' title="bbox 456 5213 1548 5285">
    <p class='ocr_par' dir='ltr' id='par_1_52' title="bbox 456 5213 1548 5285">
     <span class='ocr_line' id='line_1_52' title="bbox 456 5213 1548 5285; baseline -0.004 -16"><span class='ocrx_word' id='word_1_310' title='bbox 456 5214 880 5285; x_wconf 87' lang='lat' dir='ltr'><strong><em>Stultissimique</em></strong></span> <span class='ocrx_word' id='word_1_311' title='bbox 909 5215 1243 5279; x_wconf 81' lang='lat' dir='ltr'><strong><em>conditionis,</em></strong></span> <span class='ocrx_word' id='word_1_312' title='bbox 1281 5213 1548 5284; x_wconf 81' lang='lat' dir='ltr'><strong><em>lacrymas</em></strong></span> 
     </span>
    </p>
   </div>
   <div class='ocr_carea' id='block_1_53' title="bbox 456 5299 1623 5378">
    <p class='ocr_par' dir='ltr' id='par_1_53' title="bbox 456 5299 1623 5378">
     <span class='ocr_line' id='line_1_53' title="bbox 456 5299 1623 5378; baseline -0.005 -16"><span class='ocrx_word' id='word_1_313' title='bbox 456 5299 567 5362; x_wconf 79' lang='lat' dir='ltr'><strong><em>Nec</em></strong></span> <span class='ocrx_word' id='word_1_314' title='bbox 594 5311 881 5372; x_wconf 87' lang='lat' dir='ltr'><strong><em>continere,</em></strong></span> <span class='ocrx_word' id='word_1_315' title='bbox 908 5323 1010 5377; x_wconf 88' lang='lat' dir='ltr'><strong><em>quo</em></strong></span> <span class='ocrx_word' id='word_1_316' title='bbox 1042 5308 1213 5360; x_wconf 90' lang='lat' dir='ltr'><strong><em>minus</em></strong></span> <span class='ocrx_word' id='word_1_317' title='bbox 1246 5308 1442 5378; x_wconf 84' lang='lat' dir='ltr'><strong><em>ﬂuant,</em></strong></span> <span class='ocrx_word' id='word_1_318' title='bbox 1471 5320 1623 5376; x_wconf 87' lang='lat' dir='ltr'><strong><em>queo.</em></strong></span> 
     </span>
    </p>
   </div>
   <div class='ocr_carea' id='block_1_54' title="bbox 460 5390 1695 5478">
    <p class='ocr_par' dir='ltr' id='par_1_54' title="bbox 460 5390 1695 5478">
     <span class='ocr_line' id='line_1_54' title="bbox 460 5390 1695 5478; baseline -0.002 -23"><span class='ocrx_word' id='word_1_319' title='bbox 460 5390 529 5455; x_wconf 71' lang='lat' dir='ltr'><strong><em>Te</em></strong></span> <span class='ocrx_word' id='word_1_320' title='bbox 542 5395 727 5478; x_wconf 76' lang='lat' dir='ltr'><strong><em>judico</em></strong></span> <span class='ocrx_word' id='word_1_321' title='bbox 756 5411 933 5456; x_wconf 90' lang='lat' dir='ltr'><strong><em>tamen</em></strong></span> <span class='ocrx_word' id='word_1_322' title='bbox 963 5402 1135 5473; x_wconf 79' lang='lat' dir='ltr'><strong><em>facere</em></strong></span> <span class='ocrx_word' id='word_1_323' title='bbox 1159 5417 1254 5472; x_wconf 89' lang='lat' dir='ltr'><strong><em>pro</em></strong></span> <span class='ocrx_word' id='word_1_324' title='bbox 1277 5403 1503 5471; x_wconf 83' lang='lat' dir='ltr'><strong><em>acceptis</em></strong></span> <span class='ocrx_word' id='word_1_325' title='bbox 1537 5398 1695 5453; x_wconf 84' lang='lat' dir='ltr'><strong><em>malis</em></strong></span> 
     </span>
    </p>
   </div>
   <div class='ocr_carea' id='block_1_55' title="bbox 459 5493 1695 5567">
    <p class='ocr_par' dir='ltr' id='par_1_55' title="bbox 459 5493 1695 5567">
     <span class='ocr_line' id='line_1_55' title="bbox 459 5493 1695 5567; baseline -0.002 -21"><span class='ocrx_word' id='word_1_326' title='bbox 459 5494 736 5567; x_wconf 79' lang='lat' dir='ltr'><strong><em>Condigna</em></strong></span> <span class='ocrx_word' id='word_1_327' title='bbox 779 5508 938 5559; x_wconf 88' lang='lat' dir='ltr'><strong><em>nunc,</em></strong></span> <span class='ocrx_word' id='word_1_328' title='bbox 978 5494 1090 5549; x_wconf 83' lang='lat' dir='ltr'><strong><em>viro</em></strong></span> <span class='ocrx_word' id='word_1_329' title='bbox 1126 5493 1310 5548; x_wconf 81' lang='lat' dir='ltr'><strong><em>relicto</em></strong></span> <span class='ocrx_word' id='word_1_330' title='bbox 1344 5495 1483 5564; x_wconf 84' lang='lat' dir='ltr'><strong><em>quod</em></strong></span> <span class='ocrx_word' id='word_1_331' title='bbox 1514 5495 1695 5547; x_wconf 85' lang='lat' dir='ltr'><strong><em>abeas.</em></strong></span> 
     </span>
    </p>
   </div>
   <div class='ocr_carea' id='block_1_56' title="bbox 460 5578 1764 5658">
    <p class='ocr_par' dir='ltr' id='par_1_56' title="bbox 460 5578 1764 5658">
     <span class='ocr_line' id='line_1_56' title="bbox 460 5578 1764 5658; baseline -0.004 -16"><span class='ocrx_word' id='word_1_332' title='bbox 460 5578 564 5642; x_wconf 77' lang='lat' dir='ltr'><strong><em>Sed</em></strong></span> <span class='ocrx_word' id='word_1_333' title='bbox 604 5586 986 5658; x_wconf 83' lang='lat' dir='ltr'><strong><em>laerymantem</em></strong></span> <span class='ocrx_word' id='word_1_334' title='bbox 1018 5596 1067 5641; x_wconf 92' lang='lat' dir='ltr'><strong><em>et</em></strong></span> <span class='ocrx_word' id='word_1_335' title='bbox 1104 5584 1394 5658; x_wconf 87' lang='lat' dir='ltr'><strong><em>supplicem</em></strong></span> <span class='ocrx_word' id='word_1_336' title='bbox 1425 5602 1506 5640; x_wconf 90' lang='lat' dir='ltr'><strong><em>me</em></strong></span> <span class='ocrx_word' id='word_1_337' title='bbox 1545 5585 1764 5655; x_wconf 87' lang='lat' dir='ltr'><strong><em>respice.</em></strong></span> 
     </span>
    </p>
   </div>
   <div class='ocr_carea' id='block_1_57' title="bbox 459 5672 1725 5750">
    <p class='ocr_par' dir='ltr' id='par_1_57' title="bbox 459 5672 1725 5750">
     <span class='ocr_line' id='line_1_57' title="bbox 459 5672 1725 5750; baseline -0.001 -17"><span class='ocrx_word' id='word_1_338' title='bbox 459 5672 606 5750; x_wconf 76' lang='lat' dir='ltr'><strong><em>Rogo</em></strong></span> <span class='ocrx_word' id='word_1_339' title='bbox 646 5696 740 5750; x_wconf 90' lang='lat' dir='ltr'><strong><em>per</em></strong></span> <span class='ocrx_word' id='word_1_340' title='bbox 773 5688 1069 5749; x_wconf 88' lang='lat' dir='ltr'><strong><em>parentem,</em></strong></span> <span class='ocrx_word' id='word_1_341' title='bbox 1107 5690 1426 5747; x_wconf 77' lang='lat' dir='ltr'><strong><em>cwterasque</em></strong></span> <span class='ocrx_word' id='word_1_342' title='bbox 1450 5680 1725 5744; x_wconf 86' lang='lat' dir='ltr'><strong><em>essentias,</em></strong></span> 
     </span>
    </p>
   </div>
   <div class='ocr_carea' id='block_1_58' title="bbox 460 5770 1647 5845">
    <p class='ocr_par' dir='ltr' id='par_1_58' title="bbox 460 5770 1647 5845">
     <span class='ocr_line' id='line_1_58' title="bbox 460 5770 1647 5845; baseline 0.001 -20"><span class='ocrx_word' id='word_1_343' title='bbox 460 5773 725 5839; x_wconf 79' lang='lat' dir='ltr'><strong><em>Actusque</em></strong></span> <span class='ocrx_word' id='word_1_344' title='bbox 749 5789 931 5842; x_wconf 90' lang='lat' dir='ltr'><strong><em>puros,</em></strong></span> <span class='ocrx_word' id='word_1_345' title='bbox 962 5770 1115 5825; x_wconf 89' lang='lat' dir='ltr'><strong><em>nulla</em></strong></span> <span class='ocrx_word' id='word_1_346' title='bbox 1140 5772 1326 5838; x_wconf 83' lang='lat' dir='ltr'><strong><em>quibus</em></strong></span> <span class='ocrx_word' id='word_1_347' title='bbox 1352 5773 1485 5829; x_wconf 88' lang='lat' dir='ltr'><strong><em>inest</em></strong></span> <span class='ocrx_word' id='word_1_348' title='bbox 1509 5773 1647 5845; x_wconf 77' lang='lat' dir='ltr'><strong><em>Ityle,</em></strong></span> 
     </span>
    </p>
   </div>
   <div class='ocr_carea' id='block_1_59' title="bbox 465 5856 1500 5931">
    <p class='ocr_par' dir='ltr' id='par_1_59' title="bbox 465 5856 1500 5931">
     <span class='ocr_line' id='line_1_59' title="bbox 465 5856 1500 5931; baseline 0.004 -14"><span class='ocrx_word' id='word_1_349' title='bbox 465 5856 839 5919; x_wconf 56' lang='lat' dir='ltr'><strong><em>(Eternitatem</em></strong></span> <span class='ocrx_word' id='word_1_350' title='bbox 865 5864 1218 5931; x_wconf 78' lang='lat' dir='ltr'><strong><em>temporisque</em></strong></span> <span class='ocrx_word' id='word_1_351' title='bbox 1251 5866 1500 5921; x_wconf 81' lang='lat' dir='ltr'><strong><em>accedito.</em></strong></span> 
     </span>
    </p>
   </div>
   <div class='ocr_carea' id='block_1_60' title="bbox 2065 3208 2112 3268">
    <p class='ocr_par' dir='ltr' id='par_1_60' title="bbox 2065 3208 2112 3268">
     <span class='ocr_line' id='line_1_60' title="bbox 2065 3208 2112 3268; baseline 0 0"><span class='ocrx_word' id='word_1_352' title='bbox 2065 3208 2112 3268; x_wconf 89' lang='lat' dir='ltr'><strong><em>C</em></strong></span> 
     </span>
    </p>
   </div>
   <div class='ocr_carea' id='block_1_61' title="bbox 2058 492 3359 566">
    <p class='ocr_par' dir='ltr' id='par_1_61' title="bbox 2058 492 3359 566">
     <span class='ocr_line' id='line_1_61' title="bbox 2058 492 3359 566; baseline 0.005 -22"><span class='ocrx_word' id='word_1_353' title='bbox 2058 498 2099 550; x_wconf 70' lang='grc' dir='ltr'>Α</span> <span class='ocrx_word' id='word_1_354' title='bbox 2132 492 2245 545; x_wconf 85' lang='lat' dir='ltr'><strong><em>Kal</em></strong></span> <span class='ocrx_word' id='word_1_355' title='bbox 2275 493 2368 548; x_wconf 82' lang='grc' dir='ltr'><strong><em>τοῦ</em></strong></span> <span class='ocrx_word' id='word_1_356' title='bbox 2400 494 2554 558; x_wconf 80' lang='grc' dir='ltr'>ὗδους</span> <span class='ocrx_word' id='word_1_357' title='bbox 2587 493 2827 566; x_wconf 74' lang='grc' dir='ltr'>μέτασχε</span> <span class='ocrx_word' id='word_1_358' title='bbox 2863 497 2958 551; x_wconf 79' lang='grc' dir='ltr'>καὶ</span> <span class='ocrx_word' id='word_1_359' title='bbox 2987 496 3093 550; x_wconf 85' lang='grc' dir='ltr'><strong><em>τῶν</em></strong></span> <span class='ocrx_word' id='word_1_360' title='bbox 3120 493 3359 551; x_wconf 79' lang='grc' dir='ltr'>άλάτων.</span> 
     </span>
    </p>
   </div>
   <div class='ocr_carea' id='block_1_62' title="bbox 2132 587 3503 662">
    <p class='ocr_par' dir='ltr' id='par_1_62' title="bbox 2132 587 3503 662">
     <span class='ocr_line' id='line_1_62' title="bbox 2132 587 3503 662; baseline 0.001 -21"><span class='ocrx_word' id='word_1_361' title='bbox 2132 588 2195 642; x_wconf 84' lang='grc' dir='ltr'><strong><em>Φ.</em></strong></span> <span class='ocrx_word' id='word_1_362' title='bbox 2229 588 2320 659; x_wconf 84' lang='grc' dir='ltr'><strong><em>Μὴ</em></strong></span> <span class='ocrx_word' id='word_1_363' title='bbox 2348 587 2508 642; x_wconf 80' lang='grc' dir='ltr'>τοῦτό</span> <span class='ocrx_word' id='word_1_364' title='bbox 2537 605 2651 659; x_wconf 84' lang='grc' dir='ltr'>μοι,</span> <span class='ocrx_word' id='word_1_365' title='bbox 2688 588 2765 662; x_wconf 77' lang='grc' dir='ltr'>μὴ</span> <span class='ocrx_word' id='word_1_366' title='bbox 2804 589 2989 656; x_wconf 83' lang='grc' dir='ltr'>τοῦτο,</span> <span class='ocrx_word' id='word_1_367' title='bbox 3022 589 3099 661; x_wconf 86' lang='grc' dir='ltr'>μὴ</span> <span class='ocrx_word' id='word_1_368' title='bbox 3141 588 3323 655; x_wconf 83' lang='grc' dir='ltr'>τοῦτο,</span> <span class='ocrx_word' id='word_1_369' title='bbox 3363 588 3503 653; x_wconf 76' lang='grc' dir='ltr'>ξένε.</span> 
     </span>
    </p>
   </div>
   <div class='ocr_carea' id='block_1_63' title="bbox 2134 672 3432 749">
    <p class='ocr_par' dir='ltr' id='par_1_63' title="bbox 2134 672 3432 749">
     <span class='ocr_line' id='line_1_63' title="bbox 2134 672 3432 749; baseline 0.002 -19"><span class='ocrx_word' id='word_1_370' title='bbox 2134 674 2292 740; x_wconf 76' lang='grc' dir='ltr'>’Λλις</span> <span class='ocrx_word' id='word_1_371' title='bbox 2321 677 2453 749; x_wconf 81' lang='grc' dir='ltr'>γὰρ,</span> <span class='ocrx_word' id='word_1_372' title='bbox 2479 672 2555 733; x_wconf 85' lang='grc' dir='ltr'>ὧν</span> <span class='ocrx_word' id='word_1_373' title='bbox 2586 677 2834 734; x_wconf 79' lang='grc' dir='ltr'>πέπονθα</span> <span class='ocrx_word' id='word_1_374' title='bbox 2856 677 2935 748; x_wconf 80' lang='grc' dir='ltr'>τῷ</span> <span class='ocrx_word' id='word_1_375' title='bbox 2960 677 3197 748; x_wconf 77' lang='grc' dir='ltr'>πρόσθεν</span> <span class='ocrx_word' id='word_1_376' title='bbox 3229 676 3432 749; x_wconf 82' lang='grc' dir='ltr'>χρόνῳ.</span> 
     </span>
    </p>
   </div>
   <div class='ocr_carea' id='block_1_64' title="bbox 2133 764 3354 842">
    <p class='ocr_par' dir='ltr' id='par_1_64' title="bbox 2133 764 3354 842">
     <span class='ocr_line' id='line_1_64' title="bbox 2133 764 3354 842; baseline 0.004 -22"><span class='ocrx_word' id='word_1_377' title='bbox 2133 764 2200 821; x_wconf 81' lang='grc' dir='ltr'>Τί</span> <span class='ocrx_word' id='word_1_378' title='bbox 2226 770 2491 825; x_wconf 83' lang='grc' dir='ltr'>πλειόνων</span> <span class='ocrx_word' id='word_1_379' title='bbox 2522 770 2639 838; x_wconf 69' lang='grc' dir='ltr'>δεῖς</span> <span class='ocrx_word' id='word_1_380' title='bbox 2665 769 2774 824; x_wconf 86' lang='grc' dir='ltr'><strong><em>τῶν</em></strong></span> <span class='ocrx_word' id='word_1_381' title='bbox 2801 769 3182 842; x_wconf 81' lang='grc' dir='ltr'>παρελθόντων</span> <span class='ocrx_word' id='word_1_382' title='bbox 3211 768 3354 834; x_wconf 68' lang='grc' dir='ltr'>ἃλις.</span> 
     </span>
    </p>
   </div>
   <div class='ocr_carea' id='block_1_65' title="bbox 2131 861 3484 936">
    <p class='ocr_par' dir='ltr' id='par_1_65' title="bbox 2131 861 3484 936">
     <span class='ocr_line' id='line_1_65' title="bbox 2131 861 3484 936; baseline 0 -21"><span class='ocrx_word' id='word_1_383' title='bbox 2131 861 2193 916; x_wconf 84' lang='grc' dir='ltr'><strong><em>Ξ.</em></strong></span> <span class='ocrx_word' id='word_1_384' title='bbox 2233 863 2430 917; x_wconf 84' lang='grc' dir='ltr'>Δίκαια</span> <span class='ocrx_word' id='word_1_385' title='bbox 2462 864 2592 936; x_wconf 77' lang='grc' dir='ltr'>φῂς,</span> <span class='ocrx_word' id='word_1_386' title='bbox 2630 863 2911 932; x_wconf 82' lang='grc' dir='ltr'>δέσποινα,</span> <span class='ocrx_word' id='word_1_387' title='bbox 2943 863 3041 918; x_wconf 73' lang='grc' dir='ltr'>καὶ</span> <span class='ocrx_word' id='word_1_388' title='bbox 3065 863 3247 927; x_wconf 85' lang='grc' dir='ltr'>καλῶς</span> <span class='ocrx_word' id='word_1_389' title='bbox 3279 861 3484 929; x_wconf 77' lang='grc' dir='ltr'>λέγεις.</span> 
     </span>
    </p>
   </div>
   <div class='ocr_carea' id='block_1_66' title="bbox 2134 947 3456 1026">
    <p class='ocr_par' dir='ltr' id='par_1_66' title="bbox 2134 947 3456 1026">
     <span class='ocr_line' id='line_1_66' title="bbox 2134 947 3456 1026; baseline 0.003 -22"><span class='ocrx_word' id='word_1_390' title='bbox 2134 947 2231 1016; x_wconf 73' lang='grc' dir='ltr'>Οἷς</span> <span class='ocrx_word' id='word_1_391' title='bbox 2263 953 2373 1024; x_wconf 85' lang='grc' dir='ltr'><strong><em>γὰρ</em></strong></span> <span class='ocrx_word' id='word_1_392' title='bbox 2401 952 2679 1019; x_wconf 73' lang='grc' dir='ltr'>πέπονθας</span> <span class='ocrx_word' id='word_1_393' title='bbox 2704 954 2802 1008; x_wconf 64' lang='grc' dir='ltr'>καὶ</span> <span class='ocrx_word' id='word_1_394' title='bbox 2819 953 2890 1007; x_wconf 84' lang='grc' dir='ltr'>τὰ</span> <span class='ocrx_word' id='word_1_395' title='bbox 2919 953 3186 1026; x_wconf 80' lang='grc' dir='ltr'>μέλλοντα</span> <span class='ocrx_word' id='word_1_396' title='bbox 3225 954 3456 1023; x_wconf 88' lang='grc' dir='ltr'>κρίνεις.</span> 
     </span>
    </p>
   </div>
   <div class='ocr_carea' id='block_1_67' title="bbox 2134 1040 3310 1112">
    <p class='ocr_par' dir='ltr' id='par_1_67' title="bbox 2134 1040 3310 1112">
     <span class='ocr_line' id='line_1_67' title="bbox 2134 1040 3310 1112; baseline 0.003 -18"><span class='ocrx_word' id='word_1_397' title='bbox 2134 1040 2324 1112; x_wconf 84' lang='grc' dir='ltr'>Ὀρκῳ</span> <span class='ocrx_word' id='word_1_398' title='bbox 2349 1041 2393 1095; x_wconf 84' lang='grc' dir='ltr'>δ’</span> <span class='ocrx_word' id='word_1_399' title='bbox 2424 1040 2536 1110; x_wconf 74' lang='grc' dir='ltr'><strong><em>ἐγώ</em></strong></span> <span class='ocrx_word' id='word_1_400' title='bbox 2568 1057 2651 1096; x_wconf 87' lang='grc' dir='ltr'><strong><em>σοι</em></strong></span> <span class='ocrx_word' id='word_1_401' title='bbox 2680 1043 2985 1096; x_wconf 83' lang='grc' dir='ltr'>πιστοποιῶ</span> <span class='ocrx_word' id='word_1_402' title='bbox 3011 1044 3102 1098; x_wconf 82' lang='grc' dir='ltr'>τὸν</span> <span class='ocrx_word' id='word_1_403' title='bbox 3130 1042 3310 1111; x_wconf 88' lang='grc' dir='ltr'>λόγον.</span> 
     </span>
    </p>
   </div>
   <div class='ocr_carea' id='block_1_68' title="bbox 2134 1127 3291 1200">
    <p class='ocr_par' dir='ltr' id='par_1_68' title="bbox 2134 1127 3291 1200">
     <span class='ocr_line' id='line_1_68' title="bbox 2134 1127 3291 1200; baseline 0.006 -21"><span class='ocrx_word' id='word_1_404' title='bbox 2134 1127 2304 1182; x_wconf 82' lang='grc' dir='ltr'>Οὐδὲν</span> <span class='ocrx_word' id='word_1_405' title='bbox 2333 1128 2441 1199; x_wconf 80' lang='grc' dir='ltr'><strong><em>γάρ</em></strong></span> <span class='ocrx_word' id='word_1_406' title='bbox 2471 1129 2538 1184; x_wconf 79' lang='grc' dir='ltr'>ἂν</span> <span class='ocrx_word' id='word_1_407' title='bbox 2570 1128 2755 1200; x_wconf 81' lang='grc' dir='ltr'>δράσω</span> <span class='ocrx_word' id='word_1_408' title='bbox 2782 1145 2841 1183; x_wconf 83' lang='grc' dir='ltr'><strong><em>σε</em></strong></span> <span class='ocrx_word' id='word_1_409' title='bbox 2872 1130 2983 1185; x_wconf 87' lang='grc' dir='ltr'><strong><em>τῶν</em></strong></span> <span class='ocrx_word' id='word_1_410' title='bbox 3009 1132 3291 1199; x_wconf 77' lang='grc' dir='ltr'>ἐναντίων,</span> 
     </span>
    </p>
   </div>
   <div class='ocr_carea' id='block_1_69' title="bbox 2134 1221 3461 1296">
    <p class='ocr_par' dir='ltr' id='par_1_69' title="bbox 2134 1221 3461 1296">
     <span class='ocr_line' id='line_1_69' title="bbox 2134 1221 3461 1296; baseline 0.005 -23"><span class='ocrx_word' id='word_1_411' title='bbox 2134 1221 2249 1274; x_wconf 85' lang='grc' dir='ltr'><strong><em>Οὐκ</em></strong></span> <span class='ocrx_word' id='word_1_412' title='bbox 2278 1222 2523 1293; x_wconf 78' lang='grc' dir='ltr'>αἰσχυνῶ</span> <span class='ocrx_word' id='word_1_413' title='bbox 2549 1222 2611 1276; x_wconf 82' lang='grc' dir='ltr'>τὸ</span> <span class='ocrx_word' id='word_1_414' title='bbox 2637 1223 2884 1294; x_wconf 79' lang='grc' dir='ltr'>φίλτρον,</span> <span class='ocrx_word' id='word_1_415' title='bbox 2917 1224 2980 1278; x_wconf 82' lang='grc' dir='ltr'><strong><em>οὐ</em></strong></span> <span class='ocrx_word' id='word_1_416' title='bbox 3011 1224 3113 1296; x_wconf 73' lang='grc' dir='ltr'>τὴν</span> <span class='ocrx_word' id='word_1_417' title='bbox 3138 1226 3366 1294; x_wconf 78' lang='grc' dir='ltr'>ἀγάπην</span> <span class='ocrx_word' id='word_1_418' title='bbox 3391 1240 3408 1259; x_wconf 85' lang='grc'>⁶</span> <span class='ocrx_word' id='word_1_419' title='bbox 3450 1285 3461 1295; x_wconf 29' lang='grc' dir='ltr'><strong><em>η</em></strong></span> 
     </span>
    </p>
   </div>
   <div class='ocr_carea' id='block_1_70' title="bbox 2133 1308 3499 1388">
    <p class='ocr_par' dir='ltr' id='par_1_70' title="bbox 2133 1308 3499 1388">
     <span class='ocr_line' id='line_1_70' title="bbox 2133 1308 3499 1388; baseline 0.004 -22"><span class='ocrx_word' id='word_1_420' title='bbox 2133 1313 2290 1383; x_wconf 77' lang='grc' dir='ltr'>Οὐχὶ,</span> <span class='ocrx_word' id='word_1_421' title='bbox 2323 1313 2460 1386; x_wconf 80' lang='grc' dir='ltr'>πρὸς</span> <span class='ocrx_word' id='word_1_422' title='bbox 2491 1314 2694 1383; x_wconf 82' lang='grc' dir='ltr'>αὐτῶν,</span> <span class='ocrx_word' id='word_1_423' title='bbox 2734 1308 2811 1370; x_wconf 84' lang='grc' dir='ltr'><strong><em>ὧν</em></strong></span> <span class='ocrx_word' id='word_1_424' title='bbox 2844 1315 3004 1387; x_wconf 72' lang='grc' dir='ltr'>ἔφης,</span> <span class='ocrx_word' id='word_1_425' title='bbox 3025 1316 3272 1388; x_wconf 81' lang='grc' dir='ltr'>φρικτῶν</span> <span class='ocrx_word' id='word_1_426' title='bbox 3298 1316 3499 1386; x_wconf 88' lang='grc' dir='ltr'>λόγων.</span> 
     </span>
    </p>
   </div>
   <div class='ocr_carea' id='block_1_71' title="bbox 2130 1400 3470 1483">
    <p class='ocr_par' dir='ltr' id='par_1_71' title="bbox 2130 1400 3470 1483">
     <span class='ocr_line' id='line_1_71' title="bbox 2130 1400 3470 1483; baseline 0.006 -26"><span class='ocrx_word' id='word_1_427' title='bbox 2130 1400 2194 1461; x_wconf 77' lang='grc' dir='ltr'>Φ.</span> <span class='ocrx_word' id='word_1_428' title='bbox 2231 1400 2429 1459; x_wconf 85' lang='grc' dir='ltr'>Δύναιο</span> <span class='ocrx_word' id='word_1_429' title='bbox 2456 1407 2503 1460; x_wconf 85' lang='grc' dir='ltr'>δ’</span> <span class='ocrx_word' id='word_1_430' title='bbox 2524 1407 2591 1463; x_wconf 84' lang='grc' dir='ltr'><strong><em>άν</em></strong></span> <span class='ocrx_word' id='word_1_431' title='bbox 2618 1425 2711 1478; x_wconf 86' lang='grc' dir='ltr'><strong><em>μοι</em></strong></span> <span class='ocrx_word' id='word_1_432' title='bbox 2746 1407 2920 1464; x_wconf 79' lang='grc' dir='ltr'>ταῦτα</span> <span class='ocrx_word' id='word_1_433' title='bbox 2948 1411 3283 1483; x_wconf 77' lang='grc' dir='ltr'>προσφέρειν</span> <span class='ocrx_word' id='word_1_434' title='bbox 3305 1410 3470 1477; x_wconf 72' lang='grc' dir='ltr'>ἕδνα,</span> 
     </span>
    </p>
   </div>
   <div class='ocr_carea' id='block_1_72' title="bbox 2133 1496 3359 1571">
    <p class='ocr_par' dir='ltr' id='par_1_72' title="bbox 2133 1496 3359 1571">
     <span class='ocr_line' id='line_1_72' title="bbox 2133 1496 3359 1571; baseline 0.007 -23"><span class='ocrx_word' id='word_1_435' title='bbox 2133 1496 2202 1549; x_wconf 83' lang='grc' dir='ltr'>Εί</span> <span class='ocrx_word' id='word_1_436' title='bbox 2229 1514 2313 1551; x_wconf 94' lang='grc' dir='ltr'><strong><em>σοι</em></strong></span> <span class='ocrx_word' id='word_1_437' title='bbox 2340 1498 2610 1570; x_wconf 78' lang='grc' dir='ltr'>παράσχω</span> <span class='ocrx_word' id='word_1_438' title='bbox 2634 1497 2731 1554; x_wconf 82' lang='grc' dir='ltr'>τοῦ</span> <span class='ocrx_word' id='word_1_439' title='bbox 2759 1500 2943 1570; x_wconf 86' lang='grc' dir='ltr'>γάμου</span> <span class='ocrx_word' id='word_1_440' title='bbox 2974 1499 3073 1566; x_wconf 82' lang='grc' dir='ltr'>τὰς</span> <span class='ocrx_word' id='word_1_441' title='bbox 3098 1498 3307 1571; x_wconf 72' lang='grc' dir='ltr'>ἐγγύας</span> <span class='ocrx_word' id='word_1_442' title='bbox 3342 1519 3359 1570; x_wconf 88' lang='lat'><strong>;</strong></span> 
     </span>
    </p>
   </div>
   <div class='ocr_carea' id='block_1_73' title="bbox 2132 1588 3368 1666">
    <p class='ocr_par' dir='ltr' id='par_1_73' title="bbox 2132 1588 3368 1666">
     <span class='ocr_line' id='line_1_73' title="bbox 2132 1588 3368 1666; baseline 0.007 -23"><span class='ocrx_word' id='word_1_443' title='bbox 2132 1588 2192 1643; x_wconf 88' lang='grc' dir='ltr'><strong><em>Ξ.</em></strong></span> <span class='ocrx_word' id='word_1_444' title='bbox 2228 1590 2310 1645; x_wconf 82' lang='grc' dir='ltr'>Τὰ</span> <span class='ocrx_word' id='word_1_445' title='bbox 2341 1593 2508 1659; x_wconf 74' lang='lat' dir='ltr'><strong><em>mia;</em></strong></span> <span class='ocrx_word' id='word_1_446' title='bbox 2538 1591 2714 1659; x_wconf 78' lang='grc' dir='ltr'>λέξον,</span> <span class='ocrx_word' id='word_1_447' title='bbox 2748 1591 2824 1658; x_wconf 85' lang='grc' dir='ltr'><strong><em>ὡς</em></strong></span> <span class='ocrx_word' id='word_1_448' title='bbox 2857 1591 2968 1662; x_wconf 69' lang='grc' dir='ltr'><strong><em>ἐγὼ</em></strong></span> <span class='ocrx_word' id='word_1_449' title='bbox 2990 1594 3368 1666; x_wconf 85' lang='grc' dir='ltr'>παράσχομαι.</span> 
     </span>
    </p>
   </div>
   <div class='ocr_carea' id='block_1_74' title="bbox 2131 1683 3379 1757">
    <p class='ocr_par' dir='ltr' id='par_1_74' title="bbox 2131 1683 3379 1757">
     <span class='ocr_line' id='line_1_74' title="bbox 2131 1683 3379 1757; baseline 0.006 -22"><span class='ocrx_word' id='word_1_450' title='bbox 2131 1683 2195 1736; x_wconf 81' lang='grc' dir='ltr'><strong><em>Φ.</em></strong></span> <span class='ocrx_word' id='word_1_451' title='bbox 2222 1683 2450 1752; x_wconf 81' lang='grc' dir='ltr'>Χαίρειν</span> <span class='ocrx_word' id='word_1_452' title='bbox 2474 1683 2563 1738; x_wconf 78' lang='grc' dir='ltr'><strong><em>ἐπ’</em></strong></span> <span class='ocrx_word' id='word_1_453' title='bbox 2592 1684 2770 1741; x_wconf 79' lang='grc' dir='ltr'>ἄλλων</span> <span class='ocrx_word' id='word_1_454' title='bbox 2804 1685 3027 1755; x_wconf 81' lang='grc' dir='ltr'>ἀγαθοῖς</span> <span class='ocrx_word' id='word_1_455' title='bbox 3050 1685 3231 1753; x_wconf 73' lang='grc' dir='ltr'>ἔξεστί</span> <span class='ocrx_word' id='word_1_456' title='bbox 3256 1704 3379 1757; x_wconf 68' lang='lat' dir='ltr'><strong><em>cat;</em></strong></span> 
     </span>
    </p>
   </div>
   <div class='ocr_carea' id='block_1_75' title="bbox 2133 1772 3645 1850">
    <p class='ocr_par' dir='ltr' id='par_1_75' title="bbox 2133 1772 3645 1850">
     <span class='ocr_line' id='line_1_75' title="bbox 2133 1772 3645 1850; baseline 0.009 -26"><span class='ocrx_word' id='word_1_457' title='bbox 2133 1772 2196 1832; x_wconf 88' lang='grc' dir='ltr'><strong><em>Ξ.</em></strong></span> <span class='ocrx_word' id='word_1_458' title='bbox 2233 1775 2508 1843; x_wconf 77' lang='grc' dir='ltr'>Ἔξεστιν.</span> <span class='ocrx_word' id='word_1_459' title='bbox 2537 1777 2603 1830; x_wconf 81' lang='grc' dir='ltr'><strong><em>Φ.</em></strong></span> <span class='ocrx_word' id='word_1_460' title='bbox 2650 1772 2739 1832; x_wconf 80' lang='grc' dir='ltr'><strong><em>Ἐν</em></strong></span> <span class='ocrx_word' id='word_1_461' title='bbox 2773 1776 2975 1844; x_wconf 84' lang='grc' dir='ltr'>λύπαις</span> <span class='ocrx_word' id='word_1_462' title='bbox 3004 1778 3061 1833; x_wconf 85' lang='grc' dir='ltr'>δὲ</span> <span class='ocrx_word' id='word_1_463' title='bbox 3098 1779 3392 1835; x_wconf 81' lang='grc' dir='ltr'>λυπεῖσθαι</span> <span class='ocrx_word' id='word_1_464' title='bbox 3431 1780 3645 1850; x_wconf 80' lang='grc' dir='ltr'>νόθοις;</span> 
     </span>
    </p>
   </div>
   <div class='ocr_carea' id='block_1_76' title="bbox 2061 1846 3664 1945">
    <p class='ocr_par' dir='ltr' id='par_1_76' title="bbox 2061 1846 3664 1945">
     <span class='ocr_line' id='line_1_76' title="bbox 2061 1846 3664 1945; baseline 0.006 -24"><span class='ocrx_word' id='word_1_465' title='bbox 2061 1846 2105 1904; x_wconf 73' lang='grc' dir='ltr'><strong>Β</strong></span> <span class='ocrx_word' id='word_1_466' title='bbox 2133 1864 2194 1923; x_wconf 85' lang='grc' dir='ltr'><strong><em>Ξ.</em></strong></span> <span class='ocrx_word' id='word_1_467' title='bbox 2224 1868 2499 1925; x_wconf 88' lang='grc' dir='ltr'>Μάλιστα.</span> <span class='ocrx_word' id='word_1_468' title='bbox 2526 1871 2587 1926; x_wconf 78' lang='grc' dir='ltr'>Φ.</span> <span class='ocrx_word' id='word_1_469' title='bbox 2625 1871 2740 1936; x_wconf 86' lang='grc' dir='ltr'><strong><em>Τὰς</em></strong></span> <span class='ocrx_word' id='word_1_470' title='bbox 2768 1872 3037 1943; x_wconf 75' lang='grc' dir='ltr'>στρεόλὰς</span> <span class='ocrx_word' id='word_1_471' title='bbox 3066 1872 3125 1928; x_wconf 69' lang='grc' dir='ltr'>δὲ</span> <span class='ocrx_word' id='word_1_472' title='bbox 3150 1872 3377 1944; x_wconf 83' lang='grc' dir='ltr'>φεύγειν</span> <span class='ocrx_word' id='word_1_473' title='bbox 3400 1846 3664 1945; x_wconf 61' lang='grc' dir='ltr'>διπλόαςς</span> 
     </span>
    </p>
   </div>
   <div class='ocr_carea' id='block_1_77' title="bbox 2132 1961 3379 2039">
    <p class='ocr_par' dir='ltr' id='par_1_77' title="bbox 2132 1961 3379 2039">
     <span class='ocr_line' id='line_1_77' title="bbox 2132 1961 3379 2039; baseline 0.004 -23"><span class='ocrx_word' id='word_1_474' title='bbox 2132 1961 2331 2016; x_wconf 83' lang='grc' dir='ltr'>Λαλείν</span> <span class='ocrx_word' id='word_1_475' title='bbox 2360 1962 2419 2017; x_wconf 79' lang='grc' dir='ltr'>δὲ</span> <span class='ocrx_word' id='word_1_476' title='bbox 2449 1963 2643 2030; x_wconf 84' lang='grc' dir='ltr'>ταυτὰ,</span> <span class='ocrx_word' id='word_1_477' title='bbox 2671 1963 2768 2019; x_wconf 79' lang='grc' dir='ltr'>καὶ</span> <span class='ocrx_word' id='word_1_478' title='bbox 2790 1967 3010 2035; x_wconf 84' lang='grc' dir='ltr'>φρονεῖν</span> <span class='ocrx_word' id='word_1_479' title='bbox 3037 1965 3097 2018; x_wconf 84' lang='grc' dir='ltr'>ὲν</span> <span class='ocrx_word' id='word_1_480' title='bbox 3132 1966 3337 2039; x_wconf 77' lang='grc' dir='ltr'>καρδίᾳ</span> <span class='ocrx_word' id='word_1_481' title='bbox 3360 1982 3379 2034; x_wconf 71' lang='grc' dir='ltr'><strong><em>ς</em></strong></span> 
     </span>
    </p>
   </div>
   <div class='ocr_carea' id='block_1_78' title="bbox 2132 2055 3562 2122">
    <p class='ocr_par' dir='ltr' id='par_1_78' title="bbox 2132 2055 3562 2122">
     <span class='ocr_line' id='line_1_78' title="bbox 2132 2055 3562 2122; baseline 0.004 -13"><span class='ocrx_word' id='word_1_482' title='bbox 2132 2055 2195 2111; x_wconf 93' lang='grc' dir='ltr'><strong><em>Ξ.</em></strong></span> <span class='ocrx_word' id='word_1_483' title='bbox 2230 2057 2340 2109; x_wconf 83' lang='lat' dir='ltr'><strong><em>Kal</em></strong></span> <span class='ocrx_word' id='word_1_484' title='bbox 2370 2056 2530 2111; x_wconf 78' lang='grc' dir='ltr'>τοῦτο</span> <span class='ocrx_word' id='word_1_485' title='bbox 2560 2057 2803 2122; x_wconf 81' lang='grc' dir='ltr'>πάντως.</span> <span class='ocrx_word' id='word_1_486' title='bbox 2838 2057 3006 2112; x_wconf 77' lang='grc' dir='ltr'>’Άλλο</span> <span class='ocrx_word' id='word_1_487' title='bbox 3036 2058 3231 2114; x_wconf 82' lang='grc' dir='ltr'>λοιπὸν</span> <span class='ocrx_word' id='word_1_488' title='bbox 3261 2060 3562 2116; x_wconf 82' lang='grc' dir='ltr'>πυνθάνου.</span> 
     </span>
    </p>
   </div>
   <div class='ocr_carea' id='block_1_79' title="bbox 2132 2138 3506 2222">
    <p class='ocr_par' dir='ltr' id='par_1_79' title="bbox 2132 2138 3506 2222">
     <span class='ocr_line' id='line_1_79' title="bbox 2132 2138 3506 2222; baseline 0 -21"><span class='ocrx_word' id='word_1_489' title='bbox 2132 2148 2193 2201; x_wconf 80' lang='grc' dir='ltr'>Φ.</span> <span class='ocrx_word' id='word_1_490' title='bbox 2233 2146 2421 2219; x_wconf 86' lang='grc' dir='ltr'>Ἕχειν</span> <span class='ocrx_word' id='word_1_491' title='bbox 2444 2146 2512 2203; x_wconf 84' lang='grc' dir='ltr'>τὰ</span> <span class='ocrx_word' id='word_1_492' title='bbox 2543 2148 2744 2203; x_wconf 81' lang='grc' dir='ltr'>σαυτοῦ</span> <span class='ocrx_word' id='word_1_493' title='bbox 2777 2148 2889 2203; x_wconf 87' lang='grc' dir='ltr'><strong><em>τῶν</em></strong></span> <span class='ocrx_word' id='word_1_494' title='bbox 2923 2149 3097 2220; x_wconf 89' lang='grc' dir='ltr'>φίλων</span> <span class='ocrx_word' id='word_1_495' title='bbox 3131 2151 3190 2204; x_wconf 79' lang='grc' dir='ltr'>ὲν</span> <span class='ocrx_word' id='word_1_496' title='bbox 3227 2138 3506 2222; x_wconf 73' lang='grc' dir='ltr'>δευτέρως</span> 
     </span>
    </p>
   </div>
   <div class='ocr_carea' id='block_1_80' title="bbox 2134 2241 3615 2313">
    <p class='ocr_par' dir='ltr' id='par_1_80' title="bbox 2134 2241 3615 2313">
     <span class='ocr_line' id='line_1_80' title="bbox 2134 2241 3615 2313; baseline 0.001 -17"><span class='ocrx_word' id='word_1_497' title='bbox 2134 2242 2175 2296; x_wconf 89' lang='grc' dir='ltr'>Ξ</span> <span class='ocrx_word' id='word_1_498' title='bbox 2214 2243 2448 2313; x_wconf 85' lang='grc' dir='ltr'>.¹Έχειν.</span> <span class='ocrx_word' id='word_1_499' title='bbox 2469 2243 2532 2297; x_wconf 77' lang='grc' dir='ltr'><strong><em>Φ.</em></strong></span> <span class='ocrx_word' id='word_1_500' title='bbox 2566 2241 2647 2295; x_wconf 82' lang='grc' dir='ltr'><strong><em>Δι’</em></strong></span> <span class='ocrx_word' id='word_1_501' title='bbox 2669 2243 2869 2307; x_wconf 78' lang='grc' dir='ltr'>αὐτοὺς</span> <span class='ocrx_word' id='word_1_502' title='bbox 2902 2243 2997 2298; x_wconf 72' lang='grc' dir='ltr'>καὶ</span> <span class='ocrx_word' id='word_1_503' title='bbox 3025 2242 3272 2300; x_wconf 83' lang='grc' dir='ltr'>θανατῶν</span> <span class='ocrx_word' id='word_1_504' title='bbox 3309 2244 3615 2313; x_wconf 79' lang='grc' dir='ltr'>πολλάκις;</span> 
     </span>
    </p>
   </div>
   <div class='ocr_carea' id='block_1_81' title="bbox 2133 2333 3616 2409">
    <p class='ocr_par' dir='ltr' id='par_1_81' title="bbox 2133 2333 3616 2409">
     <span class='ocr_line' id='line_1_81' title="bbox 2133 2333 3616 2409; baseline 0.001 -21"><span class='ocrx_word' id='word_1_505' title='bbox 2133 2335 2243 2389; x_wconf 85' lang='lat' dir='ltr'><strong><em>Nal</em></strong></span> <span class='ocrx_word' id='word_1_506' title='bbox 2273 2334 2369 2389; x_wconf 78' lang='grc' dir='ltr'>καὶ</span> <span class='ocrx_word' id='word_1_507' title='bbox 2400 2333 2660 2408; x_wconf 81' lang='grc' dir='ltr'>θανατᾷν.</span> <span class='ocrx_word' id='word_1_508' title='bbox 2693 2336 2757 2390; x_wconf 81' lang='grc' dir='ltr'>Φ.</span> <span class='ocrx_word' id='word_1_509' title='bbox 2795 2335 2903 2390; x_wconf 83' lang='lat' dir='ltr'><strong><em>Kal</em></strong></span> <span class='ocrx_word' id='word_1_510' title='bbox 2936 2336 3193 2405; x_wconf 76' lang='grc' dir='ltr'>φθονοῦσι</span> <span class='ocrx_word' id='word_1_511' title='bbox 3253 2336 3329 2409; x_wconf 80' lang='grc' dir='ltr'>μὴ</span> <span class='ocrx_word' id='word_1_512' title='bbox 3362 2337 3616 2407; x_wconf 83' lang='grc' dir='ltr'>φθονείν;</span> 
     </span>
    </p>
   </div>
   <div class='ocr_carea' id='block_1_82' title="bbox 2134 2427 3721 2500">
    <p class='ocr_par' dir='ltr' id='par_1_82' title="bbox 2134 2427 3721 2500">
     <span class='ocr_line' id='line_1_82' title="bbox 2134 2427 3721 2500; baseline 0.003 -20"><span class='ocrx_word' id='word_1_513' title='bbox 2134 2427 2195 2481; x_wconf 88' lang='grc' dir='ltr'><strong><em>Ξ.</em></strong></span> <span class='ocrx_word' id='word_1_514' title='bbox 2222 2428 2331 2480; x_wconf 85' lang='grc' dir='ltr'>Ναί</span> <span class='ocrx_word' id='word_1_515' title='bbox 2339 2468 2351 2481; x_wconf 96' lang='grc'><strong><em>.</em></strong></span> <span class='ocrx_word' id='word_1_516' title='bbox 2386 2427 2449 2483; x_wconf 80' lang='grc' dir='ltr'><strong><em>Φ.</em></strong></span> <span class='ocrx_word' id='word_1_517' title='bbox 2480 2427 2621 2492; x_wconf 84' lang='grc' dir='ltr'>Τοὺς</span> <span class='ocrx_word' id='word_1_518' title='bbox 2648 2427 2705 2483; x_wconf 81' lang='grc' dir='ltr'>δὲ</span> <span class='ocrx_word' id='word_1_519' title='bbox 2735 2427 3133 2495; x_wconf 82' lang='grc' dir='ltr'>βασκαίνοντας</span> <span class='ocrx_word' id='word_1_520' title='bbox 3167 2431 3424 2500; x_wconf 71' lang='grc' dir='ltr'>άγαπᾷνς</span> <span class='ocrx_word' id='word_1_521' title='bbox 3457 2429 3520 2484; x_wconf 89' lang='grc' dir='ltr'><strong><em>Ξ.</em></strong></span> <span class='ocrx_word' id='word_1_522' title='bbox 3546 2431 3721 2485; x_wconf 71' lang='grc' dir='ltr'>Πάνυ.</span> 
     </span>
    </p>
   </div>
   <div class='ocr_carea' id='block_1_83' title="bbox 2135 2515 3390 2594">
    <p class='ocr_par' dir='ltr' id='par_1_83' title="bbox 2135 2515 3390 2594">
     <span class='ocr_line' id='line_1_83' title="bbox 2135 2515 3390 2594; baseline 0.014 -24"><span class='ocrx_word' id='word_1_523' title='bbox 2135 2521 2200 2575; x_wconf 80' lang='grc' dir='ltr'><strong><em>Φ.</em></strong></span> <span class='ocrx_word' id='word_1_524' title='bbox 2230 2520 2455 2573; x_wconf 61' lang='grc' dir='ltr'>Δέδοικε</span> <span class='ocrx_word' id='word_1_525' title='bbox 2473 2515 2650 2575; x_wconf 75' lang='grc' dir='ltr'>ταῦτα</span> <span class='ocrx_word' id='word_1_526' title='bbox 2679 2521 2756 2592; x_wconf 75' lang='grc' dir='ltr'>μὴ</span> <span class='ocrx_word' id='word_1_527' title='bbox 2783 2521 2930 2593; x_wconf 82' lang='grc' dir='ltr'>λόγῳ</span> <span class='ocrx_word' id='word_1_528' title='bbox 2956 2522 3057 2593; x_wconf 80' lang='grc' dir='ltr'>μὲν</span> <span class='ocrx_word' id='word_1_529' title='bbox 3090 2521 3390 2594; x_wconf 72' lang='grc' dir='ltr'>προσδέχῃν</span> 
     </span>
    </p>
   </div>
   <div class='ocr_carea' id='block_1_84' title="bbox 2139 2612 3418 2687">
    <p class='ocr_par' dir='ltr' id='par_1_84' title="bbox 2139 2612 3418 2687">
     <span class='ocr_line' id='line_1_84' title="bbox 2139 2612 3418 2687; baseline 0.002 -19"><span class='ocrx_word' id='word_1_530' title='bbox 2139 2614 2330 2686; x_wconf 84' lang='grc' dir='ltr'>Ἔργῳ</span> <span class='ocrx_word' id='word_1_531' title='bbox 2357 2614 2403 2668; x_wconf 84' lang='grc' dir='ltr'>δ’</span> <span class='ocrx_word' id='word_1_532' title='bbox 2429 2615 2799 2685; x_wconf 82' lang='grc' dir='ltr'>άπαρνήσαιο.</span> <span class='ocrx_word' id='word_1_533' title='bbox 2831 2612 2892 2669; x_wconf 86' lang='grc' dir='ltr'><strong><em>Ξ.</em></strong></span> <span class='ocrx_word' id='word_1_534' title='bbox 2929 2615 3040 2670; x_wconf 76' lang='grc' dir='ltr'><strong><em>Καὶ</em></strong></span> <span class='ocrx_word' id='word_1_535' title='bbox 3072 2615 3181 2687; x_wconf 82' lang='grc' dir='ltr'>μὴν</span> <span class='ocrx_word' id='word_1_536' title='bbox 3206 2613 3418 2687; x_wconf 82' lang='grc' dir='ltr'>ὤμοσα.</span> 
     </span>
    </p>
   </div>
   <div class='ocr_carea' id='block_1_85' title="bbox 2134 2706 3453 2783">
    <p class='ocr_par' dir='ltr' id='par_1_85' title="bbox 2134 2706 3453 2783">
     <span class='ocr_line' id='line_1_85' title="bbox 2134 2706 3453 2783; baseline 0.002 -22"><span class='ocrx_word' id='word_1_537' title='bbox 2134 2708 2200 2762; x_wconf 74' lang='grc' dir='ltr'><strong><em>Φ.</em></strong></span> <span class='ocrx_word' id='word_1_538' title='bbox 2227 2706 2420 2781; x_wconf 80' lang='grc' dir='ltr'><strong><em>ΙἈθρει</em></strong></span> <span class='ocrx_word' id='word_1_539' title='bbox 2445 2707 2537 2762; x_wconf 83' lang='grc' dir='ltr'>τὸν</span> <span class='ocrx_word' id='word_1_540' title='bbox 2569 2708 2752 2783; x_wconf 82' lang='grc' dir='ltr'>ὅρκον,</span> <span class='ocrx_word' id='word_1_541' title='bbox 2784 2708 2860 2774; x_wconf 89' lang='grc' dir='ltr'>ὼς</span> <span class='ocrx_word' id='word_1_542' title='bbox 2893 2707 2993 2780; x_wconf 74' lang='grc' dir='ltr'><strong><em>ἐμὲ</em></strong></span> <span class='ocrx_word' id='word_1_543' title='bbox 3028 2709 3453 2781; x_wconf 75' lang='grc' dir='ltr'>ξυλλαμϐάνεις.</span> 
     </span>
    </p>
   </div>
   <div class='ocr_carea' id='block_1_86' title="bbox 2142 2972 3194 3048">
    <p class='ocr_par' dir='ltr' id='par_1_86' title="bbox 2142 2972 3194 3048">
     <span class='ocr_line' id='line_1_86' title="bbox 2142 2972 3194 3048; baseline 0.002 -21"><span class='ocrx_word' id='word_1_544' title='bbox 2142 2973 2258 3028; x_wconf 85' lang='lat' dir='ltr'><strong><em>Hoc</em></strong></span> <span class='ocrx_word' id='word_1_545' title='bbox 2287 2973 2387 3029; x_wconf 77' lang='lat' dir='ltr'><strong><em>uile</em></strong></span> <span class='ocrx_word' id='word_1_546' title='bbox 2417 2972 2626 3028; x_wconf 86' lang='lat' dir='ltr'><strong><em>culmen</em></strong></span> <span class='ocrx_word' id='word_1_547' title='bbox 2660 2975 2909 3045; x_wconf 85' lang='lat' dir='ltr'><strong><em>pauperis</em></strong></span> <span class='ocrx_word' id='word_1_548' title='bbox 2941 2975 3194 3048; x_wconf 84' lang='lat' dir='ltr'><strong><em>tugurioll</em></strong></span> 
     </span>
    </p>
   </div>
   <div class='ocr_carea' id='block_1_87' title="bbox 2139 3066 3346 3141">
    <p class='ocr_par' dir='ltr' id='par_1_87' title="bbox 2139 3066 3346 3141">
     <span class='ocr_line' id='line_1_87' title="bbox 2139 3066 3346 3141; baseline -0.002 -15"><span class='ocrx_word' id='word_1_549' title='bbox 2139 3066 2219 3126; x_wconf 83' lang='lat' dir='ltr'><strong><em>Ne</em></strong></span> <span class='ocrx_word' id='word_1_550' title='bbox 2237 3069 2513 3140; x_wconf 79' lang='lat' dir='ltr'><strong><em>spreveris,</em></strong></span> <span class='ocrx_word' id='word_1_551' title='bbox 2539 3085 2738 3140; x_wconf 74' lang='lat' dir='ltr'><strong><em>quaso,</em></strong></span> <span class='ocrx_word' id='word_1_552' title='bbox 2770 3070 3090 3135; x_wconf 86' lang='lat' dir='ltr'><strong><em>introitoque</em></strong></span> <span class='ocrx_word' id='word_1_553' title='bbox 3112 3069 3346 3141; x_wconf 87' lang='lat' dir='ltr'><strong><em>placida.</em></strong></span> 
     </span>
    </p>
   </div>
   <div class='ocr_carea' id='block_1_88' title="bbox 2141 3162 3151 3235">
    <p class='ocr_par' dir='ltr' id='par_1_88' title="bbox 2141 3162 3151 3235">
     <span class='ocr_line' id='line_1_88' title="bbox 2141 3162 3151 3235; baseline 0 -18"><span class='ocrx_word' id='word_1_554' title='bbox 2141 3162 2227 3219; x_wconf 87' lang='lat' dir='ltr'><strong><em>En</em></strong></span> <span class='ocrx_word' id='word_1_555' title='bbox 2254 3163 2486 3219; x_wconf 89' lang='lat' dir='ltr'><strong><em>sobrium</em></strong></span> <span class='ocrx_word' id='word_1_556' title='bbox 2511 3163 2736 3235; x_wconf 85' lang='lat' dir='ltr'><strong><em>propino</em></strong></span> <span class='ocrx_word' id='word_1_557' title='bbox 2769 3163 3016 3232; x_wconf 89' lang='lat' dir='ltr'><strong><em>poculum</em></strong></span> <span class='ocrx_word' id='word_1_558' title='bbox 3038 3162 3151 3230; x_wconf 86' lang='lat' dir='ltr'><strong><em>tibi,</em></strong></span> 
     </span>
    </p>
   </div>
   <div class='ocr_carea' id='block_1_89' title="bbox 2143 3255 3307 3330">
    <p class='ocr_par' dir='ltr' id='par_1_89' title="bbox 2143 3255 3307 3330">
     <span class='ocr_line' id='line_1_89' title="bbox 2143 3255 3307 3330; baseline -0.002 -19"><span class='ocrx_word' id='word_1_559' title='bbox 2143 3256 2413 3327; x_wconf 87' lang='lat' dir='ltr'><strong><em>Panisque</em></strong></span> <span class='ocrx_word' id='word_1_560' title='bbox 2445 3273 2647 3311; x_wconf 91' lang='lat' dir='ltr'><strong><em>mecum</em></strong></span> <span class='ocrx_word' id='word_1_561' title='bbox 2679 3258 2991 3330; x_wconf 88' lang='lat' dir='ltr'><strong><em>participem</em></strong></span> <span class='ocrx_word' id='word_1_562' title='bbox 3019 3255 3138 3325; x_wconf 79' lang='lat' dir='ltr'><strong><em>ﬁeri</em></strong></span> <span class='ocrx_word' id='word_1_563' title='bbox 3168 3264 3307 3327; x_wconf 88' lang='lat' dir='ltr'><strong><em>peto.</em></strong></span> 
     </span>
    </p>
   </div>
   <div class='ocr_carea' id='block_1_90' title="bbox 2143 3348 3405 3422">
    <p class='ocr_par' dir='ltr' id='par_1_90' title="bbox 2143 3348 3405 3422">
     <span class='ocr_line' id='line_1_90' title="bbox 2143 3348 3405 3422; baseline -0.002 -18"><span class='ocrx_word' id='word_1_564' title='bbox 2143 3348 2228 3404; x_wconf 88' lang='lat' dir='ltr'><strong><em>En</em></strong></span> <span class='ocrx_word' id='word_1_565' title='bbox 2256 3351 2339 3403; x_wconf 81' lang='lat' dir='ltr'><strong><em>hic</em></strong></span> <span class='ocrx_word' id='word_1_566' title='bbox 2360 3348 2529 3404; x_wconf 87' lang='lat' dir='ltr'><strong><em>salem</em></strong></span> <span class='ocrx_word' id='word_1_567' title='bbox 2557 3349 2668 3414; x_wconf 89' lang='lat' dir='ltr'><strong><em>tibi,</em></strong></span> <span class='ocrx_word' id='word_1_568' title='bbox 2700 3365 2764 3403; x_wconf 88' lang='lat' dir='ltr'><strong><em>en</em></strong></span> <span class='ocrx_word' id='word_1_569' title='bbox 2793 3366 2991 3421; x_wconf 88' lang='lat' dir='ltr'><strong><em>aquam</em></strong></span> <span class='ocrx_word' id='word_1_570' title='bbox 3031 3349 3123 3403; x_wconf 89' lang='lat' dir='ltr'><strong><em>tibi</em></strong></span> <span class='ocrx_word' id='word_1_571' title='bbox 3152 3348 3405 3422; x_wconf 86' lang='lat' dir='ltr'><strong><em>gelidam.</em></strong></span> 
     </span>
    </p>
   </div>
   <div class='ocr_carea' id='block_1_91' title="bbox 2142 3440 3588 3514">
    <p class='ocr_par' dir='ltr' id='par_1_91' title="bbox 2142 3440 3588 3514">
     <span class='ocr_line' id='line_1_91' title="bbox 2142 3440 3588 3514; baseline 0 -18"><span class='ocrx_word' id='word_1_572' title='bbox 2142 3443 2206 3496; x_wconf 81' lang='grc' dir='ltr'>Α.</span> <span class='ocrx_word' id='word_1_573' title='bbox 2243 3441 2382 3507; x_wconf 80' lang='lat' dir='ltr'><strong><em>Quid</em></strong></span> <span class='ocrx_word' id='word_1_574' title='bbox 2406 3442 2566 3505; x_wconf 87' lang='lat' dir='ltr'><strong><em>istud,</em></strong></span> <span class='ocrx_word' id='word_1_575' title='bbox 2602 3443 2783 3512; x_wconf 84' lang='lat' dir='ltr'><strong><em>hospes</em></strong></span> <span class='ocrx_word' id='word_1_576' title='bbox 2807 3443 2831 3497; x_wconf 87' lang='lat'><strong><em>?</em></strong></span> <span class='ocrx_word' id='word_1_577' title='bbox 2857 3443 2985 3514; x_wconf 89' lang='lat' dir='ltr'><strong><em>quid</em></strong></span> <span class='ocrx_word' id='word_1_578' title='bbox 3015 3442 3187 3512; x_wconf 81' lang='lat' dir='ltr'><strong><em>facis?</em></strong></span> <span class='ocrx_word' id='word_1_579' title='bbox 3211 3458 3313 3497; x_wconf 89' lang='lat' dir='ltr'><strong><em>non</em></strong></span> <span class='ocrx_word' id='word_1_580' title='bbox 3343 3441 3537 3496; x_wconf 85' lang='lat' dir='ltr'><strong><em>desinis</em></strong></span> <span class='ocrx_word' id='word_1_581' title='bbox 3559 3440 3588 3496; x_wconf 74' lang='lat' dir='ltr'><strong><em>i’</em></strong></span> 
     </span>
    </p>
   </div>
   <div class='ocr_carea' id='block_1_92' title="bbox 2145 3533 3369 3607">
    <p class='ocr_par' dir='ltr' id='par_1_92' title="bbox 2145 3533 3369 3607">
     <span class='ocr_line' id='line_1_92' title="bbox 2145 3533 3369 3607; baseline 0.003 -21"><span class='ocrx_word' id='word_1_582' title='bbox 2145 3533 2288 3587; x_wconf 82' lang='lat' dir='ltr'><strong><em>Satis</em></strong></span> <span class='ocrx_word' id='word_1_583' title='bbox 2319 3549 2579 3605; x_wconf 73' lang='lat' dir='ltr'><strong><em>superque</em></strong></span> <span class='ocrx_word' id='word_1_584' title='bbox 2603 3537 2797 3593; x_wconf 88' lang='lat' dir='ltr'><strong><em>misera</em></strong></span> <span class='ocrx_word' id='word_1_585' title='bbox 2831 3536 3027 3590; x_wconf 88' lang='lat' dir='ltr'><strong><em>dudum</em></strong></span> <span class='ocrx_word' id='word_1_586' title='bbox 3050 3553 3207 3607; x_wconf 89' lang='lat' dir='ltr'><strong><em>passa</em></strong></span> <span class='ocrx_word' id='word_1_587' title='bbox 3230 3552 3369 3598; x_wconf 86' lang='lat' dir='ltr'><strong><em>sum,</em></strong></span> 
     </span>
    </p>
   </div>
   <div class='ocr_carea' id='block_1_93' title="bbox 2143 3625 3246 3700">
    <p class='ocr_par' dir='ltr' id='par_1_93' title="bbox 2143 3625 3246 3700">
     <span class='ocr_line' id='line_1_93' title="bbox 2143 3625 3246 3700; baseline 0.001 -18"><span class='ocrx_word' id='word_1_588' title='bbox 2143 3625 2262 3682; x_wconf 86' lang='lat' dir='ltr'><strong><em>Non</em></strong></span> <span class='ocrx_word' id='word_1_589' title='bbox 2288 3628 2519 3700; x_wconf 77' lang='lat' dir='ltr'><strong><em>experiri</em></strong></span> <span class='ocrx_word' id='word_1_590' title='bbox 2539 3627 2697 3696; x_wconf 91' lang='lat' dir='ltr'><strong><em>plura</em></strong></span> <span class='ocrx_word' id='word_1_591' title='bbox 2721 3628 2846 3683; x_wconf 76' lang='lat' dir='ltr'><strong><em>milii</em></strong></span> <span class='ocrx_word' id='word_1_592' title='bbox 2867 3630 3082 3699; x_wconf 82' lang='lat' dir='ltr'><strong><em>posthac</em></strong></span> <span class='ocrx_word' id='word_1_593' title='bbox 3103 3628 3246 3683; x_wconf 88' lang='lat' dir='ltr'><strong><em>libet.</em></strong></span> 
     </span>
    </p>
   </div>
   <div class='ocr_carea' id='block_1_94' title="bbox 2150 3720 3482 3793">
    <p class='ocr_par' dir='ltr' id='par_1_94' title="bbox 2150 3720 3482 3793">
     <span class='ocr_line' id='line_1_94' title="bbox 2150 3720 3482 3793; baseline 0.001 -20"><span class='ocrx_word' id='word_1_594' title='bbox 2150 3720 2219 3774; x_wconf 89' lang='grc'><strong><em>11.</em></strong></span> <span class='ocrx_word' id='word_1_595' title='bbox 2242 3720 2392 3789; x_wconf 85' lang='lat' dir='ltr'><strong><em>Jure,</em></strong></span> <span class='ocrx_word' id='word_1_596' title='bbox 2424 3722 2643 3776; x_wconf 89' lang='lat' dir='ltr'><strong><em>domina</em></strong></span> <span class='ocrx_word' id='word_1_597' title='bbox 2676 3724 2982 3787; x_wconf 89' lang='lat' dir='ltr'><strong><em>mea,dicis,</em></strong></span> <span class='ocrx_word' id='word_1_598' title='bbox 3008 3731 3061 3775; x_wconf 85' lang='lat' dir='ltr'><strong><em>et</em></strong></span> <span class='ocrx_word' id='word_1_599' title='bbox 3101 3732 3238 3776; x_wconf 89' lang='lat' dir='ltr'><strong><em>recte</em></strong></span> <span class='ocrx_word' id='word_1_600' title='bbox 3271 3722 3482 3793; x_wconf 87' lang='lat' dir='ltr'><strong><em>quidem</em></strong></span> 
     </span>
    </p>
   </div>
   <div class='ocr_carea' id='block_1_95' title="bbox 2145 3812 3198 3886">
    <p class='ocr_par' dir='ltr' id='par_1_95' title="bbox 2145 3812 3198 3886">
     <span class='ocr_line' id='line_1_95' title="bbox 2145 3812 3198 3886; baseline 0.002 -18"><span class='ocrx_word' id='word_1_601' title='bbox 2145 3812 2231 3868; x_wconf 75' lang='lat' dir='ltr'><em>Ex</em></span> <span class='ocrx_word' id='word_1_602' title='bbox 2259 3816 2516 3868; x_wconf 88' lang='lat' dir='ltr'><strong><em>anteactis</em></strong></span> <span class='ocrx_word' id='word_1_603' title='bbox 2549 3824 2663 3885; x_wconf 87' lang='lat' dir='ltr'><strong><em>post</em></strong></span> <span class='ocrx_word' id='word_1_604' title='bbox 2698 3815 2881 3886; x_wconf 80' lang='lat' dir='ltr'><strong><em>futura</em></strong></span> <span class='ocrx_word' id='word_1_605' title='bbox 2919 3815 3198 3885; x_wconf 71' lang='lat' dir='ltr'><strong><em>pramides.</em></strong></span> 
     </span>
    </p>
   </div>
   <div class='ocr_carea' id='block_1_96' title="bbox 2145 3906 3163 3979">
    <p class='ocr_par' dir='ltr' id='par_1_96' title="bbox 2145 3906 3163 3979">
     <span class='ocr_line' id='line_1_96' title="bbox 2145 3906 3163 3979; baseline -0.004 -16"><span class='ocrx_word' id='word_1_606' title='bbox 2145 3908 2249 3964; x_wconf 88' lang='lat' dir='ltr'><strong><em>Sed</em></strong></span> <span class='ocrx_word' id='word_1_607' title='bbox 2272 3913 2382 3978; x_wconf 89' lang='lat' dir='ltr'><strong><em>ipse</em></strong></span> <span class='ocrx_word' id='word_1_608' title='bbox 2408 3907 2667 3979; x_wconf 88' lang='lat' dir='ltr'><strong><em>meipsum</em></strong></span> <span class='ocrx_word' id='word_1_609' title='bbox 2687 3907 3047 3977; x_wconf 85' lang='lat' dir='ltr'><strong><em>jurejurando</em></strong></span> <span class='ocrx_word' id='word_1_610' title='bbox 3073 3906 3163 3959; x_wconf 84' lang='lat' dir='ltr'><strong><em>tibi</em></strong></span> 
     </span>
    </p>
   </div>
   <div class='ocr_carea' id='block_1_97' title="bbox 2146 3998 3361 4072">
    <p class='ocr_par' dir='ltr' id='par_1_97' title="bbox 2146 3998 3361 4072">
     <span class='ocr_line' id='line_1_97' title="bbox 2146 3998 3361 4072; baseline -0.004 -16"><span class='ocrx_word' id='word_1_611' title='bbox 2146 4000 2424 4072; x_wconf 86' lang='lat' dir='ltr'><strong><em>Obstringo</em></strong></span> <span class='ocrx_word' id='word_1_612' title='bbox 2449 4008 2641 4067; x_wconf 91' lang='lat' dir='ltr'><strong><em>totum,</em></strong></span> <span class='ocrx_word' id='word_1_613' title='bbox 2670 3999 2745 4054; x_wconf 90' lang='lat' dir='ltr'><strong><em>nil</em></strong></span> <span class='ocrx_word' id='word_1_614' title='bbox 2787 4000 2925 4068; x_wconf 86' lang='lat' dir='ltr'><strong><em>quod</em></strong></span> <span class='ocrx_word' id='word_1_615' title='bbox 2956 4000 3236 4053; x_wconf 82' lang='lat' dir='ltr'><strong><em>adversum</em></strong></span> <span class='ocrx_word' id='word_1_616' title='bbox 3266 3998 3361 4052; x_wconf 88' lang='lat' dir='ltr'><strong><em>tibi</em></strong></span> 
     </span>
    </p>
   </div>
   <div class='ocr_carea' id='block_1_98' title="bbox 2147 4092 3511 4165">
    <p class='ocr_par' dir='ltr' id='par_1_98' title="bbox 2147 4092 3511 4165">
     <span class='ocr_line' id='line_1_98' title="bbox 2147 4092 3511 4165; baseline -0.001 -17"><span class='ocrx_word' id='word_1_617' title='bbox 2147 4095 2442 4165; x_wconf 81' lang='lat' dir='ltr'><strong><em>Quicquam</em></strong></span> <span class='ocrx_word' id='word_1_618' title='bbox 2473 4095 2540 4149; x_wconf 89' lang='lat' dir='ltr'><strong><em>sit</em></strong></span> <span class='ocrx_word' id='word_1_619' title='bbox 2581 4110 2815 4165; x_wconf 89' lang='lat' dir='ltr'><strong><em>unquam</em></strong></span> <span class='ocrx_word' id='word_1_620' title='bbox 2853 4092 3028 4163; x_wconf 80' lang='lat' dir='ltr'><strong><em>facere</em></strong></span> <span class='ocrx_word' id='word_1_621' title='bbox 3065 4094 3295 4148; x_wconf 89' lang='lat' dir='ltr'><strong><em>conabor</em></strong></span> <span class='ocrx_word' id='word_1_622' title='bbox 3324 4093 3511 4148; x_wconf 85' lang='lat' dir='ltr'><strong><em>sciens.</em></strong></span> 
     </span>
    </p>
   </div>
   <div class='ocr_carea' id='block_1_99' title="bbox 2146 4188 3405 4259">
    <p class='ocr_par' dir='ltr' id='par_1_99' title="bbox 2146 4188 3405 4259">
     <span class='ocr_line' id='line_1_99' title="bbox 2146 4188 3405 4259; baseline 0.001 -17"><span class='ocrx_word' id='word_1_623' title='bbox 2146 4188 2267 4242; x_wconf 85' lang='lat' dir='ltr'><strong><em>Non</em></strong></span> <span class='ocrx_word' id='word_1_624' title='bbox 2299 4189 2870 4259; x_wconf 79' lang='lat' dir='ltr'><strong><em>fcedus,inquam,non</em></strong></span> <span class='ocrx_word' id='word_1_625' title='bbox 2899 4205 3132 4243; x_wconf 91' lang='lat' dir='ltr'><strong><em>amorem</em></strong></span> <span class='ocrx_word' id='word_1_626' title='bbox 3165 4196 3405 4243; x_wconf 85' lang='lat' dir='ltr'><strong><em>mutuum</em></strong></span> 
     </span>
    </p>
   </div>
   <div class='ocr_carea' id='block_1_100' title="bbox 2148 4278 3162 4351">
    <p class='ocr_par' dir='ltr' id='par_1_100' title="bbox 2148 4278 3162 4351">
     <span class='ocr_line' id='line_1_100' title="bbox 2148 4278 3162 4351; baseline 0 -17"><span class='ocrx_word' id='word_1_627' title='bbox 2148 4278 2558 4345; x_wconf 86' lang='lat' dir='ltr'><strong><em>Contaminabo,</em></strong></span> <span class='ocrx_word' id='word_1_628' title='bbox 2590 4280 2747 4334; x_wconf 80' lang='lat' dir='ltr'><strong><em>verba</em></strong></span> <span class='ocrx_word' id='word_1_629' title='bbox 2773 4296 2869 4351; x_wconf 89' lang='lat' dir='ltr'><strong><em>per</em></strong></span> <span class='ocrx_word' id='word_1_630' title='bbox 2889 4279 3018 4349; x_wconf 89' lang='lat' dir='ltr'><strong><em>jura</em></strong></span> <span class='ocrx_word' id='word_1_631' title='bbox 3047 4288 3162 4344; x_wconf 89' lang='lat' dir='ltr'><strong><em>tua,</em></strong></span> 
     </span>
    </p>
   </div>
   <div class='ocr_carea' id='block_1_101' title="bbox 2150 4372 3395 4444">
    <p class='ocr_par' dir='ltr' id='par_1_101' title="bbox 2150 4372 3395 4444">
     <span class='ocr_line' id='line_1_101' title="bbox 2150 4372 3395 4444; baseline 0.001 -18"><span class='ocrx_word' id='word_1_632' title='bbox 2150 4372 2548 4443; x_wconf 85' lang='lat' dir='ltr'><strong><em>Tremeadaque</em></strong></span> <span class='ocrx_word' id='word_1_633' title='bbox 2574 4382 2620 4428; x_wconf 87' lang='lat' dir='ltr'><strong><em>et</em></strong></span> <span class='ocrx_word' id='word_1_634' title='bbox 2647 4375 2896 4437; x_wconf 85' lang='lat' dir='ltr'><strong><em>verenda,</em></strong></span> <span class='ocrx_word' id='word_1_635' title='bbox 2924 4389 3041 4444; x_wconf 79' lang='lat' dir='ltr'><strong><em>qute</em></strong></span> <span class='ocrx_word' id='word_1_636' title='bbox 3061 4388 3243 4427; x_wconf 88' lang='lat' dir='ltr'><strong><em>coram</em></strong></span> <span class='ocrx_word' id='word_1_637' title='bbox 3270 4373 3395 4427; x_wconf 78' lang='lat' dir='ltr'><strong><em>mihi</em></strong></span> 
     </span>
    </p>
   </div>
   <div class='ocr_carea' id='block_1_102' title="bbox 2148 4465 3383 4538">
    <p class='ocr_par' dir='ltr' id='par_1_102' title="bbox 2148 4465 3383 4538">
     <span class='ocr_line' id='line_1_102' title="bbox 2148 4465 3383 4538; baseline 0 -19"><span class='ocrx_word' id='word_1_638' title='bbox 2148 4466 2302 4520; x_wconf 88' lang='lat' dir='ltr'><strong><em>Nunc</em></strong></span> <span class='ocrx_word' id='word_1_639' title='bbox 2331 4482 2383 4520; x_wconf 90' lang='lat' dir='ltr'><strong><em>es</em></strong></span> <span class='ocrx_word' id='word_1_640' title='bbox 2412 4465 2612 4533; x_wconf 89' lang='lat' dir='ltr'><strong><em>locuta,</em></strong></span> <span class='ocrx_word' id='word_1_641' title='bbox 2645 4467 2736 4519; x_wconf 89' lang='lat' dir='ltr'><strong><em>sed</em></strong></span> <span class='ocrx_word' id='word_1_642' title='bbox 2763 4466 2988 4538; x_wconf 88' lang='lat' dir='ltr'><strong><em>agedum</em></strong></span> <span class='ocrx_word' id='word_1_643' title='bbox 3020 4483 3220 4520; x_wconf 90' lang='lat' dir='ltr'><strong><em>morem</em></strong></span> <span class='ocrx_word' id='word_1_644' title='bbox 3244 4482 3383 4537; x_wconf 89' lang='lat' dir='ltr'><strong><em>gere.</em></strong></span> 
     </span>
    </p>
   </div>
   <div class='ocr_carea' id='block_1_103' title="bbox 2076 4556 3100 4629">
    <p class='ocr_par' dir='ltr' id='par_1_103' title="bbox 2076 4556 3100 4629">
     <span class='ocr_line' id='line_1_103' title="bbox 2076 4556 3100 4629; baseline 0 -17"><span class='ocrx_word' id='word_1_645' title='bbox 2076 4566 2119 4621; x_wconf 80' lang='grc' dir='ltr'><strong><em>Ι)</em></strong></span> <span class='ocrx_word' id='word_1_646' title='bbox 2147 4557 2212 4612; x_wconf 72' lang='grc' dir='ltr'>Α.</span> <span class='ocrx_word' id='word_1_647' title='bbox 2243 4557 2371 4612; x_wconf 65' lang='lat' dir='ltr'><strong><em>Haec</em></strong></span> <span class='ocrx_word' id='word_1_648' title='bbox 2396 4556 2635 4628; x_wconf 78' lang='lat' dir='ltr'><strong><em>polliceri</em></strong></span> <span class='ocrx_word' id='word_1_649' title='bbox 2665 4560 2805 4613; x_wconf 91' lang='lat' dir='ltr'><strong><em>dona</em></strong></span> <span class='ocrx_word' id='word_1_650' title='bbox 2833 4558 3100 4629; x_wconf 87' lang='lat' dir='ltr'><strong><em>nuptialia</em></strong></span> 
     </span>
    </p>
   </div>
   <div class='ocr_carea' id='block_1_104' title="bbox 2154 4649 3422 4722">
    <p class='ocr_par' dir='ltr' id='par_1_104' title="bbox 2154 4649 3422 4722">
     <span class='ocr_line' id='line_1_104' title="bbox 2154 4649 3422 4722; baseline 0 -19"><span class='ocrx_word' id='word_1_651' title='bbox 2154 4649 2452 4715; x_wconf 86' lang='lat' dir='ltr'><strong><em>Poterisne,</em></strong></span> <span class='ocrx_word' id='word_1_652' title='bbox 2490 4651 2536 4705; x_wconf 89' lang='lat' dir='ltr'><strong><em>si</em></strong></span> <span class='ocrx_word' id='word_1_653' title='bbox 2570 4651 2662 4704; x_wconf 92' lang='lat' dir='ltr'><strong><em>tibi</em></strong></span> <span class='ocrx_word' id='word_1_654' title='bbox 2696 4651 2973 4722; x_wconf 80' lang='lat' dir='ltr'><strong><em>coniugem</em></strong></span> <span class='ocrx_word' id='word_1_655' title='bbox 3005 4668 3087 4705; x_wconf 90' lang='lat' dir='ltr'><strong><em>me</em></strong></span> <span class='ocrx_word' id='word_1_656' title='bbox 3110 4650 3374 4721; x_wconf 80' lang='lat' dir='ltr'><strong><em>prtebeam</em></strong></span> <span class='ocrx_word' id='word_1_657' title='bbox 3394 4649 3422 4703; x_wconf 76' lang='lat'><strong><em>2‘</em></strong></span> 
     </span>
    </p>
   </div>
   <div class='ocr_carea' id='block_1_105' title="bbox 2150 4742 3278 4813">
    <p class='ocr_par' dir='ltr' id='par_1_105' title="bbox 2150 4742 3278 4813">
     <span class='ocr_line' id='line_1_105' title="bbox 2150 4742 3278 4813; baseline 0.002 -16"><span class='ocrx_word' id='word_1_658' title='bbox 2150 4742 2218 4797; x_wconf 84' lang='grc' dir='ltr'><strong><em>Η.</em></strong></span> <span class='ocrx_word' id='word_1_659' title='bbox 2255 4744 2386 4810; x_wconf 71' lang='lat' dir='ltr'><strong><em>Quae</em></strong></span> <span class='ocrx_word' id='word_1_660' title='bbox 2416 4760 2537 4798; x_wconf 85' lang='lat' dir='ltr'><strong><em>vero</em></strong></span> <span class='ocrx_word' id='word_1_661' title='bbox 2562 4744 2703 4798; x_wconf 89' lang='lat' dir='ltr'><strong><em>dona</em></strong></span> <span class='ocrx_word' id='word_1_662' title='bbox 2733 4743 2971 4813; x_wconf 80' lang='lat' dir='ltr'><strong><em>postulas</em></strong></span> <span class='ocrx_word' id='word_1_663' title='bbox 3000 4746 3120 4798; x_wconf 90' lang='lat' dir='ltr'><strong><em>dari</em></strong></span> <span class='ocrx_word' id='word_1_664' title='bbox 3150 4744 3278 4799; x_wconf 85' lang='lat' dir='ltr'><strong><em>tibi?</em></strong></span> 
     </span>
    </p>
   </div>
   <div class='ocr_carea' id='block_1_106' title="bbox 2148 4831 3241 4889">
    <p class='ocr_par' dir='ltr' id='par_1_106' title="bbox 2148 4831 3241 4889">
     <span class='ocr_line' id='line_1_106' title="bbox 2148 4831 3241 4889; baseline 0.001 -1"><span class='ocrx_word' id='word_1_665' title='bbox 2148 4834 2215 4888; x_wconf 82' lang='grc' dir='ltr'>Α.</span> <span class='ocrx_word' id='word_1_666' title='bbox 2244 4831 2438 4887; x_wconf 88' lang='lat' dir='ltr'><strong><em>Erisne</em></strong></span> <span class='ocrx_word' id='word_1_667' title='bbox 2466 4833 2616 4889; x_wconf 64' lang='lat' dir='ltr'><strong><em>laetus</em></strong></span> <span class='ocrx_word' id='word_1_668' title='bbox 2643 4834 2864 4889; x_wconf 87' lang='lat' dir='ltr'><strong><em>alterius</em></strong></span> <span class='ocrx_word' id='word_1_669' title='bbox 2890 4851 3054 4889; x_wconf 87' lang='lat' dir='ltr'><strong><em>causa</em></strong></span> <span class='ocrx_word' id='word_1_670' title='bbox 3082 4835 3241 4889; x_wconf 83' lang='lat' dir='ltr'><strong><em>boni?</em></strong></span> 
     </span>
    </p>
   </div>
   <div class='ocr_carea' id='block_1_107' title="bbox 2154 4926 3384 4999">
    <p class='ocr_par' dir='ltr' id='par_1_107' title="bbox 2154 4926 3384 4999">
     <span class='ocr_line' id='line_1_107' title="bbox 2154 4926 3384 4999; baseline 0.002 -18"><span class='ocrx_word' id='word_1_671' title='bbox 2154 4927 2230 4982; x_wconf 87' lang='grc' dir='ltr'>Η.</span> <span class='ocrx_word' id='word_1_672' title='bbox 2266 4928 2394 4981; x_wconf 82' lang='lat' dir='ltr'><strong><em>Ero.</em></strong></span> <span class='ocrx_word' id='word_1_673' title='bbox 2423 4931 2491 4984; x_wconf 80' lang='grc' dir='ltr'>Α.</span> <span class='ocrx_word' id='word_1_674' title='bbox 2529 4927 2581 4981; x_wconf 85' lang='grc' dir='ltr'><em>Μ</em></span> <span class='ocrx_word' id='word_1_675' title='bbox 2590 4926 2797 4999; x_wconf 87' lang='lat' dir='ltr'><strong><em>alisque</em></strong></span> <span class='ocrx_word' id='word_1_676' title='bbox 2819 4929 3116 4984; x_wconf 87' lang='lat' dir='ltr'><strong><em>condolebis</em></strong></span> <span class='ocrx_word' id='word_1_677' title='bbox 3146 4929 3384 4983; x_wconf 72' lang='lat' dir='ltr'><strong><em>exteris?</em></strong></span> 
     </span>
    </p>
   </div>
   <div class='ocr_carea' id='block_1_108' title="bbox 2150 5019 3572 5095">
    <p class='ocr_par' dir='ltr' id='par_1_108' title="bbox 2150 5019 3572 5095">
     <span class='ocr_line' id='line_1_108' title="bbox 2150 5019 3572 5095; baseline 0.001 -22"><span class='ocrx_word' id='word_1_678' title='bbox 2150 5021 2222 5074; x_wconf 94' lang='grc' dir='ltr'><strong><em>Η.</em></strong></span> <span class='ocrx_word' id='word_1_679' title='bbox 2258 5020 2399 5074; x_wconf 86' lang='lat' dir='ltr'><strong><em>Fiet.</em></strong></span> <span class='ocrx_word' id='word_1_680' title='bbox 2434 5022 2501 5075; x_wconf 82' lang='lat' dir='ltr'><strong><em>A.</em></strong></span> <span class='ocrx_word' id='word_1_681' title='bbox 2529 5023 2886 5095; x_wconf 83' lang='lat' dir='ltr'><strong><em>Animumque</em></strong></span> <span class='ocrx_word' id='word_1_682' title='bbox 2914 5038 3020 5076; x_wconf 93' lang='lat' dir='ltr'><strong><em>non</em></strong></span> <span class='ocrx_word' id='word_1_683' title='bbox 3046 5022 3255 5076; x_wconf 87' lang='lat' dir='ltr'><strong><em>habebis</em></strong></span> <span class='ocrx_word' id='word_1_684' title='bbox 3286 5019 3572 5094; x_wconf 88' lang='lat' dir='ltr'><strong><em>duplicem,</em></strong></span> 
     </span>
    </p>
   </div>
   <div class='ocr_carea' id='block_1_109' title="bbox 2151 5113 3282 5184">
    <p class='ocr_par' dir='ltr' id='par_1_109' title="bbox 2151 5113 3282 5184">
     <span class='ocr_line' id='line_1_109' title="bbox 2151 5113 3282 5184; baseline -0.001 -15"><span class='ocrx_word' id='word_1_685' title='bbox 2151 5113 2256 5169; x_wconf 86' lang='lat' dir='ltr'><strong><em>Sed</em></strong></span> <span class='ocrx_word' id='word_1_686' title='bbox 2281 5121 2339 5168; x_wconf 88' lang='lat' dir='ltr'><strong><em>ut</em></strong></span> <span class='ocrx_word' id='word_1_687' title='bbox 2365 5113 2619 5184; x_wconf 87' lang='lat' dir='ltr'><strong><em>loqueris,</em></strong></span> <span class='ocrx_word' id='word_1_688' title='bbox 2644 5131 2708 5169; x_wconf 76' lang='lat' dir='ltr'><strong><em>ea:</em></strong></span> <span class='ocrx_word' id='word_1_689' title='bbox 2737 5116 2917 5169; x_wconf 89' lang='lat' dir='ltr'><strong><em>animo</em></strong></span> <span class='ocrx_word' id='word_1_690' title='bbox 2948 5117 3022 5170; x_wconf 88' lang='lat' dir='ltr'><strong><em>sic</em></strong></span> <span class='ocrx_word' id='word_1_691' title='bbox 3044 5116 3236 5168; x_wconf 86' lang='lat' dir='ltr'><strong><em>senties</em></strong></span> <span class='ocrx_word' id='word_1_692' title='bbox 3256 5114 3282 5168; x_wconf 68' lang='grc' dir='ltr'><strong><em>Ρ</em></strong></span> 
     </span>
    </p>
   </div>
   <div class='ocr_carea' id='block_1_110' title="bbox 2151 5207 3420 5279">
    <p class='ocr_par' dir='ltr' id='par_1_110' title="bbox 2151 5207 3420 5279">
     <span class='ocr_line' id='line_1_110' title="bbox 2151 5207 3420 5279; baseline -0.001 -17"><span class='ocrx_word' id='word_1_693' title='bbox 2151 5208 2221 5262; x_wconf 91' lang='grc' dir='ltr'><strong><em>Η.</em></strong></span> <span class='ocrx_word' id='word_1_694' title='bbox 2256 5207 2325 5261; x_wconf 87' lang='lat' dir='ltr'><strong><em>Et</em></strong></span> <span class='ocrx_word' id='word_1_695' title='bbox 2364 5210 2596 5263; x_wconf 75' lang='lat' dir='ltr'><strong><em>maxime</em></strong></span> <span class='ocrx_word' id='word_1_696' title='bbox 2626 5209 2836 5279; x_wconf 85' lang='lat' dir='ltr'><strong><em>quidem</em></strong></span> <span class='ocrx_word' id='word_1_697' title='bbox 2861 5226 2879 5263; x_wconf 92' lang='lat'><strong><em>:</em></strong></span> <span class='ocrx_word' id='word_1_698' title='bbox 2908 5209 2999 5264; x_wconf 87' lang='lat' dir='ltr'><strong><em>sed</em></strong></span> <span class='ocrx_word' id='word_1_699' title='bbox 3032 5209 3140 5263; x_wconf 88' lang='lat' dir='ltr'><strong><em>alia</em></strong></span> <span class='ocrx_word' id='word_1_700' title='bbox 3174 5208 3420 5279; x_wconf 66' lang='lat' dir='ltr'><strong><em>quaerito.</em></strong></span> 
     </span>
    </p>
   </div>
   <div class='ocr_carea' id='block_1_111' title="bbox 2150 5301 3325 5374">
    <p class='ocr_par' dir='ltr' id='par_1_111' title="bbox 2150 5301 3325 5374">
     <span class='ocr_line' id='line_1_111' title="bbox 2150 5301 3325 5374; baseline -0.001 -18"><span class='ocrx_word' id='word_1_701' title='bbox 2150 5302 2216 5357; x_wconf 81' lang='grc' dir='ltr'>Α.</span> <span class='ocrx_word' id='word_1_702' title='bbox 2243 5301 2483 5356; x_wconf 82' lang='lat' dir='ltr'><strong><em>Rebusne</em></strong></span> <span class='ocrx_word' id='word_1_703' title='bbox 2514 5303 2670 5356; x_wconf 89' lang='lat' dir='ltr'><strong><em>amici</em></strong></span> <span class='ocrx_word' id='word_1_704' title='bbox 2694 5303 3019 5373; x_wconf 88' lang='lat' dir='ltr'><strong><em>posthabebis</em></strong></span> <span class='ocrx_word' id='word_1_705' title='bbox 3036 5304 3280 5374; x_wconf 85' lang='lat' dir='ltr'><strong><em>proprias</em></strong></span> <span class='ocrx_word' id='word_1_706' title='bbox 3299 5302 3325 5355; x_wconf 77' lang='lat'><strong><em>7</em></strong></span> 
     </span>
    </p>
   </div>
   <div class='ocr_carea' id='block_1_112' title="bbox 2154 5392 3603 5467">
    <p class='ocr_par' dir='ltr' id='par_1_112' title="bbox 2154 5392 3603 5467">
     <span class='ocr_line' id='line_1_112' title="bbox 2154 5392 3603 5467; baseline -0.003 -17"><span class='ocrx_word' id='word_1_707' title='bbox 2154 5396 2222 5451; x_wconf 87' lang='grc' dir='ltr'><strong><em>Η.</em></strong></span> <span class='ocrx_word' id='word_1_708' title='bbox 2255 5395 2418 5451; x_wconf 89' lang='lat' dir='ltr'><strong><em>Sane.</em></strong></span> <span class='ocrx_word' id='word_1_709' title='bbox 2449 5396 2515 5449; x_wconf 86' lang='grc' dir='ltr'>Α.</span> <span class='ocrx_word' id='word_1_710' title='bbox 2546 5394 2653 5449; x_wconf 87' lang='lat' dir='ltr'><strong><em>Pro</em></strong></span> <span class='ocrx_word' id='word_1_711' title='bbox 2688 5397 2872 5450; x_wconf 86' lang='lat' dir='ltr'><strong><em>amicis</em></strong></span> <span class='ocrx_word' id='word_1_712' title='bbox 2896 5396 3175 5450; x_wconf 86' lang='lat' dir='ltr'><strong><em>sustinebis</em></strong></span> <span class='ocrx_word' id='word_1_713' title='bbox 3200 5411 3406 5467; x_wconf 86' lang='lat' dir='ltr'><strong><em>quoque</em></strong></span> <span class='ocrx_word' id='word_1_714' title='bbox 3429 5392 3603 5448; x_wconf 77' lang='lat' dir='ltr'><strong><em>mori?</em></strong></span> 
     </span>
    </p>
   </div>
   <div class='ocr_carea' id='block_1_113' title="bbox 2156 5487 3391 5548">
    <p class='ocr_par' dir='ltr' id='par_1_113' title="bbox 2156 5487 3391 5548">
     <span class='ocr_line' id='line_1_113' title="bbox 2156 5487 3391 5548; baseline -0.002 -5"><span class='ocrx_word' id='word_1_715' title='bbox 2156 5488 2231 5543; x_wconf 85' lang='grc' dir='ltr'><strong><em>Η.</em></strong></span> <span class='ocrx_word' id='word_1_716' title='bbox 2258 5487 2503 5543; x_wconf 88' lang='lat' dir='ltr'><strong><em>Faciam.</em></strong></span> <span class='ocrx_word' id='word_1_717' title='bbox 2531 5488 2597 5548; x_wconf 83' lang='grc' dir='ltr'>Α,</span> <span class='ocrx_word' id='word_1_718' title='bbox 2630 5487 2745 5542; x_wconf 84' lang='lat' dir='ltr'><strong><em>Nec</em></strong></span> <span class='ocrx_word' id='word_1_719' title='bbox 2766 5488 3018 5544; x_wconf 85' lang='lat' dir='ltr'><strong><em>invidebis</em></strong></span> <span class='ocrx_word' id='word_1_720' title='bbox 3047 5488 3223 5543; x_wconf 86' lang='lat' dir='ltr'><strong><em>invido</em></strong></span> <span class='ocrx_word' id='word_1_721' title='bbox 3254 5488 3391 5541; x_wconf 78' lang='lat' dir='ltr'><strong><em>tibi?</em></strong></span> 
     </span>
    </p>
   </div>
   <div class='ocr_carea' id='block_1_114' title="bbox 2152 5582 3600 5657">
    <p class='ocr_par' dir='ltr' id='par_1_114' title="bbox 2152 5582 3600 5657">
     <span class='ocr_line' id='line_1_114' title="bbox 2152 5582 3600 5657; baseline -0.002 -16"><span class='ocrx_word' id='word_1_722' title='bbox 2152 5586 2219 5641; x_wconf 84' lang='lat' dir='ltr'><strong><em>ll.</em></strong></span> <span class='ocrx_word' id='word_1_723' title='bbox 2244 5585 2384 5640; x_wconf 90' lang='lat' dir='ltr'><strong><em>Non.</em></strong></span> <span class='ocrx_word' id='word_1_724' title='bbox 2416 5586 2479 5638; x_wconf 79' lang='grc' dir='ltr'>Α.</span> <span class='ocrx_word' id='word_1_725' title='bbox 2516 5585 2846 5639; x_wconf 85' lang='lat' dir='ltr'><strong><em>Invidentem</em></strong></span> <span class='ocrx_word' id='word_1_726' title='bbox 2875 5583 3203 5657; x_wconf 84' lang='lat' dir='ltr'><strong><em>diligesque?</em></strong></span> <span class='ocrx_word' id='word_1_727' title='bbox 3240 5583 3309 5638; x_wconf 82' lang='lat' dir='ltr'><strong><em>Il.</em></strong></span> <span class='ocrx_word' id='word_1_728' title='bbox 3342 5582 3600 5654; x_wconf 86' lang='lat' dir='ltr'><strong><em>Diligam.</em></strong></span> 
     </span>
    </p>
   </div>
   <div class='ocr_carea' id='block_1_115' title="bbox 2151 5674 3600 5747">
    <p class='ocr_par' dir='ltr' id='par_1_115' title="bbox 2151 5674 3600 5747">
     <span class='ocr_line' id='line_1_115' title="bbox 2151 5674 3600 5747; baseline -0.003 -13"><span class='ocrx_word' id='word_1_729' title='bbox 2151 5679 2217 5734; x_wconf 83' lang='lat' dir='ltr'><strong><em>A.</em></strong></span> <span class='ocrx_word' id='word_1_730' title='bbox 2244 5677 2324 5730; x_wconf 85' lang='lat' dir='ltr'><strong><em>Ah</em></strong></span> <span class='ocrx_word' id='word_1_731' title='bbox 2348 5686 2541 5742; x_wconf 79' lang='lat' dir='ltr'><strong><em>metuo,</em></strong></span> <span class='ocrx_word' id='word_1_732' title='bbox 2566 5693 2631 5730; x_wconf 90' lang='lat' dir='ltr'><strong><em>ne</em></strong></span> <span class='ocrx_word' id='word_1_733' title='bbox 2655 5677 2838 5745; x_wconf 89' lang='lat' dir='ltr'><strong><em>lingua</em></strong></span> <span class='ocrx_word' id='word_1_734' title='bbox 2865 5678 2937 5731; x_wconf 91' lang='lat' dir='ltr'><strong><em>sis</em></strong></span> <span class='ocrx_word' id='word_1_735' title='bbox 2962 5677 3088 5731; x_wconf 82' lang='lat' dir='ltr'><strong><em>mihi</em></strong></span> <span class='ocrx_word' id='word_1_736' title='bbox 3116 5684 3389 5747; x_wconf 70' lang='lat' dir='ltr'><strong><em>proruptus</em></strong></span> <span class='ocrx_word' id='word_1_737' title='bbox 3418 5674 3600 5741; x_wconf 87' lang='lat' dir='ltr'><strong><em>nimis,</em></strong></span> 
     </span>
    </p>
   </div>
   <div class='ocr_carea' id='block_1_116' title="bbox 2154 5767 3509 5843">
    <p class='ocr_par' dir='ltr' id='par_1_116' title="bbox 2154 5767 3509 5843">
     <span class='ocr_line' id='line_1_116' title="bbox 2154 5767 3509 5843; baseline -0.001 -16"><span class='ocrx_word' id='word_1_738' title='bbox 2154 5772 2461 5843; x_wconf 86' lang='lat' dir='ltr'><strong><em>Tardusque</em></strong></span> <span class='ocrx_word' id='word_1_739' title='bbox 2497 5770 2671 5842; x_wconf 76' lang='lat' dir='ltr'><strong><em>factis.</em></strong></span> <span class='ocrx_word' id='word_1_740' title='bbox 2699 5770 2768 5826; x_wconf 87' lang='grc' dir='ltr'><strong><em>Η.</em></strong></span> <span class='ocrx_word' id='word_1_741' title='bbox 2797 5771 2931 5827; x_wconf 72' lang='lat' dir='ltr'><strong><em>Iuro</em></strong></span> <span class='ocrx_word' id='word_1_742' title='bbox 2984 5772 3078 5826; x_wconf 88' lang='lat' dir='ltr'><strong><em>tibi</em></strong></span> <span class='ocrx_word' id='word_1_743' title='bbox 3106 5773 3460 5826; x_wconf 88' lang='lat' dir='ltr'><strong><em>sanctissime.</em></strong></span> <span class='ocrx_word' id='word_1_744' title='bbox 3499 5767 3509 5775; x_wconf 76' lang='grc'><em>”</em></span> 
     </span>
    </p>
   </div>
   <div class='ocr_carea' id='block_1_117' title="bbox 2154 5864 3427 5939">
    <p class='ocr_par' dir='ltr' id='par_1_117' title="bbox 2154 5864 3427 5939">
     <span class='ocr_line' id='line_1_117' title="bbox 2154 5864 3427 5939; baseline 0 -19"><span class='ocrx_word' id='word_1_745' title='bbox 2154 5864 2220 5921; x_wconf 83' lang='grc' dir='ltr'>Α.</span> <span class='ocrx_word' id='word_1_746' title='bbox 2250 5864 2321 5919; x_wconf 89' lang='lat' dir='ltr'><strong><em>Tu</em></strong></span> <span class='ocrx_word' id='word_1_747' title='bbox 2354 5864 2561 5931; x_wconf 81' lang='lat' dir='ltr'><strong><em>videris,</em></strong></span> <span class='ocrx_word' id='word_1_748' title='bbox 2586 5881 2839 5931; x_wconf 84' lang='lat' dir='ltr'><strong><em>persuasa</em></strong></span> <span class='ocrx_word' id='word_1_749' title='bbox 2866 5867 3119 5937; x_wconf 83' lang='lat' dir='ltr'><strong><em>quoniam</em></strong></span> <span class='ocrx_word' id='word_1_750' title='bbox 3144 5874 3190 5920; x_wconf 84' lang='lat' dir='ltr'><strong><em>te</em></strong></span> <span class='ocrx_word' id='word_1_751' title='bbox 3216 5880 3427 5939; x_wconf 77' lang='lat' dir='ltr'><strong><em>sequor.</em></strong></span> 
     </span>
    </p>
   </div>
  </div>
