4078 6426
398 390 537 454 1:335

392 500 506 560 Kal
539 498 775 557 συνελὼν
808 501 892 567 τίς
921 503 1020 576 τὴν
1050 503 1175 559 καθ’
1209 506 1351 576 ἡμᾶς
1381 503 1571 559 οὐσίαν

389 594 581 660 Σοφῶς
606 595 847 667 κυϐερνᾷ
876 595 974 665 τὴν
1010 595 1548 668 πολυτροπωτάτην;

389 691 511 745 Κᾶν
536 688 633 752 τὴν
664 689 1015 759 Ἐπικούριον
1041 690 1368 760 ἀδολεσχίαν

390 783 600 856 Λέληθε
621 783 816 846 ταῦτα,
853 782 1058 855 καίπερ
1078 784 1140 838 οὐ
1170 783 1357 839 λαθεῖν
1384 783 1527 838 δέον.

389 879 454 930 Ei
490 878 603 948 γὰρ
635 877 761 947 μίαν
784 875 949 939 ῐππος
973 872 1057 940 εἷς
1084 875 1292 948 φθορὰν
1324 876 1488 930 πάθοι

389 964 578 1040 Χωρὶς
609 969 846 1040 χαλινῶν
867 969 960 1023 καὶ
988 969 1324 1040 κυϐερνήτου
1348 970 1492 1040 δίχα,

391 1063 501 1114 Καὶ
540 1063 638 1133 τὴν
665 1064 765 1133 μὲν
796 1061 1101 1129 εἰσδέξαιτσ
1125 1063 1343 1124 πόντιος
1374 1062 1617 1133 δράκων,

390 1152 494 1208 Ὶ¹δν
526 1155 583 1209 δὲ
615 1153 889 1226 σφαλέντα
915 1154 1020 1227 θὴρ
1061 1155 1392 1227 χαραδραῖος
1430 1156 1623 1226 φάγοι*

389 1248 515 1312 Πῶς
548 1247 616 1302 ἃν
641 1248 1015 1319 ἀκυϐέρνητον
1042 1250 1189 1302 είποι
1213 1250 1291 1320 μὴ
1327 1248 1510 1318 μένειν

389 1331 463 1392 Τὸ
494 1340 762 1410 κοσμικὺν
792 1341 1071 1412 πλήρωμα
1099 1339 1196 1410 τὴν
1228 1341 1407 1394 πᾶσαν
1437 1338 1648 1403 κτίσιν;

386 1429 504 1485 Οὐκ
524 1431 704 1500 ἀγνοῶ
726 1429 842 1500 οὖν,
874 1432 948 1496 ὡς
985 1433 1296 1502 προείρηκα
1327 1431 1557 1501 φθάσας,

399 1522 492 1584 Ὡς
519 1523 812 1593 χριμάτων
843 1522 1079 1583 ἄϐυσσος
1109 1527 1170 1575 ὲν
1201 1522 1307 1588 σοὶ,
1340 1521 1546 1590 Χριστέ
1576 1535 1681 1590 μου
1702 1536 1716 1549 ·

389 1613 536 1686 Πλὴν
562 1616 641 1679 εἰς
666 1615 726 1668 τὸ
756 1602 921 1686 βάθός
946 1615 1004 1669 οὐ
1031 1614 1330 1686 δυνάμενος
1357 1614 1580 1687 βλέπειν

390 1708 502 1762 Kal
530 1709 655 1773 τοὺς
682 1710 916 1764 ἑκάστου
942 1711 1187 1765 συννοεῖν
1212 1708 1495 1781 κρυπτοὺς
1517 1708 1755 1780 τρόπους

389 1801 536 1874 Πρὸς
559 1804 685 1867 τοὺς
714 1802 993 1865 κυλίνδους
1011 1805 1252 1875 ἄχθομαι
1278 1803 1386 1856 τῶν
1420 1803 1788 1873 πραγμάτων,

390 1895 500 1948 Kal
521 1895 860 1967 δυσχεραίνω
888 1895 988 1959 τὰς
1009 1895 1267 1965 νεμήσεις
1298 1892 1405 1948 τῶν
1437 1893 1591 1965 βίων.

392 1976 465 2039 Ἣ
498 1985 615 2050 πῶς
647 1989 676 2040 ό
705 1988 930 2052 τέκτων,
963 1988 990 2039 ό
1011 1987 1273 2056 κναφεὺς,
1297 1988 1325 2039 ό
1353 1968 1608 2055 λατόμος,

403 2078 460 2133 Ὀ
483 2078 840 2151 βυρσοδέψης,
868 2080 896 2133 ό
922 2079 1176 2144 σκυτεὺς,
1207 2079 1235 2131 ὁ
1257 2094 1329 2150 γη
1342 2077 1521 2141 πόνος,

398 2169 458 2224 Ὅ
482 2170 667 2233 λοιπὸς
687 2170 843 2243 ὄχλος
863 2169 963 2240 τῆς
998 2166 1319 2241 βαναυσίδος
1351 2171 1543 2240 τύχης,

389 2256 578 2329 Σοςῶν
612 2260 714 2330 μὶν
739 2260 972 2330 ἀνδρῶν,
994 2260 1107 2313 τῶν
1131 2258 1308 2329 γενῶν
1337 2258 1394 2311 δὲ
1432 2257 1682 2328 κοσμίων

399 2352 490 2416 Ὠς
527 2352 794 2425 δεσπότης
824 2354 1043 2423 ἄρξειεν
1075 2350 1401 2418 οίκετιδίων,

387 2444 501 2499 Kal
532 2445 624 2500 νῦν
651 2446 751 2516 μὲν
782 2445 1089 2517 ἐντρίψιιεν
1108 2446 1297 2506 αὐτοῖς
1321 2442 1635 2506 κονδύλους,

386 2535 502 2588 Νῦν
531 2535 576 2589 δ’
601 2535 662 2600 ἐξ
689 2535 905 2608 ἀμάξης
935 2536 1137 2608 ὑϐριοῐ,
1172 2536 1235 2589 τὸ
1265 2534 1359 2589 τοῦ
1391 2534 1590 2602 λόγου;

387 2624 501 2683 Kal
532 2627 617 2692 τίς
647 2629 747 2698 μὲν
766 2628 1040 2697 ὀψόπωλιν
1069 2628 1255 2699 αὐχῶν
1284 2626 1523 2698 μητέρα,

393 2721 465 2773 Ἢ
500 2719 632 2790 γοῦν
653 2720 1017 2790 όπωρόπωλιν
1045 2719 1080 2791 ἢ
1117 2717 1417 2789 καπηλίδα,

390 2815 503 2869 Kal
539 2814 746 2885 πατρὸς
776 2815 891 2879 υίὸς
923 2815 1211 2885 τυγχάνων
1232 2810 1549 2882 ἀνωνύμουιί

388 2909 567 2981 Ίύχὸν
594 2909 766 2975 ξύλων
790 2909 1053 2983 ἄρχοντος
1079 2908 1113 2979 ἢ
1148 2906 1322 2979 ξύλων
1351 2905 1585 2976 πράτου,

391 3006 460 3058 Ἢ
486 3004 594 3058 τῶν
622 3004 723 3058 ὅσα
748 3003 937 3074 πρίαιο
959 3005 1052 3057 καὶ
1088 3020 1116 3056 τ
1125 3001 1385 3073 ριωϐόλου

401 3098 688 3167 Ἀγροίκοις
721 3095 867 3169 ἀνὴρ
896 3096 993 3151 καὶ
1021 3096 1299 3166 προσῆκον
1334 3089 1576 3163 βλαυτίῳ

390 3273 613 3330 Summa
633 3313 648 3339 ,
679 3276 797 3348 quis
835 3291 1043 3331 omnem
1070 3275 1257 3347 dirigit
1290 3273 1638 3329 substantiam

389 3368 642 3441 Propter,
682 3387 872 3441 supra,
901 3370 1047 3440 infra
1071 3386 1165 3424 nos
1196 3367 1465 3425 volantem
1488 3361 1807 3421 mirimode?

388 3458 655 3530 Epicurus
681 3463 793 3515 haec
822 3462 868 3516 si
898 3469 1232 3532 pra'stupore
1256 3476 1361 3514 non
1391 3457 1550 3522 videt,

390 3550 552 3606 Nobis
580 3552 810 3607 videnda
839 3559 963 3607 sunt
998 3562 1174 3607 tamen
1186 3550 1516 3606 clarissime.

390 3642 592 3714 Nempe
630 3660 738 3697 una
771 3646 941 3710 navis,
974 3658 1110 3697 unus
1142 3652 1198 3697 at
1231 3650 1409 3713 pereat
1435 3639 1577 3694 male

394 3743 600 3815 Equus,
619 3746 730 3798 htec
756 3746 1012 3815 magistro
1025 3743 1191 3810 nuda,
1225 3742 1385 3813 frenis
1417 3743 1499 3796 hic
1511 3757 1718 3806 carens,

393 3834 551 3888 Hanc
578 3833 765 3905 glutiet
804 3837 1043 3889 marinus
1068 3835 1124 3889 in
1147 3834 1459 3889 barathrum
1494 3833 1677 3897 draco,

397 3926 550 3980 Hunc
577 3935 735 3981 nacta
759 3925 901 3981 silvis
936 3926 1139 3981 lacerat
1177 3942 1420 3981 erronem
1447 3926 1585 3996 fera.

395 4018 633 4073 Rectoris
662 4034 847 4089 expers
876 4018 1136 4089 quomodo
1159 4012 1352 4090 ingens'
1377 4020 1623 4075 machina

394 4111 543 4167 Potis
568 4114 797 4167 universi
833 4121 979 4168 stare
1006 4121 1215 4168 naturae
1239 4113 1466 4167 ordine?

397 4203 522 4259 Non
544 4206 716 4260 nescio
743 4221 865 4276 ergo
893 4215 948 4259 ut
979 4216 1102 4260 ante
1130 4206 1348 4269 dictum,
1377 4204 1582 4260 Christe
1608 4206 1705 4283 mi,

397 4299 550 4365 Quod
583 4317 732 4373 gaza:
764 4301 982 4372 abyssus
1013 4308 1062 4353 te
1085 4315 1239 4371 penes
1260 4302 1329 4354 sit
1357 4298 1547 4354 calice
1574 4314 1594 4364 ,'

393 4400 558 4469 Atqui
587 4396 852 4467 profunda
888 4404 1059 4449 mente
1096 4412 1214 4450 cum
1258 4411 1515 4466 nequeam
1550 4393 1696 4465 sequi

392 4488 840 4559 Absconditosque
862 4504 1012 4542 nosse
1035 4504 1211 4542 rerum
1248 4488 1517 4554 cardines,

395 4579 625 4635 Molesta
653 4596 735 4634 me
758 4580 965 4635 divemat
989 4580 1288 4650 indignatio

394 4673 579 4727 Divisa
612 4673 730 4727 vita
756 4679 1090 4726 contuentem
1117 4674 1323 4733 munia.

396 4763 536 4818 Nam
567 4779 668 4835 quo
703 4762 850 4833 faber
880 4762 1130 4833 lapicida,
1162 4772 1312 4817 sutor
1341 4762 1569 4816 rusticus

319 4891 327 4903 ς
401 4855 667 4926 Fulloque
700 4854 959 4926 pellioque
986 4854 1111 4925 face
1133 4870 1251 4908 cum
1281 4852 1426 4924 popli

404 4948 474 5002 Et
501 4949 840 5005 sordidarum
867 4949 1275 5020 disciplinarum
1306 4947 1528 5003 adseclis

409 5039 747 5112 Sapientibus
781 5043 1128 5097 dominantur
1158 5050 1317 5111 atque
1348 5039 1676 5107 illustribus,
1734 5087 1743 5097 .

411 5132 629 5196 Emptos
658 5142 713 5186 ut
737 5134 875 5187 inter
906 5134 1136 5200 imperat
1166 5148 1342 5186 seruos
1371 5132 1527 5186 herus

402 5222 669 5297 Iniurioso
699 5224 1010 5294 vapulantes
1040 5224 1259 5296 condglo

407 5314 909 5387 Plaustralibusque
934 5316 1148 5386 impune
1178 5316 1330 5371 dictis
1361 5316 1633 5387 perditos?

410 5408 905 5480 Circumforaneam
930 5409 1014 5462 hic
1039 5410 1257 5481 adeptus
1286 5411 1567 5482 conjugem

405 5502 694 5575 Capamve,
748 5503 918 5571 patris
952 5505 1062 5573 ipse
1086 5504 1255 5574 plebei
1274 5519 1458 5574 genus,

412 5594 507 5651 Vel
539 5596 795 5651 institoris
832 5598 1018 5652 mercis
1038 5597 1181 5651 haud
1216 5594 1428 5650 trioboli

405 5687 517 5742 Rus
546 5689 657 5757 ipse
685 5688 937 5754 crudum,
965 5687 1102 5756 lixa,
1134 5688 1434 5743 calcearius

409 5775 708 5832 Faedissimi
741 5779 951 5847 fossoris
984 5796 1040 5834 os
1066 5780 1463 5850 spurcissimum

410 5864 619 5941 Expers
655 5870 881 5942 honesti,
913 5871 1086 5929 laudis
1118 5866 1485 5945 ignarissimus

1592 392 1990 458 THEODORI
2032 396 2441 460 PRUDROMI

2005 513 2050 565 Α
2083 510 2417 574 Σκαπανέως
2449 511 2744 580 πρόσωπον
2772 512 3057 581 αἴσχιστον
3085 513 3290 582 φέρων,

2081 604 2293 674 Ἀῖδρις
2330 604 2410 667 είς
2445 604 2552 657 πᾶν
2573 602 2683 657 τῶν
2721 602 2907 658 καλῶν
2936 604 3030 658 καὶ
3052 604 3279 672 τιμίων,

2076 697 2186 750 Kal
2213 696 2339 766 μηδ’
2364 698 2513 760 ὅπως
2545 697 2807 767 κνήσαιτο
2828 695 3126 765 γινώσκειν
3152 694 3318 766 ἔχων,

2074 789 2228 843 Πιεῖν
2259 788 2530 859 διδαχθεὶς
2551 789 2646 842 καὶ
2683 787 3022 858 μεθυσθῆναι
3060 787 3226 857 μόνον

2077 880 2149 935 Ἦ
2179 883 2272 936 καὶ
2294 883 2570 951 φαγέσθαι
2595 882 2706 936 τῶν
2736 882 3072 935 Σελευκίδων
3099 880 3284 946 πλέον,

2087 975 2178 1027 Ἑν
2206 976 2284 1044 τῷ
2310 974 2491 1028 λαλεῖν
2515 974 2572 1028 δὲ
2603 974 2795 1027 σιέλων
2835 974 2976 1043 χέων
2998 972 3218 1038 πίθους,

2087 1066 2331 1126 Ἐκεῖνος
2356 1063 2515 1130 οὗτος
2532 1066 2766 1138 εὐπορεῖ
2801 1064 2901 1135 μὶν
2934 1064 3210 1135 ἀργύρου,

2077 1158 2249 1219 Ὀλας
2276 1159 2333 1213 δὲ
2364 1158 2619 1223 πλίνθους
2645 1156 2924 1213 ἐνδέδυται
2948 1157 3198 1229 χρυσίου,

2074 1252 2266 1317 Κτίζει
2294 1253 2351 1306 δὲ
2376 1252 2637 1322 λαμπρὰς
2664 1251 2845 1315 οἰκίας
2876 1251 3302 1321 χρυσοστέγους,

2076 1343 2294 1399 Ἵππων
2318 1344 2376 1398 δὲ
2401 1345 2627 1417 γαυρῶν
2650 1344 2850 1414 ἀγέλας
2870 1345 2996 1406 ὅλας
3024 1342 3218 1414 τρέφει
3332 1392 3335 1397 η

2087 1434 2183 1492 Ἐκ
2205 1435 2479 1507 Θετταλῆς
2499 1437 2606 1507 γῆς
2637 1437 2732 1491 xal
2759 1432 2940 1489 πέδων
2980 1433 3305 1507 Ἀρραϐίας,

2072 1532 2307 1602 Χρυσοίς
2333 1529 2388 1584 δὲ
2408 1527 2634 1593 τούτους
2665 1525 2965 1591 ὲνστολίζει
3000 1524 3293 1597 φαλάροις,

2073 1621 2411 1693 Προέρχεται
2446 1621 2503 1676 δὲ
2527 1621 2630 1691 τῆς
2658 1619 2942 1692 λεωφόρου
2978 1618 3146 1688 μέσον

2081 1710 2222 1769 Ὕτώ
2254 1714 2608 1787 προπομποϊς
2640 1712 2891 1787 ἀρχικῶς
2919 1708 3281 1781 ἔσταλμένος,

2075 1809 2184 1864 Kal
2222 1810 2634 1877 προσκυνεῖται,
2663 1805 2759 1861 καὶ
2788 1803 2927 1858 Θεοῦ
2969 1802 3137 1874 τιμὴν
3171 1802 3305 1872 ἔχει.
3422 1804 3435 1815 ”

2082 1898 2278 1961 Ἀλλος
2312 1899 2367 1953 δὲ
2402 1898 2626 1970 σεμνὸς,
2658 1896 2889 1968 εὐγενὴς
2921 1897 3031 1949 τῶν
3054 1895 3113 1962 ὲξ
3143 1895 3244 1959 ἕω,

2077 1990 2261 2055 Καλὸς
2291 1991 2390 2061 μὲν
2421 1987 2580 2057 εἶδος,
2608 1989 2845 2044 καλλίων
2879 1988 2936 2041 δὲ
2955 1986 3045 2040 τὸν
3082 1985 3220 2056 βίον,

2077 2086 2268 2154 Λόγων
2304 2083 2551 2156 μαθητὴς
2587 2085 2680 2138 καὶ¹
2711 2080 3033 2143 διδάσκαλος
3065 2079 3240 2148 λόγων

2076 2178 2432 2248 Πανημέριος
2452 2174 2797 2248 ἐνσχολάζων
2825 2177 2949 2238 ταῖς
2977 2173 3207 2244 βίϐλοις,

2079 2272 2368 2328 Παίδευσιν
2397 2269 2586 2325 ἀσκῶν
2609 2269 2703 2324 καὶ
2727 2268 2956 2340 τρυφῶν
2991 2267 3052 2321 τὸ
3090 2264 3413 2338 μανθάνειν,

2089 2364 2361 2428 Ἀνέστιος
2387 2360 2874 2434 πρόεισιν,άθλιος,
2903 2359 3096 2429 πένης,

2075 2457 2225 2528 Μηδὲ
2253 2456 2491 2526 τρύφους
2520 2454 2653 2524 γοῦν
2685 2452 2936 2524 εὐπορῶν
2962 2448 3248 2519 πιτυρίουσ

2078 2550 2193 2619 Τῆς
2227 2548 2427 2620 ἀρετῆς
2464 2547 2521 2602 δὲ
2554 2546 2708 2616 φίλος
2729 2544 2805 2600 ὢν
2825 2545 3054 2599 καὶτῶν
3090 2541 3272 2610 λόγων

2078 2643 2216 2699 Οὐδὲ
2249 2641 2516 2714 βραχείας
2545 2641 2768 2710 εὐτυχεῖ
2790 2639 2961 2708 τιμῆς
2995 2638 3163 2707 μέρος
3183 2650 3200 2665 ’

2076 2736 2397 2802 Τωθάζεται
2427 2736 2485 2789 δὲ
2507 2736 2603 2789 καὶ⁵
2628 2732 2890 2787 διώκεται
2913 2729 3099 2796 πλέον,

2077 2832 2143 2887 Τί
2173 2832 2248 2904 μὴ
2277 2832 2339 2884 τὸ
2374 2829 2598 2891 πάντων
2624 2824 3002 2894 δυσθεώτερον
3031 2820 3213 2890 λέγως

2078 2923 2153 2977 Οὐ
2193 2922 2305 2993 γὰρ
2336 2918 2598 2989 ἀποχρῶν
2628 2919 2742 2980 τοῖς
2760 2916 2963 2977 κοινοῖς
2985 2912 3238 2967 πλουτεῖν
3288 2907 3454 2981 μόνον

2090 3017 2181 3069 Ἐν
2212 3015 2380 3069 πᾶσιν
2404 3011 2586 3074 ἄλλοις
2606 3012 2720 3073 τοῖς
2748 3008 2967 3063 δοκοῦσι
2987 3004 3220 3072 τιμίοις,

2089 3106 2252 3161 Ἀλλά
2287 3099 2713 3176 προαρπάξουσι
2749 3099 2842 3154 καὶ
2867 3097 2934 3152 τὰ
2966 3094 3174 3168 βιϐλία,

2001 3219 2045 3277 C

2076 3290 2186 3347 Nec
2215 3289 2427 3344 scabere
2455 3287 2555 3340 rite
2578 3283 2798 3346 doctus;
2830 3281 2924 3335 hoc
2950 3273 3145 3337 solum,
3169 3281 3386 3343 gravem

2079 3379 2259 3436 Poetis
2290 3380 2541 3449 saginam
2570 3372 2821 3428 belluinis
2855 3368 3067 3423 tendere

2080 3475 2151 3531 Et
2180 3472 2409 3528 helluari
2435 3469 2555 3542 plus
2580 3465 2909 3523 Seleucidum
2943 3461 3092 3533 gula,

2089 3566 2270 3622 Verbis
2294 3564 2480 3619 saliva:
2507 3560 2649 3615 dolia
2669 3573 2879 3614 vomens
2907 3550 3152 3623 singulis,

2079 3659 2135 3714 Is
2174 3657 2268 3714 ille
2303 3655 2511 3711 abunde
2534 3660 2710 3707 servat
2750 3647 2959 3720 argenti
2985 3644 3162 3707 dorno,

2080 3749 2150 3803 Et
2177 3764 2296 3819 sepe
2318 3748 2519 3800 cinctus
2550 3757 2682 3797 auro
2710 3737 2946 3795 ambulat
2977 3737 3105 3806 foris

2081 3843 2331 3910 Meroque
2359 3838 2420 3891 ab
2449 3851 2580 3890 auro
2599 3832 2906 3905 splendidas
2930 3827 3065 3883 azdes
3088 3822 3248 3890 colit;

2085 3932 2279 4003 Greges
2303 3945 2559 4001 equorum
2589 3926 2755 3997 pascit
2780 3926 2859 3982 hic
2881 3921 3146 3978 curulium

2081 4026 2187 4078 Aut
2218 4022 2395 4078 Arabe
2420 4035 2606 4090 campo
2628 4026 2721 4070 aut
2753 4013 3009 4070 Thessala
3036 4021 3179 4065 terra
3203 4018 3386 4073 satos;

2083 4117 2333 4174 Phaleris
2368 4115 2432 4170 ab
2456 4130 2588 4168 auro
2608 4112 2762 4166 comit
2796 4112 2887 4163 hos
2918 4105 3274 4179 fulgentibus;

2086 4210 2210 4268 Alto
2234 4227 2328 4283 per
2364 4208 2547 4263 urbem
2574 4207 2776 4277 primus
2804 4200 2998 4257 incedit
3031 4180 3209 4270 gradil

2086 4305 2329 4374 Stipatus
2353 4314 2486 4355 auro
2514 4308 2565 4353 et
2580 4291 3105 4351 anteambulonibus:

2083 4393 2276 4447 Divina
2294 4394 2494 4448 honore
2522 4389 2665 4462 plebs
2691 4386 2881 4440 adorat
2914 4382 3207 4454 turgidum.

2088 4484 2279 4540 Gravis
2305 4486 2395 4539 sed
2415 4483 2552 4539 alter
2576 4479 2685 4536 sole
2718 4479 2782 4534 ab
2813 4478 3013 4532 oriente
3049 4473 3300 4545 inclytus,

2014 4578 2059 4632 D
2090 4575 2395 4647 Formoque
2425 4575 2758 4644 moribusque
2787 4564 3234 4633 commendabilis,

2091 4672 2361 4733 Doctrina:
2388 4680 2602 4729 amator
2622 4669 2804 4721 doctor
2824 4663 2935 4735 ipse
2958 4661 3169 4728 nobilis,

2096 4766 2329 4820 liiurnus
2364 4770 2411 4816 et
2446 4770 2735 4815 nocturnus
2774 4755 3080 4811 incumbens
3106 4752 3275 4818 libris,

2095 4857 2197 4924 Qui
2219 4855 2617 4924 disciplinarum
2650 4851 2886 4906 omnium
2920 4856 3103 4901 nectar
3124 4846 3273 4911 bibit,

2102 4950 2314 5018 Pauper
2349 4948 2641 5015 miseroque
2667 4942 2858 4997 viduus
2886 4939 3079 4993 insedit
3111 4938 3246 5007 foco,

2091 5042 2200 5100 Nec
2224 5042 2424 5110 frustra
2450 5036 2607 5109 panis
2637 5034 2840 5091 abunde
2876 5033 3070 5087 habens
3099 5029 3322 5083 cibarii:

2097 5135 2312 5190 Virtutis
2342 5132 2432 5185 ille
2459 5133 2658 5186 amicus
2689 5138 2737 5182 et
2761 5126 3040 5198 sapientia:

2093 5228 2202 5283 Nec
2233 5226 2510 5280 minimam
2532 5223 2744 5277 honoris
2766 5220 2927 5274 debiti
2954 5222 3160 5289 partem
3193 5211 3386 5270 obtinet
3417 5231 3438 5270 :

2098 5319 2296 5376 Saunis
2330 5318 2522 5387 petitus
2557 5314 2787 5383 undique
2810 5311 3039 5381 exigitur
3070 5308 3237 5376 foras.

2098 5411 2172 5466 Et
2203 5410 2328 5482 quid
2370 5408 2652 5462 tacebimus
2687 5405 2925 5458 omnium
2964 5396 3434 5471 indignissimum?

2098 5501 2226 5557 Rem
2264 5503 2463 5572 factam
2499 5499 2688 5552 habere
2717 5498 2925 5551 vanitas
2953 5510 3046 5547 nec
3077 5493 3150 5545 sic
3172 5500 3325 5562 putat

2099 5594 2423 5652 Clarissimis
2458 5591 2664 5646 abunde
2699 5589 2981 5644 honoribus
3007 5586 3135 5655 frui,

2100 5690 2284 5745 Libros
2316 5687 2414 5741 nisi
2442 5687 2579 5755 ipsos
2611 5684 2822 5754 auferat
2855 5688 2911 5735 ut
2942 5678 3179 5733 inutiles.

2101 5783 2144 5840 0
2170 5798 2378 5835 summa
2408 5780 2565 5849 pestis
2594 5779 2612 5832 ί
2644 5776 2867 5831 vestibus
2893 5772 3215 5844 sapientiam

2104 5873 2367 5944 Speliabit
2399 5873 2519 5927 auri
2544 5869 2722 5940 fulgor
2748 5865 3114 5937 impiissimus.

2002 1852 2043 1905 B

3535 397 3677 466 1316
