4078 6404
305 404 440 472 1337
1463 409 1786 476 SCRIPTA
1813 411 2384 483 MISCELLANEA.

308 530 399 592 Ὠς
428 528 620 598 κτῆσιν
651 527 851 599 ἀργὴν,
880 526 926 582 ὣ
968 528 1232 602 μεγίστης
1267 528 1474 602 ζημίας
1505 531 1518 585 ί

301 620 408 672 Καὶ
439 618 744 673 λωποδυτεῖ
773 621 902 683 τοὺς
925 618 1121 690 λόγους
1151 620 1214 674 τὸ
1246 621 1494 692 χρυσίον.

303 713 465 781 Ὤμοι
490 710 504 765 ί
533 709 734 776 πόσους
767 711 1007 783 έρρευσα
1041 709 1300 785 δακρύων
1330 714 1525 778 πίθους

318 801 465 856 Ἰδὼν
499 803 696 872 σοφοὺς
727 805 826 873 μὲν
853 805 910 856 ὲν
938 805 1090 876 μέσῳ
1119 805 1382 876 συνεδρίῳ

297 894 610 957 Λαλοῦντας
640 894 776 964 ὀρθὰ
812 895 906 948 καὶ
937 898 1496 968 περιφρονουμένους,

299 986 670 1056 Παράφρονας
700 987 758 1040 δὲ
789 987 1086 1052 πλουσίους
1122 993 1488 1061 τιμωμένους.

293 1078 474 1148 Ληρεί
497 1077 753 1143 Μέλιτος,
790 1079 886 1134 καὶ
909 1080 1156 1135 διδάσκει
1189 1083 1522 1153 Σωκράτηςο

294 1173 405 1224 Καὶ
427 1171 492 1243 ζῇ
521 1173 778 1239 Μέλιτος,
809 1174 905 1228 καὶ
931 1175 1162 1248 τελευτᾷ
1191 1177 1514 1249 Σωκράτης.

307 1265 366 1320 Ὀ
398 1267 748 1337 συκοφάντης
775 1267 1126 1340 ἐκδιδράσκει
1163 1270 1264 1334 τὰς
1288 1270 1449 1334 δίκας
1471 1287 1485 1301 ο

293 1361 358 1414 Ol
386 1361 430 1414 δ’
459 1362 653 1416 ἕνδεκα
682 1361 932 1434 κρίνουσι
954 1363 1084 1426 τοὺς
1110 1363 1458 1435 ἐλευθέρους.

292 1452 405 1504 Καὶ
430 1451 677 1521 τρίῦεται
714 1453 813 1523 μὲν
848 1453 1150 1524 φάρμακον
1170 1454 1249 1522 τῷ
1280 1455 1517 1527 γεννάδα
1540 1471 1554 1487 ·

304 1538 367 1594 Ὀ
396 1542 442 1594 δ’
470 1543 700 1605 Ἀνυτος
733 1535 976 1613 πέφευγε
1010 1545 1111 1617 τὴν
1140 1546 1446 1617 τιμωρίαν.

292 1631 530 1701 Χριστὸν
562 1632 735 1702 πένης
756 1631 936 1700 ἔλεξες
966 1635 1246 1698 δυσσεϐῶς
1285 1636 1458 1706 λέγει.

293 1721 558 1784 Πλούσιος
609 1721 982 1794 Ἀντίχριστον
1006 1768 1020 1792 ,
1057 1725 1298 1790 εὐσεϐῶς
1322 1727 1494 1794 λέγει.

305 1818 653 1888 Ἐπάγχομαι
688 1819 827 1888 πρὸς
858 1819 1066 1874 ταῦτα·
1100 1825 1276 1892 μισῶν
1313 1824 1409 1878 τὸν
1441 1825 1558 1896 βίον

292 1908 444 1962 Θέλω
473 1909 654 1962 θανείν
678 1928 694 1942 ·
721 1911 877 1980 ἥλιον
898 1913 960 1965 οὐ
989 1913 1126 1967 θέλω
1161 1915 1405 1985 βλέπειν.

304 2001 588 2057 Ἐντεῦθεν
610 2003 910 2075 είσήγαγεν
938 2006 1099 2070 ἄλλος
1131 2009 1230 2078 τὴν
1264 2009 1459 2081 τύχην,

291 2095 368 2148 Τὸ
398 2095 443 2148 δ’
467 2097 772 2168 αὐτόματον
805 2098 988 2163 ἄλλος,
1038 2099 1314 2172 Ἐλλήνων
1339 2102 1461 2156 δύο⁶

293 2189 503 2258 Ἀμφω
537 2190 594 2243 δὲ
624 2191 822 2254 κοινῶς
853 2192 954 2263 τὴν
987 2194 1424 2265 ἀκυὸερνησίαν.

306 2281 588 2336 Ἐντεῦθεν
628 2284 904 2354 ἠγνόησαν
927 2286 978 2337 οί
1003 2285 1124 2339 τότε
1151 2287 1331 2356 χρόνοι

292 2373 404 2426 Καὶ
435 2374 531 2443 τῆς
559 2375 823 2442 Προνοίας
863 2378 1048 2446 χρῆμα
1079 2376 1181 2446 τῆς
1214 2377 1552 2448 σοφωτάτης.

303 2465 588 2519 Ἐντεῦθεν
619 2467 652 2537 ἡ
682 2466 959 2536 ξύμφυλος
985 2467 1170 2537 ἀνθρώ
1184 2468 1496 2536 πων’φύσις

292 2557 480 2626 Ἔγνω
502 2558 901 2612 διασπασθεῖσα
927 2558 1063 2627 πρὸς
1089 2559 1229 2630 μέρη
1259 2559 1373 2626 δύο,

285 2653 403 2706 Καὶ
430 2652 674 2722 κλήσεων
697 2651 883 2716 άδικος
917 2653 1136 2724 ὲγράφη
1169 2653 1337 2720 νόμος

283 2746 364 2802 Τὸ
391 2746 616 2816 πλάσμα
646 2746 866 2815 τέμνων
897 2749 977 2810 είς
1007 2745 1184 2816 τομάς
1212 2745 1568 2817 ἀσυμφύλους
1589 2762 1606 2779 ο

286 2847 402 2901 Καὶ
429 2846 520 2898 τὸν
551 2844 650 2915 μὲν
673 2843 928 2912 ὠνόμασε
960 2843 1199 2913 δοῦλονὴ
1228 2843 1392 2916 τύχη,

285 2939 392 2990 Τὸν
418 2935 473 2990 δὲ
501 2935 926 3008 προσεκλήρωσε
958 2937 1074 2997 τοῖς
1101 2934 1444 3005 ἐλευθέροις.

297 3031 466 3102 Ἀρχή
498 3047 561 3099 γε
599 3029 803 3093 κακῶν,
841 3029 1029 3101 χρυσὲ,
1059 3030 1164 3098 γῆς
1191 3028 1396 3097 τυφλὸν
1423 3029 1633 3095 τέκνον,

293 3123 385 3186 Ὦς
422 3120 641 3175 ἀπόλοιο
665 3119 760 3173 καὶ
794 3119 1088 3189 παρέλθοις
1125 3120 1188 3171 ὲκ
1224 3118 1391 3188 μέσου

284 3277 391 3334 Hei
415 3287 620 3350 quanta
660 3279 796 3348 ﬂuxi
832 3277 1198 3347 lacrgmarum
1223 3279 1455 3348 ﬂumina

281 3373 444 3426 Catos
469 3371 650 3425 videns
676 3370 732 3423 in
761 3370 912 3422 curia
945 3369 1278 3438 penitissima

279 3465 429 3519 Bene
462 3461 793 3517 consulentes
817 3460 1054 3529 despici;
1089 3459 1452 3530 insipientium

282 3557 336 3610 Μ
346 3557 516 3610 actari
542 3559 739 3609 honore
767 3554 991 3607 divitum
1019 3551 1235 3606 deliria.

280 3649 497 3706 Melitus
529 3648 737 3717 ineptit,
771 3645 1024 3700 Socrates
1051 3645 1297 3716 saphiam
1329 3644 1498 3710 docet,

280 3743 371 3798 Sic
400 3744 521 3796 vivit
539 3740 653 3806 ille,
683 3741 912 3793 moritur
944 3740 1060 3804 hic;
1086 3755 1297 3809 poenam
1320 3738 1450 3792 exiit

281 3834 424 3889 Trux
453 3833 800 3904 sycophanta,
833 3829 1056 3885 liberum
1076 3830 1447 3885 undecim-viri

286 3927 600 3990 Damnant;
639 3925 809 3976 cicuta
843 3931 1117 3978 strenuum
1141 3924 1382 3993 sequitur
1409 3924 1604 3988 virum,

278 4016 609 4088 Supplicium
631 4016 808 4069 inanis
841 4021 1044 4085 Angtus
1083 4015 1209 4068 boni
1230 4015 1390 4084 fugit.

279 4110 551 4164 Christum
582 4106 845 4160 invocabit
874 4105 1122 4175 pauper?
1153 4103 1326 4175 Impie
1354 4104 1506 4173 facit.

279 4205 379 4259 Dis
404 4201 830 4258 Antichristum?
859 4201 955 4254 Nil
992 4208 1159 4270 potest
1186 4201 1361 4270 magis
1385 4203 1487 4270 pie.

279 4296 503 4351 Mmrore
536 4295 702 4348 victus
722 4294 882 4347 vitam
907 4308 999 4362 ego
1029 4291 1137 4355 odi,
1166 4291 1288 4345 nolo
1311 4293 1430 4362 jam

278 4386 458 4443 Solem
487 4386 715 4449 intueri;
761 4382 838 4437 nil
876 4383 979 4436 nisi
1008 4393 1232 4436 mortem
1263 4383 1406 4437 volo.

278 4478 417 4532 Hinc
453 4476 611 4530 sortis
645 4473 787 4528 alius
821 4475 973 4530 rebus
1006 4475 1216 4528 induxit
1247 4483 1445 4542 rotam,

278 4568 478 4622 Casum
509 4565 671 4631 alius,
695 4565 846 4630 ambo
876 4565 1093 4622 Gracia:
1119 4574 1263 4619 terra
1284 4568 1410 4634 sati,

278 4659 444 4712 Ambo
464 4656 706 4710 docentes
738 4671 846 4709 esse
879 4659 994 4710 sine
1019 4672 1138 4726 rege
1166 4659 1384 4724 omnia;

278 4748 531 4804 Obsistud
569 4747 666 4802 illa
698 4748 881 4801 nesciit
922 4747 1091 4800 Deum
1123 4749 1308 4801 levitas

277 4840 662 4910 Negotiumque
694 4839 1100 4908 providentiam,
1132 4855 1372 4894 sacrum.

279 4929 500 4984 Duabus
532 4933 654 4984 hinc
683 4939 881 4983 natura
918 4939 1075 4998 rupta
1107 4931 1348 5000 partibus

280 5021 517 5076 Hominis
541 5037 774 5074 amorem
803 5023 853 5074 in
880 5029 1119 5074 mutuum
1146 5023 1258 5075 nati
1287 5023 1510 5078 abstitit.

279 5115 488 5182 lnjusta
517 5113 598 5165 lea:
621 5120 697 5166 est
725 5112 844 5165 inde
866 5119 1087 5180 prosata
1122 5114 1418 5167 nominum.

285 5207 572 5261 Divisiones
607 5221 690 5259 res
720 5205 774 5257 in
805 5206 1033 5258 hosticas
1063 5220 1269 5257 secans.

283 5299 418 5354 Fors
447 5311 586 5354 sorte
617 5308 774 5370 capta
800 5301 934 5353 dixit
961 5300 1096 5351 hunc
1137 5315 1365 5365 servum,
1399 5301 1629 5356 alterum

286 5392 500 5447 Potiore
529 5394 640 5461 fato
661 5391 806 5445 scivit
835 5406 942 5444 esse
984 5389 1226 5444 liberum.

283 5494 506 5559 Aurum,
539 5509 568 5544 ο
599 5491 866 5546 malorum
905 5507 1045 5545 cazca
1079 5492 1240 5560 stirps
1267 5497 1422 5541 terra:
1461 5499 1646 5558 caput,

289 5582 498 5638 Utinam
527 5587 749 5654 perisses
776 5583 1031 5637 aboLtum
1063 5599 1089 5636 ε
1118 5583 1284 5636 medio
1320 5581 1375 5636 in
1403 5583 1537 5636 nihil

285 5676 468 5729 Mundi
497 5693 636 5730 ca'ca
657 5692 847 5730 caussa
888 5691 1066 5728 rerum
1095 5675 1302 5730 discidi.

294 5765 452 5821 Vanis
479 5769 568 5821 sed
600 5785 794 5821 aurum
827 5767 1069 5837 differam
1092 5766 1370 5819 conviciis:

278 5857 515 5914 Exscnsa
547 5877 723 5914 massa
758 5859 883 5929 quid
921 5858 1049 5913 mali
1083 5857 1225 5912 nobis
1261 5856 1446 5912 dedit?

1914 537 1961 592 A
1989 536 2064 592 Τὸ
2093 541 2397 606 στασιῶδες
2434 542 2630 614 χρῆμα
2657 545 2751 600 καὶ
2787 545 3188 617 κοσμοφθόρον.

2003 629 2143 682 Ἀλλ’
2176 633 2234 684 ὲν
2256 635 2435 697 κενοῖς
2471 652 2564 705 μοι
2591 633 2768 690 ταῦτα
2807 637 2944 709 πρὸς
2968 636 3030 689 τὸ
3058 635 3283 707 χρυσίον
3307 650 3323 668 ο

1990 719 2057 773 Τί
2089 719 2199 791 γὰρ
2229 725 2632 793 πεπαρῴνηκεν
2656 723 2867 795 ἄψυχος
2902 724 3064 794 φύσις
3087 742 3101 792 ἶ

2000 809 2090 874 Ὦς
2117 810 2341 864 ἀπόλοιο
2375 813 2486 867 τῶν
2518 813 2728 884 βροτῶν
2761 817 2794 885 ὴ
2821 814 3120 885 φαυλότης,

1989 900 2053 955 Οἳ
2074 902 2205 966 τοὺς
2235 901 2436 967 καλοὺς
2464 904 2744 975 κρίνουσιν
2773 904 2833 970 ἐξ
2857 905 3139 976 εὐτυχίας,

1985 992 2100 1046 Καὶ
2131 992 2259 1057 τοὺς
2284 995 2490 1056 κακοὺς
2513 993 2820 1065 τοῦμπαλιν
2849 995 2910 1060 ἐξ
2938 997 3191 1067 ἀτυχίας.

1990 1085 2054 1137 Ὢ
2084 1084 2315 1149 τάλανες
2338 1086 2591 1157 πένητες,
2622 1085 2809 1140 ἄθλιον
2833 1089 3012 1156 γένος,

1984 1177 2226 1231 Πλούτου
2257 1178 2375 1249 μετ’
2401 1177 2567 1233 αὐτοῦ
2595 1179 2693 1233 καὶ
2715 1180 2812 1234 σὺν
2848 1179 2994 1248 αὑτῷ
3020 1180 3232 1250 χρυσίῳ

1984 1269 2097 1338 Τῆς
2119 1269 2323 1339 ἀρετῆς
2351 1270 2451 1342 τὴν
2481 1269 2643 1336 δόξαν
2669 1270 3052 1343 ἀφῃρημένοιί

1984 1357 2180 1430 Ὅμως
2211 1363 2238 1414 ό
2274 1360 2480 1431 κόσμος
2506 1361 2715 1430 ἀγαθὸν
2744 1361 2866 1425 πῶς
2895 1362 2962 1415 ἂν
3002 1361 3180 1433 δράσῃ

1983 1451 2072 1506 Ἐν
2098 1451 2177 1523 τῷ
2217 1453 2444 1525 πονηρῷ
2471 1453 2754 1524 κείμενος;
2786 1454 2938 1522 λέγει
2968 1454 3164 1524 Λόγος.

1984 1544 2151 1614 Ὤμοι
2177 1543 2348 1598 πόσον
2371 1544 2608 1616 δάκρυον
2637 1545 2698 1618 εξ
2737 1544 3120 1613 Ἡρακλείτου,

1981 1634 2157 1700 Πόσος
2187 1635 2363 1705 γέλως
2384 1637 2441 1690 δὲ
2469 1621 2636 1691 πάλιν
2670 1639 2736 1690 ὲκ
2769 1637 3122 1706 Δημοκρίτου
3150 1637 3164 1690 ί

1981 1729 2054 1782 Τὸ
2084 1730 2182 1798 μὲν
2220 1729 2636 1786 κατοικτίσαιτο
2667 1731 2759 1786 τὸν
2793 1731 2980 1801 μωρὸν
3012 1731 3152 1800 βίον,

1981 1816 2154 1886 Οὗτος
2174 1822 2232 1877 δι
2263 1825 2588 1894 μωκήσαιτο
2618 1825 2746 1888 τοὺς
2777 1823 3139 1894 ἀϐελτέρους.

1987 1913 2200 1968 Ὄντων
2238 1914 2348 1986 γὰρ
2373 1914 2580 1969 τούτων
2615 1915 2673 1980 ἐξ
2704 1914 2966 1985 ἑκατέρου
3005 1915 3210 1985 τρόπου

1985 2008 2108 2079 Χρὴ
2139 2009 2281 2076 σφᾶς
2314 2009 2544 2072 ἑαυτοὺς
2575 2013 2671 2062 καὶ
2703 2010 2870 2080 γελᾷν
2894 2008 2992 2062 καὶ
3020 2007 3298 2078 δακρύειν.

2000 2102 2160 2172 Ἐμοὶ
2184 2101 2242 2155 δὲ
2279 2101 2366 2165 τίς
2403 2104 2633 2174 χρήσειε
2663 2102 2930 2167 σαλπίζον
2962 2104 3138 2172 στόμα
3162 2145 3177 2167 ,

1995 2195 2390 2266 ,Αγχιστροφον
2409 2196 2466 2248 δὲ
2499 2197 2753 2264 γλῶσσαν
2782 2196 2861 2260 εἰς
2885 2195 3046 2266 λόγου
3079 2197 3280 2258 πλάτος
3301 2236 3318 2262 ,

1983 2288 2096 2341 Καὶ
2126 2289 2266 2360 πρὸς
2285 2289 2531 2360 κορυφὴν
2563 2289 2854 2361 Παρνασοῦ
2883 2292 3088 2356 στήσας
3117 2293 3297 2360 ἄκραν

1995 2383 2086 2446 Ὡς
2109 2384 2168 2449 ὲξ
2203 2383 2450 2436 ἀπόπτου
2483 2383 2582 2451 τὴν
2611 2383 2738 2453 βοὴν
2767 2383 3074 2452 διευρύνω;

1983 2474 2174 2526 Εἱπείν
2207 2475 2484 2544 παράσχοι
2507 2473 2682 2528 ταῦτα
2711 2474 2850 2545 πρὸς
2879 2475 3008 2538 τοὺς
3032 2473 3333 2536 πλουσίους
3359 2485 3378 2540 ;

1983 2566 2048 2619 Ol
2075 2568 2447 2638 χρυσολάτραι
2475 2571 2571 2621 ποτ
2598 2568 2879 2627 πλανᾶσθε
2908 2567 3189 2635 πλούσιοι;

1983 2661 2117 2713 Οἴαν
2139 2661 2196 2713 δὲ
2224 2661 2320 2714 καὶ
2348 2661 2922 2729 στέλλεσθε,δείλαιοι,
2950 2660 3182 2732 τρίὸον;

1995 2753 2054 2804 '0
2089 2752 2320 2816 πλοῦτος
2348 2752 2450 2821 ὕλη
2477 2752 2586 2822 γῆς
2617 2753 2820 2823 ῥέουσα
2854 2752 3162 2822 συντόμως,

1980 2837 2090 2908 ’Ἡς
2114 2846 2164 2896 oi
2189 2847 2354 2899 κακοὶ
2387 2846 2618 2919 φέρουσι
2654 2847 2874 2910 πάντως
2906 2846 2968 2900 τὸ
2993 2847 3178 2900 πλέον.

1980 2937 2046 2989 Τί
2078 2938 2306 3000 κακίους
2337 2938 2558 3007 γίνεσθε
2595 2939 2958 3002 πλουτοῦντες
2989 2939 3155 2992 πλέον
3177 2980 3192 3001 ,

1980 3025 2216 3097 Εὕρημα
2241 3028 2403 3091 κυνὸς
2423 3029 2457 3098 ἡ
2483 3028 2726 3098 σεϐαστὴ
2767 3031 3026 3099 πορφύρα
3047 3044 3062 3058 ο

1991 3119 2052 3171 '0
2090 3119 2378 3189 μάργαρος
2401 3119 2592 3189 κύημα
2627 3119 2830 3188 φαῦλον
2866 3119 3094 3191 ὀστρέου
3115 3133 3130 3148 ⁸

1904 3237 1947 3296 c
1985 3271 2199 3328 Utinam
2223 3273 2462 3341 periisset
2498 3274 2772 3328 hominum
2810 3275 2951 3329 iners
2983 3277 3258 3342 vecordia,

1978 3362 2149 3420 Solita
2173 3366 2441 3420 testi-nare
2461 3375 2603 3420 sorte
2622 3368 2685 3420 de
2709 3367 2846 3421 bona
2870 3367 3030 3422 bonos

1926 3499 1934 3506 .
1979 3456 2256 3527 Malosque
2285 3467 2472 3512 contra
2496 3460 2558 3510 de
2584 3457 2726 3512 malo
2753 3459 3067 3528 infortunio.

1978 3549 2023 3606 0
2049 3551 2224 3604 miseri
2247 3559 2479 3620 egentes,
2514 3550 2740 3606 obsitum
2768 3554 3019 3605 aerumnis
3040 3568 3229 3622 genus,

1978 3638 2107 3695 Cum
2137 3656 2294 3692 censu
2318 3641 2516 3709 Optimo
2549 3656 2770 3710 cumque
2804 3643 2947 3696 tristi
2974 3659 3106 3696 auro
3137 3643 3298 3698 simul

1989 3730 2210 3785 Virtutis
2237 3732 2382 3785 omni
2410 3730 2596 3785 decore
2633 3734 2764 3786 nudi
2795 3743 2843 3786 et
2874 3735 3088 3804 gloria!

1978 3821 2051 3877 Et
2080 3821 2216 3876 orbis
2247 3822 2343 3876 iste
2377 3837 2480 3891 quo
2529 3822 2723 3875 bonum
2753 3822 2918 3891 faciat
2951 3825 3104 3878 modo

1979 3915 2132 3970 Malo
2153 3917 2262 3983 ipse
2293 3925 2432 3969 totus
2459 3915 2781 3985 subjacens?
2811 3916 3050 3972 Christus
3075 3919 3239 3971 canit.

1978 4007 2095 4062 Heu
2133 4017 2335 4075 quanta
2360 4008 2525 4078 ﬂendi
2554 4009 2628 4062 vis
2656 4009 2720 4062 ab
2751 4025 2842 4089 ore
2881 4009 3169 4073 Heracliti,

1979 4097 2064 4155 Ha
2091 4111 2294 4170 quanta
2323 4103 2460 4154 risus
2491 4117 2584 4154 ore
2621 4102 2687 4154 de
2715 4101 3005 4156 Democriti

1979 4190 2196 4262 Deﬂerit
2231 4191 2322 4246 ille
2342 4193 2508 4246 stulta
2540 4193 2724 4246 mundi
2745 4195 2992 4259 crimina,

1980 4281 2183 4338 Fatuos
2217 4285 2488 4338 cachinnis
2521 4289 2620 4339 iste
2658 4285 2819 4339 claris
2845 4289 3065 4356 ruperit.

1980 4375 2106 4430 Vere
2134 4376 2320 4429 horum
2357 4384 2578 4446 uterque
2609 4384 2828 4448 utroque
2855 4394 2972 4432 vere
3001 4378 3210 4432 nomine

1977 4469 2168 4523 Ridere
2193 4472 2318 4540 ﬂere
2338 4470 2542 4541 oportet
2574 4469 2693 4525 illos
2727 4481 2990 4526 mutuum.

1899 4579 1956 4640 Ι)
1982 4563 2049 4616 At
2073 4564 2200 4616 mihi
2226 4580 2479 4618 sonorum
2509 4581 2566 4618 os
2596 4566 2712 4631 quis
2743 4564 2888 4619 dabit
2917 4566 3050 4619 tuba:
3082 4567 3245 4619 vicem

1990 4653 2403 4724 Versatilemque
2434 4655 2673 4724 linguam
2693 4657 2748 4710 in
2779 4673 2960 4726 sequor
2986 4659 3262 4720 carminis,

1972 4747 2237 4804 Parnassi
2255 4752 2309 4803 in
2343 4749 2454 4802 alto
2475 4759 2624 4804 stans
2661 4751 2738 4803 uti
2770 4753 3061 4817 cacumine,

1976 4837 2245 4920 Grandem
2269 4841 2538 4894 irremisso
2563 4843 2819 4895 concitem
2845 4857 3018 4895 vocem
3040 4857 3170 4895 sono
3193 4885 3208 4906 ,

1971 4936 2097 4992 Haec
2126 4944 2371 5005 prompta
2401 4937 2542 4988 dictu
2568 4935 2758 4989 ditibus
2793 4938 2916 4989 viris
2942 4951 3142 4988 canens
3183 4950 3202 4988 :

1973 5027 2264 5097 Mancipia,
2294 5030 2447 5094 dites,
2487 5044 2588 5098 quo
2627 5026 2833 5081 metalli
2857 5027 3068 5079 tenditis
3092 5027 3118 5078 ?

1970 5121 2083 5187 Quo
2110 5121 2246 5174 calle
2271 5121 2450 5175 miseri
2477 5120 2707 5192 ﬂebilem
2740 5121 2947 5173 instatis
2977 5117 3164 5172 viam?

1970 5212 2185 5268 Caduca
2213 5210 2387 5282 proles
2415 5219 2538 5264 sunt
2565 5227 2685 5282 opes
2719 5221 2875 5266 terra:
2899 5212 3138 5280 hospitae,

1969 5303 2212 5367 Quarum
2233 5303 2486 5371 fruuntur
2510 5313 2662 5372 parte
2694 5303 2900 5372 majore
2926 5302 3192 5371 improbi;

1970 5395 2108 5461 Quid
2134 5397 2261 5450 vitia
2293 5412 2410 5449 cum
2442 5396 2622 5465 opibus
2661 5411 2864 5463 semper
2889 5395 3092 5464 augetis
3123 5389 3303 5447 nova?

1963 5492 2188 5561 Augusti
2217 5491 2429 5543 honoris
2459 5505 2699 5559 purpura
2726 5494 2997 5543 inventum
3021 5496 3096 5542 est
3131 5490 3300 5543 canis.

1970 5580 2175 5645 Libido,
2207 5584 2541 5650 margarilat,
2574 5583 2691 5635 vilis
2725 5583 2909 5636 ostrei.

1967 5674 2190 5728 Summa
2224 5683 2300 5727 est
2329 5673 2525 5745 lapillis
2546 5675 2687 5742 quod
2717 5673 2950 5743 glabella
2980 5692 3115 5729 saxa
3140 5681 3264 5728 sunt

1967 5767 2052 5821 Ex
2085 5765 2246 5829 calce,
2281 5764 2459 5836 lignis,
2492 5763 2773 5834 splendida
2803 5775 3018 5831 ornatu,
3055 5773 3261 5833 domus,

1965 5857 2223 5930 Coctoqnc
2255 5857 2420 5914 latere
2445 5856 2710 5929 fossiliqne
2747 5875 3010 5913 marmore
3039 5866 3115 5912 est

3429 426 3454 491 1
3473 427 3576 490 338
