4078 6378
284 389 426 463 1341

289 505 700 579 Πεποικιλμένη
730 506 1062 577 θαυμαστῶς
1098 506 1156 561 ὲν
1194 508 1532 575 κροσσωτοϊς
1554 508 1803 578 χρυσίου.

287 594 445 676 *ᾼδε,
475 601 756 673 προφῆτα,
788 600 927 671 πρὸς
952 599 1128 671 αὐτὴν
1156 600 1250 653 ἐπὶ
1268 601 1335 671 τῇ
1361 599 1674 673 πανηγύρει
1696 614 1712 631 ο

293 694 584 758 Ἄκουσον,
624 691 724 756 ias,
748 690 1011 763 θύγατερ,
1037 692 1219 747 κλῖνον
1239 691 1299 745 τδ
1326 690 1421 746 σὺν
1457 692 1643 756 ὠτίον,

301 784 504 856 Ἀρχῆς
535 781 817 856 πατρῴας,
852 781 949 836 σοῦ
983 782 1138 849 λαοῦ,
1173 781 1269 837 σοῦ
1304 781 1498 851 γένους
1522 781 1806 849 ἐπιλάθου,

287 872 479 941 ὀπως
510 875 605 929 τδν
627 872 1008 945 αὐτοκράτορα
1049 873 1345 944 Ῥωμαίων
1388 873 1646 945 Ἰωάννην

287 968 390 1024 Σοῦ
416 967 651 1030 κάλλους
679 966 1026 1038 ἐπιθυμητὴν
1054 966 1200 1035 ἔξεις
1224 967 1322 1022 καὶ
1348 966 1523 1038 τύχῃς
1552 965 1771 1034 γάμων,

285 1052 487 1128 Γάμων
513 1057 624 1119 τῶν
646 1058 790 1129 ὑπὲρ
817 1057 1008 1126 ῑφεσιν
1033 1058 1218 1111 πᾶσαν
1237 1056 1339 1129 τὴν
1363 1053 1737 1127 ἀνθρωπίνην.

285 1149 442 1204 οὕτω
471 1150 591 1222 μὲν,
619 1146 795 1215 οὕτως
818 1151 847 1203 ό
879 1148 1046 1217 Δαυτδ
1068 1148 1185 1222 ᾅδει
1217 1148 1358 1219 μετὰ
1394 1147 1631 1219 κιθάρας
1650 1160 1666 1178 ο

285 1238 359 1297 Σὺ
390 1241 439 1297 δ’
463 1242 761 1298 εὐποιοῦσα
793 1242 1006 1313 βασιλὶς
1037 1241 1214 1297 ὲθνῶν
1245 1242 1355 1298 τῶν
1393 1242 1670 1314 ἑσπερίων

289 1336 590 1399 Ἤκουσας,
613 1327 777 1398 εἶδες,
807 1333 1028 1399 έκλινας
1049 1375 1065 1396 ,
1095 1333 1366 1407 ἠράσθης,
1397 1333 1737 1402 συνεζύγεις,

289 1422 545 1495 Ἔτυχες,
579 1418 761 1497 εὗρες,
784 1424 1001 1492 ἔλαϐες,
1025 1424 1201 1498 ἤρθης
1224 1427 1292 1480 ὲκ
1322 1424 1450 1497 γῆς,
1477 1424 1728 1505 ἐπήρθης

296 1513 468 1587 ’Υπὲρ
498 1516 695 1588 αἰθέρα
715 1517 808 1572 τὸν
834 1517 1026 1586 πολὺν,
1059 1516 1168 1582 ἕως
1196 1517 1468 1591 άνάστρου
1496 1517 1740 1590 σφαίρας

281 1602 508 1676 Ἦλθες,
534 1607 799 1681 συνῆλθες
830 1608 912 1674 εις
935 1609 1103 1680 γονάς
1140 1609 1439 1684 Ῥωμαίοις
1463 1607 1813 1681 τελεσφόροις

284 1697 445 1756 Ζῶσα
472 1702 676 1774 σελήνη
699 1703 796 1758 καὶ
825 1704 970 1774 καλὴ
999 1703 1221 1775 πλήρης
1253 1703 1431 1772 φωτὸς
1461 1702 1600 1774 ἡλίῳ

284 1792 401 1846 Οὐκ
421 1793 716 1864 ἀρχομένῳ
739 1793 1023 1867 δᾳδουχεῖν
1047 1796 1157 1849 άπὸ
1189 1793 1378 1867 μερῶν
1400 1794 1652 1866 βορείων,

284 1879 395 1938 Καὶ
426 1887 541 1947 τοῖς
574 1884 772 1947 νοτίοις
801 1885 1049 1958 λήγοντι,
1081 1888 1147 1957 τῇ
1182 1887 1255 1957 γῇ
1285 1886 1345 1941 δὲ
1383 1883 1774 1958 κρυπτομένῳ,

298 1976 393 2031 Ἐν
417 1976 474 2030 δὲ
501 1978 655 2047 ῥοαῖς
696 1978 952 2033 Ὠκεανοῦ
989 1977 1639 2050 μεγάλαιςλουσαμένῳ,

295 2066 390 2131 Ὦς
422 2059 543 2131 ἔθος
571 2068 1014 2140 ὐπερφαίνεσθαι
1035 2071 1131 2124 καὶ
1164 2071 1514 2142 φρυκτωρεῖν
1543 2068 1637 2124 τδν
1672 2069 1821 2142 βίον·

297 2159 447 2214 Ἀλλ’
474 2161 539 2214 ὲκ
556 2160 848 2235 πορφύρας
869 2163 968 2232 τῆς
995 2166 1199 2235 σεμνῆς
1221 2164 1434 2219 ἐκεῖθεν
1461 2162 1775 2235 ἀρξαμένου

287 2252 393 2308 Τὸν
416 2251 533 2324 βίον
561 2253 653 2307 τὸν
681 2257 994 2327 τετραμερῆ
1028 2256 1125 2311 καὶ
1150 2254 1248 2327 τὴν
1279 2257 1457 2328 ἀρχὴν
1483 2255 1741 2310 Αὐσόνων

288 2341 588 2414 Ζωογονεῖν
610 2363 623 2377 ο
653 2347 749 2401 καὶ
781 2347 1063 2419 δᾳδουχεῖν
1090 2344 1324 2420 λαμπρᾷ
1357 2346 1698 2419 φωτοχυσίᾳ,

289 2440 365 2496 Οὐ
395 2439 533 2511 πρὸς
551 2440 768 2511 ἡμέραν
797 2440 894 2512 τὴν
923 2428 1100 2513 ἀρχήν
1124 2441 1380 2498 Αὐσόνων
1424 2439 1879 2512 φρυκτωροῦντα,

300 2530 468 2587 Ἀλλά
490 2533 588 2587 καὶ
616 2532 812 2607 μέσαις
845 2533 904 2589 ἐν
932 2533 1055 2599 νυξὶ
1084 2535 1181 2619 καὶ
1210 2533 1444 2599 ταύταις
1463 2533 1783 2604 ἀσελήνοιςο

290 2623 624 2696 Πλησιφαῶς
656 2625 756 2698 τὴν
778 2627 990 2698 ἡμέραν
1012 2629 1127 2691 τοῖς
1169 2626 1434 2699 ὑπηκόοις
1467 2626 1583 2699 βίον

289 2715 494 2788 Νέμων
520 2716 719 2788 αὐγαῖς
764 2719 1087 2789 αὐγάζοντι,
1123 2718 1443 2790 κοσμοῦντι,
1470 2719 1822 2775 καθιστῶντι.

291 2806 625 2880 Εὐφραίνου,
650 2808 879 2881 τέρπου,
914 2809 1186 2882 θύγαπερ,
1212 2806 1308 2883 ᾆδε
1347 2810 1486 2879 μετά
1515 2810 1775 2881 κιθάρας,

290 2898 451 2957 Μετὰ
482 2901 738 2973 κιθάρας,
761 2895 806 2956 ὦ
835 2901 1019 2970 Δαυῖδ,
1043 2902 1144 2974 τῆς
1174 2905 1751 2977 πνευματεμφορήτου

296 2990 577 3059 Ἔκλινας,
607 2988 766 3057 εἶδες,
795 2993 1004 3064 ήγαγες
1036 2993 1129 3048 τδν
1162 2994 1376 3050 ἄνακτα
1420 2994 1718 3065 Ῥωμαίων

305 3085 434 3141 Ἐπὶ
454 3087 517 3140 τδ
547 3086 767 3151 κάλλος,
792 3087 1072 3155 δέσποινα,
1105 3087 1206 3157 τῆς
1233 3086 1568 3158 ὡραιότητός
1589 3105 1705 3154 σου,

293 3177 409 3232 Καὶ
437 3176 508 3232 τά
537 3177 714 3249 σεμνά
738 3177 831 3231 τοῦ
851 3176 1043 3246 γένους
1070 3194 1165 3232 σου
1193 3177 1411 3256 καὶντήν
1443 3178 1705 3250 πατρῴαν
1724 3179 1884 3251 δόξαν

293 3273 410 3329 Καὶ
436 3276 529 3331 τοῦ
559 3273 726 3344 χοροῦ
752 3268 862 3332 τῶν
892 3273 1104 3345 ἀρετῶν
1137 3272 1302 3345 μέσον
1331 3275 1733 3346 ἐπεισηγάγου,

291 3362 366 3419 Δῖ
388 3379 453 3418 σε
479 3363 932 3436 περιχορεύουσιν
961 3365 1037 3429 ὡς
1064 3364 1274 3419 άπαλαὶ
1300 3365 1586 3437 παρθένοι,

305 3454 613 3527 Ὑμνοῦσαι
642 3456 738 3510 καὶ
762 3454 1089 3527 συνᾴδουσαι
1106 3454 1201 3510 καὶ
1233 3455 1747 3527 συνεπικροτοῦσαι,

295 3611 553 3683 gebaris;
618 3612 758 3684 quod
817 3612 1110 3683 quaerebas,
1166 3612 1436 3682 accepisti,
1466 3627 1493 3665 e
1546 3618 1693 3665 terra
1733 3627 1893 3682 super

296 3704 553 3758 ietherem
593 3704 666 3757 ad
717 3714 984 3774 sptueram
1029 3720 1194 3775 usque
1241 3704 1497 3759 sideribus
1541 3707 1788 3758 orbatam
1839 3720 1893 3758 es

295 3796 538 3851 sublata.
569 3795 770 3850 Deinde
807 3812 927 3850 cum
976 3794 1232 3851 Romanis
1257 3798 1497 3867 perfectis
1524 3798 1894 3851 commercium

297 3890 470 3944 iuiisti
498 3895 586 3956 et,
639 3887 772 3944 luna
804 3889 979 3942 vivens
1027 3895 1079 3943 et
1129 3886 1243 3942 luce
1270 3888 1568 3955 abundans,
1607 3891 1679 3946 ad
1730 3890 1895 3945 solem

301 3981 569 4037 occessisti
618 3982 711 4050 qui
761 3980 1001 4052 regiones
1034 3979 1272 4037 boreales
1322 3983 1496 4036 minus
1544 3980 1807 4047 illustrat,
1839 3983 1895 4036 in

303 4071 636 4129 australibus
685 4071 885 4136 deﬁcit,
933 4074 1030 4128 sub
1066 4082 1214 4129 terra
1251 4089 1308 4129 se
1336 4075 1485 4130 abdit
1517 4084 1568 4129 et
1594 4075 1652 4128 in
1692 4072 1897 4131 Oceani

301 4164 522 4238 ﬂuentis
557 4167 819 4224 abluitur.
855 4165 945 4223 Sic
962 4171 1126 4224 vitam
1151 4170 1210 4224 in
1236 4168 1402 4224 oculis
1430 4178 1640 4241 gestare
1663 4172 1897 4225 assuevi-

304 4274 445 4313 mus.
499 4257 807 4331 Imperator
859 4266 1039 4314 autem
1097 4260 1156 4315 in
1218 4278 1461 4333 purpura
1518 4270 1677 4317 natus
1732 4263 1899 4318 vitam

302 4350 650 4421 multiplicem
682 4351 740 4405 in
774 4351 1057 4406 Ausonum
1090 4352 1376 4424 imperium
1412 4354 1695 4425 impendit,
1747 4354 1899 4411 clara

305 4445 423 4501 luce
477 4445 619 4499 idem
671 4448 777 4498 non
828 4445 921 4499 diu
966 4444 1163 4510 solum,
1220 4445 1313 4500 sed
1346 4446 1523 4500 media
1552 4454 1706 4501 nocte
1735 4463 1900 4519 eaque

303 4539 468 4594 illuni
516 4537 836 4604 illustrans,
889 4535 1328 4608 subditorumque
1375 4537 1544 4592 vitam
1588 4538 1750 4608 plena
1787 4539 1902 4594 luce

305 4630 648 4701 calefaciens,
675 4627 956 4700 splendore
975 4642 1039 4681 ac
1064 4627 1250 4682 ordine
1270 4632 1552 4686 decorans.

384 4720 561 4777 lubila
585 4761 600 4785 ,
637 4721 845 4792 gaude,
889 4718 1052 4786 ﬁlia;
1114 4729 1277 4775 canta
1336 4736 1457 4775 cum
1496 4721 1751 4788 cithara;
1784 4736 1906 4777 cum

1458 387 1781 453 SCRIPTA
1820 388 2372 455 MISCELLANEA.

3428 390 3567 457 1342

1902 507 1955 569 Α
1982 507 2269 579 Εὗρυθμον
2297 506 2561 573 πλέξασαι
2582 488 2749 578 ”χορὸν
2810 506 2870 560 έν
2896 504 3128 569 ἁπαλοῖς
3154 505 3465 569 δακτύλοις.

1980 599 2311 672 Εὐφραίνου,
2366 600 2607 671 τέρπου,
2655 597 2751 654 καὶ
2808 597 2980 653 πολλά
3036 601 3231 670 χαῖρε,
3278 599 3376 653 καὶ
3410 599 3577 653 πάλιν

3293 688 3504 764 [Χαῖρεν

1981 784 2168 857 κυρία
2202 782 2421 841 πάντων
2442 781 2552 840 τῶν
2583 783 2757 839 ἐθνῶν
2782 783 2893 839 τῶν
2914 784 3006 838 ἐπὶ
3026 784 3126 854 τῆς
3154 784 3399 856 ἑσπέρας
3416 825 3432 850 ,

1993 876 2129 932 ’Δπδ
2149 877 2378 948 πατρὸς,
2411 876 2521 933 ἀπὸ
2550 875 2759 948 μητρδς
2776 878 2840 931 ὲκ
2866 874 2974 930 τῶν
2998 875 3480 948 άγχιστευμάτων.

1979 971 2049 1024 Σὲ
2077 969 2377 1041 τρέμουσιν
2417 964 2722 1039 ’Δλαμανοὶ
2749 968 2907 1038 γένος
2940 968 3106 1038 ῥηγδς
3136 968 3195 1021 έν
3236 968 3429 1039 Ῥήνου
3453 981 3468 996 ⁸

1979 1061 2085 1117 Σοῦ
2116 1061 2186 1116 τά
2215 1061 2512 1134 Γερμανῶν
2538 1062 2876 1134 πτήσσουσιν
2921 1061 3051 1132 ἔθνη
3080 1060 3178 1133 τὴν
3203 1058 3548 1123 δυναστείαν,

1983 1154 2076 1208 Σρὶ
2095 1154 2368 1210 Διοκλέων
2392 1153 2488 1208 καὶ
2535 1153 2728 1208 Δακῶν
2753 1153 2884 1226 ἔθνη
2902 1151 3281 1224 δωροφοροῦσι

1981 1246 2092 1301 Καὶ
2117 1245 2381 1317 Περαιϐοὶ
2408 1245 2780 1316 φιλάρπαγες,
2803 1245 3109 1318 Δαλμάται,
3144 1246 3240 1299 καὶ
3270 1244 3533 1308 Γαλάται,

1984 1338 2308 1412 Λαμπάρδοι
2333 1379 2350 1406 ,
2412 1340 2510 1394 καὶ
2568 1339 2845 1396 Γενούσιοι
2872 1379 2888 1409 ,
2954 1339 3053 1394 καὶ
3110 1337 3395 1410 Καλαϐροὶ
3458 1319 3581 1411 μετ’

3223 1428 3504 1501 [Ἀφρωνυ

1982 1523 2092 1579 Καὶ
2113 1521 2226 1595 πῦρ
2255 1521 2497 1577 αίτναῖον
2520 1520 2763 1576 Σικελῶν
2795 1521 3018 1592 φρίσσει
3066 1520 3168 1595 τήν
3199 1519 3475 1587 ἐξουσίαν,

1983 1618 2096 1673 Καὶ
2133 1616 2455 1688 Τυρρηνίων
2488 1616 2724 1688 κορυφαὶ
2747 1617 2843 1670 καὶ
2870 1615 3150 1687 Πρόποδες
3175 1613 3351 1686 ὀρέων
3386 1613 3491 1684 (1).

1982 1707 2052 1761 Σὲ
2077 1707 2272 1779 τρέμει
2291 1705 2351 1760 τὸ
2383 1705 2704 1771 Γαλ.ατικ²›ν,
2728 1706 2903 1759 πᾶσαι
2938 1703 3105 1775 φυλαὶ
3136 1708 3235 1758 καὶ
3264 1702 3536 1772 γλῶσσαι,

1985 1797 2150 1853 Ὅσαι
2206 1797 2340 1871 περὶ
2385 1796 2485 1870 τήν
2542 1796 2822 1867 Χάρυϐδιν
2846 1834 2865 1864 ,
2903 1795 3028 1851 δσαι
3073 1795 3205 1868 περὶ
3262 1794 3364 1868 τήν
3413 1794 3588 1849 Σκύλ-

3362 1885 3507 1962 [λαν.

1987 1981 2100 2036 Καὶ
2126 1980 2257 2053 περὶ
2285 1978 2454 2035 πλοῦν
2483 1980 2763 2050 Λιγιτικδν
2793 1980 2889 2035 καὶ
2914 1979 3144 2052 Σύρτεις
3181 1980 3501 2051 ἀμφοτέρας
3530 1994 3547 2011 ’

1984 2076 2060 2130 Σὺ
2116 2073 2374 2146 Δεύκρων
2418 2072 2629 2146 ἄρχεις,
2655 2072 2720 2126 σὺ
2756 2074 2981 2144 κρατεῖς
3026 2071 3243 2127 Οὕννων
3294 2072 3389 2126 καὶ
3441 2071 3592 2125 Πανί

3261 2163 3481 2236 [νονίων
3495 2202 3510 2219 .

1983 2255 2053 2312 Σὲ
2077 2259 2278 2331 νήσους
2305 2258 2406 2323 τάς
2443 2256 2783 2330 Βρετανικὰς
2807 2258 2992 2313 άκούω
3019 2256 3326 2313 λιτανεύειν
3352 2297 3367 2313 .

1985 2348 2061 2401 Ού
2091 2347 2185 2401 σοῦ
2218 2347 2276 2402 δὲ
2305 2350 2748 2419 προπορεύονται
2782 2353 2881 2403 καὶ
2906 2347 3355 2419 προοδοποιοῦσιν

1944 2489 1950 2503 ,
1985 2441 2052 2495 Al
2092 2438 2390 2512 θυγατέρες
2409 2442 2465 2494 αἱ
2493 2440 2695 2510 σεμναὶ
2719 2441 2894 2493 πᾶσαι
2919 2438 3029 2493 τῶν
3068 2438 3334 2508 βασιλέων
3359 2456 3373 2471 ο

1985 2530 2087 2584 Σὺν
2112 2529 2381 2584 λιτανεύει
2409 2531 2704 2602 πρόσωπον
2733 2532 2767 2602 ή
2799 2528 2951 2584 πᾶσα
2971 2531 3262 2601 γερουσία,

1986 2623 2099 2678 Καὶ
2126 2622 2223 2677 τοῦ
2249 2622 2380 2677 λαοῦ
2408 2623 2470 2676 τὸ
2500 2623 2759 2678 πλούσιον
2791 2624 2997 2695 σφόδρα
3026 2623 3318 2694 δορυφορεῖ
3344 2639 3452 2679 σοι.

1998 2709 2225 2780 Ἀλλ’,ὣ
2257 2715 2398 2769 Σιὼν
2429 2717 2725 2783 ἑπτάλοφε,
2752 2716 2980 2788 δευτέρα
2999 2717 3244 2788 νεωτέρα

1987 2807 2241 2880 Θύγατερ
2283 2808 2528 2878 Ῥώμης,
2565 2809 2805 2872 παλαιᾶς
2825 2804 2975 2871 οἶκος
2995 2808 3143 2879 ἐμῶν
3178 2808 3456 2878 ἀνάκτων,

1987 2900 2280 2973 Εὐδαίμον,
2326 2901 2654 2971 μεγαλόδοξε
2685 2901 2870 2971 μερῶν
2896 2899 3027 2954 υίῶν
3053 2901 3382 2968 καλλίστων,

1987 2989 2299 3062 Περιλαϐοῦ
2328 2992 2422 3045 τὸν
2449 2992 2662 3046 ἄνακτα
2691 2992 2789 3045 καὶ
2819 2991 3198 3062 περιπλάκηθί
3233 3009 3348 3061 μοι,

2002 3082 2255 3153 Ἀνύμνει
2289 3082 2385 3137 τὸν
2414 3084 2639 3152 σωτῆρά
2674 3100 2790 3149 σου,
2819 3083 2914 3137 τὸν
2948 3083 3332 3161 αὐτοκράτορά
3364 3099 3485 3139 σου.
3530 3064 3549 3085 Χ

1998 3174 2196 3247 Ῥῆξον
2228 3176 2415 3247 φωνὴν
2444 3174 2775 3247 ὑφ’-ἡδονῆς,
2804 3174 2969 3247 ῥῆξον
2999 3174 3094 3229 ὑπ’
3114 3175 3493 3248 εὐφροσύνης⁹

1915 3246 1960 3306 C
1990 3246 2197 3340 Στῆσον
2226 3270 2434 3341 έόρτιον
2457 3268 2638 3340 χορὸν,
2673 3263 2768 3340 ᾆδε
2797 3246 2896 3339 τὴν
2927 3268 3232 3340 σωτηρίαν.

1993 3361 2381 3432 Συνετηρήθης
2410 3360 2654 3432 ἀϐλαϐὴς
2686 3360 2796 3415 ἀπὸ
2822 3361 3298 3432 προνομευμάτων

2002 3453 2129 3509 ’Υπ’
2155 3453 2278 3525 δψιν
2302 3455 2435 3508 πᾶσι
2458 3456 2572 3519 τοῖς
2604 3453 2756 3518 λαοῖς
2787 3453 3083 3525 κειμένων,
3115 3454 3488 3539 ήλπισμένων
3508 3468 3525 3488 ⁸

1993 3611 2104 3672 Tibi
2130 3616 2458 3672 Diocleorum
2486 3634 2549 3672 ac
2577 3616 2848 3671 Dacorum
2879 3616 3123 3669 nationes
3150 3616 3348 3670 tributa
3391 3613 3602 3670 soluunt

1991 3718 2045 3765 et
2073 3710 2341 3767 Perrhtebi
2368 3726 2611 3783 rapaces,
2636 3709 2906 3765 Dalmatte
2935 3718 2986 3764 et
3014 3707 3249 3773 Galatas,
3288 3707 3600 3778 Lampardi,

1996 3801 2232 3868 Genusii,
2265 3802 2486 3859 Calabri
2514 3819 2632 3858 cum
2666 3801 2849 3874 Afris;
2880 3811 3027 3854 tuam
3061 3808 3371 3872 potestatem
3419 3798 3604 3853 zEtna:

1993 3898 2141 3970 ignes
2170 3897 2578 3968 perhorreséunt
2606 3905 2657 3950 et
2690 3912 2810 3949 cum
2840 3897 2906 3950 iis
2947 3894 3340 3966 Tyrrhenorum
3364 3891 3518 3947 duces
3542 3908 3607 3946 ac

1994 3990 2401 4046 Pedemontani.
2446 3986 2513 4045 Te
2545 3987 2728 4043 Gallia
2771 3991 2958 4043 metuit
2989 3998 3039 4042 et
3065 3994 3320 4059 quotquot
3348 3986 3517 4040 tribus
3551 3998 3604 4049 eg

1998 4082 2196 4154 linguae
2244 4084 2388 4137 circa
2460 4080 2767 4151 Charybdin
2830 4096 2894 4135 ac
2949 4077 3189 4152 Scyllam
3250 4087 3342 4133 aut
3405 4078 3607 4131 circum

1999 4182 2195 4246 petum
2236 4172 2519 4245 Ligiticum
2574 4182 2623 4227 et
2694 4173 2880 4227 ambas
2950 4170 3132 4243 Syrtes
3200 4179 3609 4239 computantur.

2003 4263 2084 4319 Tu
2120 4266 2178 4320 in
2214 4265 2443 4321 Deucros
2468 4307 2484 4331 ,
2534 4264 2780 4329 Hunnos,
2832 4264 3117 4321 Pannones
3145 4264 3478 4330 dominaris;
3511 4281 3615 4318 no-

2001 4375 2124 4414 men
2169 4368 2318 4414 tuum
2375 4359 2568 4416 insulae
2629 4359 2969 4415 Bretannicat
3015 4356 3325 4423 celebrant,
3360 4374 3454 4412 nec
3488 4356 3610 4412 ulla

2001 4454 2312 4508 veneranda
2365 4446 2549 4524 regum
2606 4451 2725 4522 ﬁlia
2776 4459 2827 4507 te
2880 4452 3149 4521 pracedit.
3196 4450 3410 4507 Vultum
3452 4459 3607 4504 tuum

2006 4553 2149 4601 totus
2173 4553 2391 4601 senatus
2420 4545 2667 4601 laudibus
2689 4546 2834 4619 effert
2849 4564 2867 4612 ;
2890 4555 2941 4600 te
2964 4545 3146 4616 pOpuli
3178 4563 3419 4618 proceres
3445 4544 3613 4600 armis

2011 4645 2310 4710 protegunt.
2343 4635 2469 4702 Sed,
2495 4654 2524 4691 ο
2551 4635 2679 4693 Sion
2703 4637 2993 4709 septicollis
3012 4679 3025 4702 ,
3057 4636 3387 4709 ﬁliajunior‘
3406 4635 3613 4701 Romae,

2010 4732 2399 4799 imperatorum
2426 4737 2731 4784 nostrorum
2767 4731 2974 4797 domus,
3011 4731 3341 4802 egregiorum
3371 4726 3615 4798 ﬁliorum

305 4815 554 4881 cithara,
592 4831 623 4868 o
657 4813 829 4868 Dauid
849 4852 865 4877 ,
902 4811 1108 4868 caelitus
1139 4812 1430 4883 inspirata,
1459 4814 1674 4885 ﬂexisti,
1702 4812 1907 4869 Roma-
2015 4820 2282 4892 genitriw,
2328 4820 2511 4875 saluta
2558 4822 2969 4893 imperatorem,
3015 4830 3065 4876 et
3100 4838 3185 4876 me
3231 4820 3616 4891 complectere;

308 4924 504 4963 norum
565 4909 945 4977 imperatorem
1002 4904 1414 4977 pulchritudinis
1475 4913 1582 4961 tuoe
1647 4906 1909 4961 illecebris
2017 4912 2258 4965 carmine
2282 4911 2491 4967 celebra
2519 4912 2870 4979 salvatorem,
2898 4915 3274 4983 imperatorem
3310 4922 3483 4968 tuum.

309 5000 619 5065 adduxisti;
653 5000 859 5070 generis
880 4998 1096 5069 paterni
1118 4998 1347 5069 gloriam
1375 4999 1430 5055 in
1454 4997 1626 5052 medio
1656 4999 1912 5052 uirtutum
2092 5002 2295 5076 Rumpe
2311 5021 2486 5062 υοεεηι
2514 5024 2626 5079 pra,»
2649 5007 2858 5072 (mitia,
2880 5022 2992 5078 pm:
3015 5005 3372 5077 iubilationc;
3397 5008 3617 5062 chorum

308 5093 470 5147 choro
497 5091 754 5156 statuisti,
781 5106 900 5162 quae
923 5107 1016 5144 ceu
1051 5090 1295 5145 delicatos
1323 5091 1555 5161 uirgines
1592 5107 1712 5145 cum
1743 5099 1910 5145 cantu
2019 5100 2145 5153 siste
2220 5098 2490 5168 festivum,
2550 5108 2712 5155 canta
2776 5100 3008 5154 salutem
3036 5115 3059 5167 ;
3108 5099 3390 5154 incolumis
3473 5100 3618 5155 enim

309 5193 360 5237 et
407 5184 675 5255 applausu
724 5185 924 5238 Circum
958 5192 1009 5236 le
1037 5182 1244 5237 εαλῑιιηε
1269 5222 1285 5248 ,
1336 5182 1630 5255 digitorum
1677 5185 1915 5254 εινερὶω
2023 5194 2268 5247 mansisti
2316 5201 2367 5248 et
2401 5193 2599 5248 nullius
2630 5192 2814 5265 populi
2846 5193 3031 5264 praeda
3064 5194 3277 5248 evasisti
3293 5211 3313 5260 ;
3346 5193 3440 5248 tibi
3468 5208 3621 5248 exer-

312 5280 533 5332 ChOYum
559 5285 816 5349 regentes.
2021 5288 2160 5341 citus
2194 5284 2377 5340 multis
2423 5286 2665 5358 gentibus
2713 5289 3028 5357 compositus
3074 5287 3335 5356 pepercit;
3381 5302 3433 5339 es
3478 5286 3619 5339 enim

385 5368 591 5430 Jubila.
625 5370 817 5440 gaude,
855 5368 1021 5431 salve,
1047 5379 1207 5439 atque
1236 5371 1432 5427 iterum
1479 5376 1646 5440 salve,
1673 5374 1913 5429 omnium
2019 5394 2139 5432 cum
2162 5386 2316 5447 patre
2337 5377 2522 5434 Roma:
2547 5394 2694 5434 nova:
2712 5378 2844 5432 lenis
2874 5377 3198 5432 dominator.
3226 5376 3430 5444 Jubila,
3460 5388 3620 5433 canta

315 5461 388 5514 ad
413 5464 828 5531 septentrionem
861 5463 1100 5533 gentium
1143 5462 1361 5516 domina
1383 5505 1398 5529 ,
1448 5473 1602 5534 patre
1632 5481 1698 5519 ac
1741 5473 1884 5519 matr

2022 5485 2294 5541 pceunem;
2340 5473 2395 5525 in
2436 5473 2696 5527 mwnibus
2731 5473 2903 5538 celsis,
2942 5489 3102 5539 super
3149 5471 3417 5525 montibus
3461 5471 3618 5524 editis

319 5557 577 5630 legitimis
620 5568 910 5629 prognata.
963 5557 1036 5611 Te
1082 5558 1376 5613 Alamanni
1410 5560 1479 5613 ad
1527 5560 1768 5615 Rhenum
1800 5578 1914 5617 me-

318 5659 678 5718 tuunt;tuum
700 5654 984 5722 imperium
1006 5650 1393 5708 Germanorum
1422 5656 1569 5712 natis
1599 5657 1913 5715 extimescit.

379 5858 462 5932 (l)
496 5858 921 5918 Pedemoutani.

2022 5564 2362 5630 imperatoris
2394 5563 2718 5619 voluntatem
2743 5584 2806 5619 ac
2838 5565 3205 5620 celsitudinem
3231 5563 3456 5617 celebra.
3486 5562 3622 5619 Tam

2026 5651 2287 5721 illustres,
2331 5651 2583 5722 Romani,
2612 5655 2788 5711 videre
2819 5673 2914 5713 nos
2945 5657 3182 5725 decebat,
3207 5671 3352 5731 reges
3382 5655 3618 5727 porphy‘
