4078 6398
483 484 616 539 Ἀπὸ
644 486 935 556 παμφύλου
961 489 1222 557 στρατιᾶς
1259 489 1356 556 τῆς
1384 489 1476 542 ἀπ’
1509 489 1678 543 ὲθνῶν
1702 490 1914 562 μυρίων
1939 508 1952 523 ·

465 577 619 630 Μετὰ
643 578 848 648 πατρὸς
883 579 1046 632 παῖδα
1083 580 1261 649 πραῢν
1294 581 1515 651 Ῥώμης
1543 582 1811 654 δεσπότην
1838 584 1988 647 νέας.

463 667 718 738 Γέραιρε,
749 669 924 737 μέλπε
961 671 1078 739 μετ’
1103 671 1244 741 ᾠδῆς
1271 673 1365 726 καὶ
1395 673 1530 743 μετὰ
1559 674 1833 742 παιηόνων
1854 688 1868 701 ·

475 759 593 812 Ἐπ’
623 762 809 830 ἄκρων
835 763 1077 832 κήρυσσε
1111 764 1333 834 τειχῶν,
1368 766 1456 819 ἐπ’
1482 765 1669 836 ἄκρων
1689 765 1798 820 τῶν
1822 765 2018 837 ὀρέων,

462 851 576 921 Τὴν
605 851 983 922 αὐτοκράτορα
1009 853 1228 923 βουλὴν,
1257 855 1357 926 τὴν
1383 857 1884 928 μεγαλοφροσύνην.

464 940 752 1005 Τοιούτους
777 941 1016 1013 ἔπρεπεν
1047 946 1178 1015 ἡμῖν
1219 945 1367 1017 ἔχειν
1392 948 1545 1020 ὀρᾷν,
1587 947 1865 1019 Ῥωμαῖοι,

463 1032 869 1100 Μεγαλοδόξους
898 1035 1138 1099 ἄνακτας
1159 1039 1285 1102 τοὺς
1311 1039 1420 1094 ἀπὺ
1444 1041 1540 1110 τῆς
1564 1041 1874 1112 πορφύρας,

476 1122 654 1184 Ἦδεῖς
689 1126 841 1190 ἰδεῖν,
878 1127 1025 1198 ήδεῖς
1065 1130 1259 1195 εἰπεῖν,
1296 1130 1441 1201 ἡδεῖς
1482 1132 1904 1202 προσομιλῆσαι,

471 1213 727 1281 Ῥύστας,
758 1218 1011 1288 σωτῆρας
1034 1218 1269 1285 πόλεως,
1303 1220 1638 1292 προμάχους,
1666 1221 2045 1303 ύπερμάχους,

464 1306 606 1370 Τοὺς
637 1307 698 1373 ἐξ
723 1308 974 1363 ἀνάκτων
999 1309 1259 1375 ἄνακτας,
1283 1312 1409 1375 τοὺς
1435 1314 1532 1366 ἀπ’
1573 1312 2014 1386 αὐτοκρατόρων,

466 1394 591 1451 Τῶν
612 1395 858 1452 παλαιῶν
888 1399 1185 1470 διορθωτάς
1203 1399 1340 1455 ἐθῶν
1361 1402 1455 1455 καὶ
1477 1404 1790 1473 προνομίων
1817 1421 1832 1438 ο
1957 1394 1964 1413 ¹

469 1486 609 1557 Παρ’
636 1483 721 1552 οἷς
744 1488 773 1541 ό
803 1488 992 1559 θρόνος
1022 1493 1051 1545 ό
1088 1494 1305 1559 σεπτὺς,
1339 1494 1470 1565 παρ’
1495 1488 1578 1557 οἷς
1613 1496 1646 1565 ὴ
1683 1497 2047 1568 σκηπτουχὶα,

470 1580 685 1649 Ὠσπερ
707 1581 940 1652 πατρῴα
978 1582 1301 1655 πρόκτησις,
1335 1584 1526 1654 ὥσπερ
1557 1587 1904 1659 κληροδοσία.

471 1672 534 1725 Ei
561 1672 670 1743 γὰρ
693 1673 786 1728 καὶ
814 1673 1081 1739 Κλαύδιος
1100 1676 1253 1730 δοκεῖ
1279 1678 1430 1750 παρὰ
1462 1678 1748 1750 Ῥωμαίων
1785 1683 1960 1750 μέγας

485 1764 571 1817 Ἐν
598 1763 675 1833 τῷ
702 1764 849 1835 χορῷ
878 1764 987 1819 τῶν
1020 1768 1298 1837 συγγενῶν
1327 1769 1434 1824 τῶν
1463 1772 1744 1841 σκήπτρου
1768 1773 2046 1843 διαδόχων,

469 1852 688 1925 Φρονῶν
719 1857 812 1908 καὶ
845 1858 1245 1930 σεμνυνόμενος
1267 1863 1324 1915 ὲν
1355 1864 1418 1933 τῇ
1447 1864 1751 1934 χοροτυπίᾳ

472 1947 579 1998 Kal
604 1951 902 2020 προπομπῇ
933 1952 997 2019 τῇ
1035 1954 1290 2020 συγγενεῖ
1310 1952 1419 2007 τῶν
1439 1955 1548 2009 ἀπὸ
1586 1955 1960 2027 σκηπτουχίας
1980 1973 1995 1988 θ

484 2036 623 2089 Ἀλλ’
661 2037 929 2103 Ἰσαάκιος
959 2041 1124 2095 αὑτοῦ
1156 2043 1325 2113 μείζω
1355 2047 1627 2116 φρονῆσαι
1658 2048 1839 2113 δόξει,

452 2120 574 2183 ’⁷Ων
607 2129 741 2197 ὕψος
764 2132 906 2204 μέγα
937 2134 1241 2206 Κομνηνοῖς
1284 2141 1394 2200 τοῖς
1426 2139 1534 2193 ἀπὸ
1567 2143 1671 2211 γῆς
1705 2142 1883 2212 ἡλίου.

480 2223 586 2276 Kal
625 2225 1032 2292 Κωνσταντῖνος
1061 2229 1178 2299 μετ’
1212 2230 1375 2285 αὐτοῦ
1401 2232 1609 2298 Δοῦκας
1642 2235 2020 2307 αὐτοκράτωρ,

479 2315 588 2368 Kal
619 2315 737 2385 μετ’
762 2318 924 2371 αὐτὸν
974 2318 1209 2387 Ἀλέξιος
1240 2322 1435 2394 μέγας
1460 2325 1745 2394 Ῥωμαίων
1769 2327 1925 2393 ἄναξ,

480 2406 702 2472 Πολλοῖς
732 2413 1255 2482 προπομπευόμενοι
1286 2414 1654 2486 σκηπτούχοις
1690 2419 2013 2485 συγγενέσιν
2037 2432 2052 2448 ·

488 2498 580 2564 Ἐξ
607 2491 682 2553 ὧν
716 2500 1048 2574 ἐϐλάστησεν
1077 2505 1209 2575 ἡμῖν
1232 2507 1297 2558 ὲκ
1333 2506 1430 2577 τῆς
1457 2507 1661 2577 σεμνῆς
1685 2507 1970 2578 πορφύρας

478 2589 665 2662 Πατὴρ
698 2594 793 2646 καὶ
814 2597 945 2658 παῖς
970 2596 1019 2648 οε
1056 2595 1325 2664 βασιλεῖς,
1351 2599 1403 2650 oi
1430 2598 1692 2669 φύλακες,
1722 2601 1770 2652 οῖ
1794 2600 1987 2670 ρύσται

477 2684 660 2751 Δήμου
688 2685 882 2739 πολλοῦ
915 2689 1008 2740 καὶ
1043 2689 1238 2743 πολλοῦ
1272 2690 1610 2759 εὐδαίμονος.
1645 2692 1946 2764 εύπύργου.

490 2774 658 2844 Ἀλλ’,
677 2771 722 2831 ὦ
748 2779 1038 2853 πορφύρας
1061 2783 1161 2852 τῆς
1188 2781 1360 2846 καλῆς
1377 2782 1583 2848 κλῶνες
1601 2786 1779 2850 καλοῖ,
1810 2786 2057 2857 μεγάλοι,

488 2869 785 2938 Ῥωμαίοις
813 2873 1242 2945 εὐπραγήματα,
1281 2875 1574 2946 Ῥωμαίοις
1597 2881 1709 2940 τοῖς
1739 2877 1916 2948 ἑῴοις,

482 2964 752 3027 ’Ἄνακτες
780 2966 1147 3035 μεγαλόδοξοι,
1191 2967 1359 3039 ῥιζῶν
1388 2970 1642 3038 μεγάλων
1668 2969 1915 3039 βλάσται,

491 3056 688 3120 Ῥιζῶν
717 3058 971 3128 μεγάλων
1011 3060 1104 3113 καὶ
1134 3061 1375 3131 χρυσῶν,
1413 3061 1582 3133 ῥιζῶν
1617 3062 2056 3135 παχυστελέχων,

491 3145 907 3222 Ἀμιλληθείητε
936 3153 1204 3224 λαμπρῶς
1227 3157 1336 3217 τοῖς
1368 3154 1549 3219 ἄθλοις
1586 3156 1846 3222 Ἀλεξίου,

480 3242 1042 3315 Συναποτυπωθείητε
1072 3247 1212 3316 πρὸς
1240 3248 1368 3310 τοὺς
1399 3246 1611 3301 ἐκείνου
1643 3247 1882 3317 τρόπους
1902 3266 1916 3281 ο

492 3337 777 3409 Ὀφθείητε
808 3326 1117 3409 μιμήματα
1144 3340 1376 3410 λαμπρὰ
1405 3339 1512 3392 τῶν
1539 3340 1891 3411 ἀρχετύπων,

491 3428 615 3504 Ὑφ’
646 3429 855 3482 ἑαυτῶν
884 3431 1253 3501 πανεμφερῶς
1283 3433 1755 3504 ἀποτετυπωμένα
1776 3451 1789 3465 ⁸

491 3500 780 3592 Ὀφθείητε
812 3500 1169 3595 λαμπρότερα
1200 3525 1470 3596 λαμπρῶν
1503 3500 1912 3596 ἀπὺ-τροπαίων

481 3701 748 3772 rogenitos
766 3705 876 3757 risu
892 3703 1182 3776 audituque
1192 3706 1483 3776 iucundos,
1503 3706 2066 3779 alfabiles.salvatores

483 3793 660 3859 urbis,
695 3804 1138 3866 prOpugnatores,
1176 3814 1324 3869 reges
1354 3801 1503 3871 regia
1534 3801 1698 3871 stirpe
1725 3801 1919 3867 editos,
1950 3817 2066 3855 mo-

484 3901 605 3939 rum
640 3887 982 3957 antiquorum
1011 3898 1060 3944 et
1092 3892 1487 3962 privilegiorum
1530 3895 1883 3958 restitutores,
1909 3910 2067 3963 penes

483 3992 615 4047 quos
670 3979 890 4032 thronus
949 3982 1284 4037 venerandus
1319 4022 1335 4050 ,
1390 4000 1616 4054 quorum
1696 3986 1752 4039 in
1826 3986 2068 4042 manibus

483 4076 751 4137 sceptrum
808 4070 946 4123 sicut
991 4080 1217 4140 paterna
1251 4075 1508 4143 possessio
1568 4083 1726 4145 atque
1766 4075 2065 4132 hereditas.

486 4156 604 4211 Etsi
630 4159 769 4212 enim
820 4158 1079 4217 Claudius
1120 4165 1175 4217 in
1212 4164 1597 4234 imperatorum
1637 4167 1794 4220 choro
1843 4183 2069 4237 magnus

487 4250 684 4319 aliquis
718 4252 960 4306 videatur
981 4265 1029 4308 et
1060 4265 1274 4327 propter
1304 4259 1573 4328 ingenium
1594 4277 1655 4313 ac
1679 4259 1905 4314 indolem
1930 4261 2071 4313 inter

487 4356 649 4409 pares
725 4343 991 4410 excellat,
1060 4345 1298 4402 Isaacius
1334 4340 1548 4402 ‘tamen
1623 4348 1819 4404 altiora
1878 4352 2072 4405 sentire

1687 381 2082 443 THEODORI
2122 381 2521 444 PRODROMI

3597 379 3733 453 ΗΜ

2077 498 2121 551 Δ
2152 492 2297 563 Ἕως
2329 493 2599 561 Γαδείρων
2629 490 2724 545 καί
2756 489 2935 543 διττοῦ
2970 490 3160 558 γένους
3176 489 3288 545 τῶν
3315 489 3592 544 Αἰθιόπων
3618 507 3632 521 ·

2159 582 2282 653 Ἀφ’
2299 578 2374 639 ὧν
2408 588 2521 647 τοῖς
2568 583 2665 654 μὲν
2689 582 3003 653 συνοίκησις
3025 583 3118 635 ἐπὶ
3142 583 3367 652 δυσμῶν
3397 583 3576 653 ῂλίου,

2145 675 2272 739 Τοῖς
2322 676 2379 730 δὲ
2438 677 2574 747 πρὸς
2636 671 2859 744 πρώτας
2910 672 3240 745 ἀστραπὰς,
3278 673 3505 742 πρώτας
3556 678 3734 741 αὑγας
3787 722 3793 728 .

3456 763 3657 836 [ﬁliam

2086 940 2087 943 η
2148 858 2359 928 Ὠσπερ
2389 859 2499 921 τοῖς
2525 859 2711 913 ἔπεσιν
2746 860 2926 927 εὑρεῖν
2965 858 3180 923 ἐξέσται
3204 860 3316 919 τοῖς
3354 858 3623 928 Ὀμήρου,

2150 949 2336 1003 Ἐλθοι
2372 951 2434 1004 τὸ
2462 952 2619 1015 κλέος
2643 954 2885 1022 κήρυκος
2910 949 3281 1022 κηρύσσοντος
3313 949 3492 1021 ἡλίου.

2158 1041 2514 1112 Ἐπεύχομαι,
2537 1042 2604 1096 τὰ
2636 1044 2926 1112 κράτιστα,
2954 1042 3025 1095 τὰ
3048 1041 3332 1105 κάλλιστα,
3365 1044 3436 1098 τὰ
3463 1041 3647 1113 λῷστα

2159 1130 2257 1187 Ἐκ
2288 1132 2384 1187 τοῦ
2435 1133 2640 1202 πατρὸς
2672 1135 2809 1205 πρὸς
2834 1133 2929 1189 τὸν
2976 1135 3092 1189 υἱὸν
3137 1133 3209 1187 τὰ
3240 1134 3500 1205 σκῆπτρα
3541 1134 3636 1189 καὶ
3675 1134 3740 1188 τὸ

3436 1225 3667 1298 [κράτος

2150 1316 2260 1371 Kal
2273 1317 2431 1372 τοῦτο
2458 1318 2646 1390 κύκλῳ
2668 1319 2765 1374 καὶ
2790 1319 3004 1394 μακρὸν
3027 1318 3222 1390 χρόνον
3245 1320 3401 1390 ὲμοῖς
3423 1318 3739 1384 δεσπόταις.

2151 1472 2226 1530 B’.
2264 1474 2374 1529 Τοῦ
2400 1475 2591 1530 αὑτοῦ
2617 1475 2817 1544 στίχοι
2837 1476 2933 1530 ἐπὶ
2960 1474 3041 1540 τῷ
3066 1474 3460 1544 αὐτοκράτορι.
3488 1474 3739 1543 Ἰωάννῃ

2222 1544 2291 1598 ἐκ
2325 1544 2575 1612 Περσῶν
2608 1545 2932 1613 νικητικῶς
2951 1545 3321 1611 ἐπανήκοντι
3342 1560 3356 1574 ·
3383 1544 3482 1597 ὅτε
3505 1546 3600 1598 καὶ
3627 1545 3743 1606 τὴν

2220 1616 2586 1685 Κᾳισάρειαν
2611 1616 3124 1685 παραστήσωθαι
3149 1616 3433 1684 ἔμελλεν,
3453 1618 3504 1667 sl
3534 1615 3620 1683 μὴ
3654 1618 3745 1667 λλι-

2216 1684 2310 1752 μῷ
2343 1687 2439 1739 καὶ
2463 1684 2705 1756 χειμῶνι
2736 1686 2774 1755 ἤ
2806 1704 2869 1741 τε
2895 1687 3082 1752 ἵππος
3116 1688 3215 1741 καὶ
3248 1689 3282 1741 ὁ
3304 1685 3566 1755 στρατὸς
3594 1700 3742 1740 κατ-

2224 1756 2534 1826 ειρτάσθη.

2077 1839 2125 1900 Β
2155 1870 2327 1925 Πάλιν
2367 1869 2518 1939 ἁγὼν
2540 1872 2653 1934 τοῖς
2682 1870 2933 1942 ῥήτορσι,
2961 1871 3074 1935 τοῖς
3104 1870 3474 1941 λογογράφοις
3497 1863 3685 1933 ἆθλος,

2154 1962 2280 2025 Τοῖς
2318 1962 2702 2033 στιχογράφοις
2728 1962 2934 2032 ἅμιλλα
2964 1961 3073 2014 τῶν
3106 1960 3276 2015 πάλαι
3309 1959 3671 2029 σφοδροτέρα,

2157 2053 2327 2107 Πάλιν
2356 2054 2579 2116 παιανὶς
2612 2038 2848 2123 μουσίκὴ
2886 2051 3189 2123 βασιλικῶν
3221 2051 3531 2123 τροπαίων,

2155 2146 2267 2201 Kal
2301 2146 2467 2200 πάλιν
2493 2145 2664 2216 ὕμνος
2692 2148 2898 2219 ἀρετῆς
2933 2146 3030 2200 καὶ
3063 2144 3234 2216 τύχης
3268 2142 3631 2213 Κομνηνίδος.

2160 2240 2295 2307 Ἀγε
2327 2254 2438 2305 μοι,
2466 2237 2716 2306 γλῶσσα,
2749 2238 2941 2307 μαίευε
2962 2237 3103 2307 πλὴν
3127 2236 3366 2304 εὐγενεῖς
3380 2235 3504 2296 τοὺς
3531 2232 3746 2300 λόγους·

2168 2330 2234 2384 Ἥ
2249 2328 2392 2403 χεὶρ,
2410 2328 2635 2394 ὁπλίζου
2661 2331 2798 2400 πρὸς
2813 2330 3055 2402 γραφὴν,
3077 2329 3175 2383 καὶ
3192 2326 3467 2392 δάκτυλοι,
3483 2323 3747 2379 κινεῖσθε.

2158 2424 2325 2478 Οὐδὲν
2352 2424 2473 2495 μὲν,
2504 2419 2642 2490 οῖδα,
2671 2421 3108 2494 γράψομενςτρδς
3128 2419 3224 2483 τὰς
3256 2418 3539 2490 παρούσας
3566 2417 3746 2481 νίκας,

2159 2516 2280 2570 Οὐδ’
2315 2515 2642 2586 ὲφικοίμεθα
2670 2515 2856 2577 ποσῶς
2889 2515 2988 2584 τῆς
3021 2512 3228 2567 τούτων
3250 2509 3495 2576 εὐδοξίας
3516 2527 3530 2542 ο

2159 2608 2309 2678 Πλὴν
2343 2607 2478 2662 ἀλλὰ
2512 2606 2615 2661 κᾶν
2646 2606 2706 2659 τὸ
2738 2606 3019 2678 πρόθυμον
3050 2606 3447 2676 προσενεκτέον
3482 2600 3670 2671 μόνον.

2160 2696 2328 2751 Οὕπω
2360 2698 2569 2768 τροπὴν
2597 2696 2820 2768 ἐαρινὴν
2859 2695 3156 2765 ἐγνώρισεν
3184 2696 3217 2765 ή
3251 2694 3433 2764 φύσις,

2160 2790 2329 2845 Ούπω
2358 2787 2681 2859 κατείδομεν
2707 2789 2881 2860 ἀρχὴν
2914 2786 3017 2856 τὴν
3044 2785 3138 2840 τοῦ
3166 2782 3541 2854 Φεϐρουαρίου

2159 2883 2268 2939 Τοῦ
2295 2884 2624 2955 δριμυτάτου
2651 2881 2758 2935 τῶν
2790 2882 2977 2952 μηνῶν
3008 2881 3104 2934 καὶ
3133 2881 3225 2935 τοῦ
3247 2875 3693 2948 παγωδεστάτου,

2161 2977 2274 3032 Kal
2300 2976 2494 3045 θάλψις
2523 2971 2688 3046 ἦλθεν
2716 2976 2798 3038 είς
2828 2975 2975 3044 ἡμᾶς
3000 2975 3095 3027 καὶ
3132 2972 3286 3034 λύσις
3321 2972 3417 3026 τοῦ
3445 2969 3714 3041 χειμῶνος
3732 2981 3747 2997 ⁸

2163 3067 2332 3122 Οὔπω
2360 3068 2422 3121 τὸ
2452 3067 2668 3138 δένδρον
2690 3065 2942 3131 ὑπανθεῖ,
2966 3064 3059 3120 καὶ
3089 3064 3150 3118 τδ
3175 3064 3341 3135 φυτὸν
3367 3060 3675 3133 τριχοῦται,

2082 3178 2131 3242 C
2166 3160 2276 3212 Kal
2309 3156 2493 3212 θάλλει
2533 3156 2627 3212 καὶ
2666 3158 3009 3226 καρποφορεῖ
3040 3156 3189 3208 πᾶσα
3221 3154 3426 3207 πιστῶν
3446 3149 3666 3220 καρδία.

2166 3247 2334 3303 Οὔπω
2365 3248 2661 3318 σκιρτῶσιν
2695 3248 2754 3301 ὲν
2788 3247 3025 3318 χλωραῖς
3056 3248 3178 3308 ταῖς
3212 3244 3372 3304 πόαις
3393 3244 3556 3312 ἄρνες
3583 3242 3719 3304 νέοι,

2165 3344 2277 3398 Kal
2300 3340 2407 3395 τῶν
2435 3340 2689 3395 Αὐσόνων
2712 3343 2767 3393 al
2792 3339 2964 3410 ψυχαὶ
2995 3337 3254 3406 σκιρτῶσι
3286 3337 3381 3389 καῖ
3415 3334 3630 3403 πηδῶσι

2169 3435 2289 3489 Τῶν
2312 3434 2421 3488 σῶν
2461 3433 2812 3500 πλησθεῖσαι,
2845 3430 3090 3503 βασιλεύ,
3123 3428 3365 3500 ἡλιακῶν
3400 3426 3658 3480 ἀκτίνων.

2170 3524 2610 3595 Ἰδε,Περσάρχα
2635 3522 2902 3594 βάρῆαρε,
2938 3520 3086 3575 κύων
3125 3518 3462 3589 ἰσμαηλῖτα,

2168 3721 2329 3776 regno
2367 3705 2635 3772 succedit,
2681 3704 2841 3775 idque
2884 3702 3094 3774 utrique
3146 3715 3242 3773 per
3297 3708 3502 3770 tempus
3546 3695 3755 3749 diutur-

2167 3813 2316 3852 num.

2168 3932 2239 3988 Ιῐ.
2269 3931 2528 4003 Ejusdem
2554 3944 2747 3987 versus
2768 3929 3119 4003 in_hon_orem
3142 3926 3370 3984 Joannis
3399 3923 3755 4003 imperatoris

2240 3996 2366 4059 cuin
2404 4002 2588 4057 Persis
2608 4000 2882 4068 superatis
2918 4001 3096 4054 victor
3116 4013 3393 4062 reversus,
3430 3996 3486 4050 in
3511 4010 3578 4049 eo
3597 4005 3755 4068 esset

2242 4085 2305 4130 ut
2330 4073 2636 4129 Caesaream
2661 4066 2882 4141 quoque
2912 4070 3218 4141 subigeret,
3245 4069 3393 4137 quod
3418 4081 3557 4141 sene
3587 4066 3755 4141 fecis-

2243 4153 2347 4209 set,
2375 4143 2481 4198 nisi
2503 4135 2715 4213 pedites
2733 4135 3119 4211 et'equitattim
3135 4135 3311 4196 fames
3331 4154 3395 4194 ac
3413 4138 3588 4207 frigus
3611 4135 3753 4190 male

2246 4214 2594 4270 habuissent.

2243 4348 2446 4404 Rursus
2466 4355 2729 4404 certamen
2746 4345 3063 4410 oratoribus,
3083 4343 3222 4397 lucta
3240 4342 3576 4413 logographis
3593 4356 3756 4412 quam

488 4435 817 4500 reputandus
873 4437 1016 4501 erit;
1069 4455 1194 4492 nam
1244 4438 1636 4494 Comnenorum
1693 4441 1943 4496 celsitudo
2003 4444 2073 4497 ad
2177 4442 2380 4513 priores
2408 4440 2797 4504 vehementior;
2826 4454 3013 4492 rursus
3040 4452 3194 4507 paean
3228 4436 3291 4489 de
3317 4437 3529 4501 tropaeis
3559 4434 3755 4503 regiis;

490 4526 677 4580 cwlum
727 4530 908 4582 tendit.
939 4529 1027 4585 Sic
1057 4532 1437 4588 Constantinus
1494 4534 1670 4590 Ducas
1702 4538 1991 4607 imperator
2027 4547 2073 4592 et
2105 4559 2151 4617 υ
2178 4549 2360 4587 rursus
2407 4535 2630 4604 hymnus
2680 4533 2735 4584 in
2762 4531 3013 4584 uirtutem
3051 4537 3209 4598 atque
3237 4527 3506 4596 fortunam
3531 4524 3756 4581 Conme-

490 4628 609 4689 post
658 4636 776 4673 eum
834 4621 1048 4676 Alexius
1101 4642 1323 4695 magnus
1375 4627 1739 4682 Romanorum
1782 4631 2077 4698 imperator
2178 4643 2392 4681 norum.
2427 4628 2555 4695 Age,
2594 4624 2801 4695 lingua,
2853 4637 3120 4677 sermones
3158 4621 3337 4691 profer
3367 4621 3604 4683 nobiles;
3663 4635 3759 4672 ac-

493 4708 675 4762 multis
726 4714 1061 4782 sceptrigeris
1095 4726 1513 4785 anteponuntur;
1547 4735 1611 4772 ea:
1639 4721 1717 4773 his
1748 4722 1886 4774 enim
1923 4730 2080 4790 pater
2175 4720 2405 4788 cingere,
2465 4732 2677 4778 manus,
2735 4715 2805 4767 ad
2833 4713 3204 4778 scribendum;
3231 4712 3403 4781 digiti,
3438 4710 3716 4764 movemini
3736 4710 3759 4763 !

492 4809 541 4853 el
601 4800 749 4869 ﬁlius
807 4820 1045 4877 purpura
1090 4807 1204 4859 nati
1256 4823 1425 4875 rcges,
1479 4812 1741 4877 custodes,
1785 4809 2077 4866 salvatores
2188 4806 2353 4861 Verba
2382 4814 2563 4859 nostra
2583 4820 2711 4858 sane
2733 4803 3079 4857 victoriarum
3108 4801 3473 4872 magnitudine
3497 4800 3756 4852 nonsatis

493 4894 678 4963 pepuli
717 4874 1092 4967 provenerunt.
1144 4898 1248 4953 Sed
1273 4874 1580 4969 oipurpurte
1615 4874 1849 4970 pulchra:
1876 4905 2077 4973 stipites

494 4982 671 5052 felices
703 4986 956 5043 Romanis
992 4989 1361 5054 orientalibus,
1400 5006 1544 5060 reges
1577 4991 1811 5047 illustres
1841 4996 2077 5048 radicum

497 5078 835 5146 egregiorum
868 5119 882 5143 ,
948 5096 1237 5135 aureorum
1263 5122 1277 5146 ,
1354 5082 1664 5152 amplurum
1720 5084 2036 5156 propagines
2064 5125 2080 5152 ,

499 5178 697 5223 certate
753 5180 967 5225 strenue
1022 5177 1317 5228 certamina
1363 5174 1576 5239 Alexii;
1631 5175 1699 5227 ad
1749 5176 1862 5245 ejus
1913 5192 2083 5230 mores

497 5272 694 5315 uosmet
726 5268 1038 5335 componite.
1072 5268 1348 5323 Prwclara
1401 5270 1808 5339 archetyporum
1837 5270 2079 5340 exempla

429 5396 432 5399 .
499 5350 824 5423 imitamini;
856 5369 1104 5427 superate
1133 5368 1332 5430 tropcea
1362 5359 1595 5415 illustria
1625 5378 1785 5432 usque
1815 5362 1884 5415 ad
1912 5359 2082 5416 Gades

501 5452 557 5504 el
586 5467 749 5519 genus
777 5453 974 5519 duplex
1014 5451 1349 5523 AEthiopum,
1385 5470 1609 5523 quorum
1637 5456 1727 5508 uni
1759 5456 2084 5510 domicilium

504 5546 573 5598 ad
626 5545 943 5598 occidentem
1001 5544 1165 5598 solem
1201 5585 1215 5609 ,
1272 5548 1431 5599 alteri
1502 5544 1571 5599 ad
1623 5549 1851 5615 primam
1914 5548 2083 5602 lucem

508 5636 764 5698 Orientis,
800 5646 855 5689 ut
902 5637 1111 5707 quidem
1165 5651 1229 5689 ea:
1285 5635 1502 5690 Homeri
1557 5638 1878 5694 carminibus
1910 5633 2093 5693 videri

507 5734 606 5787 est,
644 5726 733 5793 qui
778 5725 905 5780 solis
956 5725 1166 5779 laudem
1196 5728 1536 5796 prwconizat.
1569 5725 1778 5796 Optima
1800 5769 1814 5790 ,
1846 5727 2088 5797 pulcher-

512 5818 685 5881 rima,
738 5816 1064 5885 faustissima
1118 5832 1338 5889 qumque
1392 5826 1512 5889 opto
1563 5818 1676 5888 ﬁlio
1732 5822 1821 5887 qui
1857 5822 2000 5886 patri
2034 5822 2086 5877 in

2180 4899 2343 4968 digna
2368 4904 2555 4960 erunt;
2588 4903 2823 4949 attamen
2856 4893 3101 4947 uoluntas
3124 4891 3396 4945 laudanda
3421 4893 3542 4944 erit.

2254 4987 2504 5041 Nondum
2530 4996 2729 5040 natura
2766 4985 2901 5039 teris
2932 4986 3215 5039 adventum
3238 4982 3438 5046 sensit;
3480 4977 3760 5051 Februarii

2180 5096 2400 5151 regnum
2428 5080 2663 5133 nondum
2699 5079 2946 5143 uidimus,
2984 5076 3361 5148 rigorosissimi
3392 5092 3456 5129 ac
3482 5108 3489 5113 »
3511 5074 3759 5143 frigidis-

2179 5170 2300 5227 simi
2323 5172 2599 5235 mensium,
2633 5178 2681 5223 et
2714 5179 2862 5240 tepor
2887 5187 3007 5223 cum
3036 5171 3220 5223 hiemis
3243 5169 3350 5237 ﬁne
3380 5169 3451 5222 ad
3480 5183 3573 5221 nos
3595 5167 3755 5222 venit.

2182 5265 2430 5320 Nondum
2457 5264 2670 5318 arbores
2697 5267 3004 5335 ﬂorescunt.
3031 5264 3264 5317 nondum
3309 5263 3521 5333 frutices
3553 5278 3759 5315 comam

2182 5356 2480 5425 recipiunt;
2526 5357 2760 5409 omnium
2806 5356 2924 5424 jam
2968 5356 3208 5424 ﬁdelium
3262 5357 3423 5410 corda
3467 5360 3659 5427 ﬂorent
3709 5364 3761 5408 et

2183 5449 2386 5518 [ructus
2419 5454 2648 5516 gestant.
2675 5445 2926 5499 Nondum
2959 5448 3085 5517 agni
3115 5447 3306 5500 novelli
3339 5451 3394 5499 in
3420 5446 3578 5499 uiridi
3630 5461 3760 5515 gra-

2188 5540 2325 5593 mine
2355 5538 2579 5600 saliunt,
2623 5547 2779 5607 atque
2814 5538 3087 5591 Ausonum
3122 5538 3288 5590 animi
3352 5538 3454 5590 tuis
3497 5536 3762 5589 solaribus

2184 5633 2371 5696 radiis,
2404 5648 2518 5694 rex,
2552 5631 2737 5700 repleti
2770 5630 3058 5685 exsultant.
3089 5630 3296 5699 Aspice,
3338 5629 3629 5683 Persarum
3667 5627 3765 5696 dy-

2184 5735 2363 5790 nasta,
2387 5725 2535 5777 canis
2564 5722 2862 5785 lsmaclita,
2888 5721 3273 5778 Comnenorum
3291 5723 3560 5792 egregiam
3574 5729 3763 5790 polen-

2186 5821 2320 5875 tiam
2345 5836 2363 5885 ;
2392 5818 2507 5873 ride
2534 5825 2793 5883 quantum
2835 5827 3089 5871 exoratus
3127 5815 3398 5872 Romanus
3428 5812 3760 5889 pra'pollcat.
