4078 6384
322 316 462 379 1345

317 432 391 485 Ta
413 432 616 503 κράτος
644 437 742 506 τῆς
767 437 1119 508 Κυμνηνικῆς
1142 440 1386 510 μεγάλης
1415 442 1664 508 ἐξουσίας
1686 462 1700 477 ο

322 525 430 579 Ἴδε
458 524 559 594 τῆς
598 524 819 597 Ῥώμης
845 528 935 581 τὸν
966 529 1196 597 στρατὸν
1221 532 1346 585 ὅσον
1378 533 1620 605 ἐξισχύει
1645 552 1659 567 ο

317 616 453 688 Δίχα
477 618 588 687 γὰρ
619 618 788 673 ἷππου
821 621 916 673 καὶ
944 622 1150 691 τροφῆς
1174 623 1271 677 καὶ
1300 623 1425 694 δίχα
1454 627 1874 697 χορτασμάτων,

317 710 579 779 Δύχμῶν,
615 710 883 776 πεζεύων,
906 713 1170 779 ἁλουτῶν,
1204 716 1454 786 θνήσκων
1486 718 1545 783 ἐξ
1582 720 1819 787 ἀσιτίας,

332 802 422 867 Ὠς
448 803 690 872 ἅψασθαι
716 808 811 858 καὶ
839 807 1041 874 μιαρᾶς
1076 806 1237 862 αὐτὸν
1267 810 1632 879 ἱπποφαγίας,
1886 793 1899 811 ’

322 893 426 947 Τὸν
453 892 737 965 εὖτροφον,
770 893 861 947 τὸν
886 894 1119 949 εῠῖππον
1162 899 1573 967 κατηγωνίσατό
1593 917 1675 964 σε,

322 988 433 1041 Καὶ
463 991 579 1051 τοῖς
601 988 697 1040 τοῦ
723 987 904 1042 Λύκου
935 988 1205 1059 ῥεύμασιν
1232 992 1629 1059 ἐγκατεσύθισέ
1655 1009 1736 1046 σε.

322 1077 388 1134 τί
413 1082 590 1136 τοίνυν
621 1081 864 1152 δράσεις,
899 1083 1052 1138 ἄθλιε
1091 1086 1439 1156 Μουχούμετ,
1468 1087 1563 1139 καὶ
1581 1087 1634 1140 τί
1659 1086 1875 1153 πάθεις,

321 1174 388 1230 Et
409 1192 490 1228 σοι
515 1176 634 1245 μεθ’
663 1176 834 1230 ἵππου
870 1178 964 1232 καὶ
988 1180 1198 1249 τροφῆς
1222 1182 1436 1243 ἐκεῖνος
1467 1180 1800 1249 ἀπαντήσεις

319 1263 390 1321 Ὦ
421 1269 551 1322 λύκε
586 1268 689 1339 θὴρ
716 1270 774 1322 ἐν
802 1273 1066 1338 ποταμοῖς
1085 1272 1373 1341 άκόρεστε,
1408 1273 1700 1343 παμφάγε,

333 1360 692 1431 ’Δρπακτικὲ,
719 1363 1041 1432 λαφυκτικέ,
1075 1363 1383 1434 βορώτατον
1406 1363 1616 1435 θηρίον,

318 1456 435 1510 Nov
464 1457 708 1527 ἐκορὲσω
735 1457 1043 1527 βρώματος,
1081 1458 1177 1511 νῦν
1207 1459 1477 1530 ἐθοινήσω
1501 1460 1661 1528 κρέα,

319 1550 436 1604 Νῦν
456 1549 550 1603 σοῦ
576 1551 678 1621 τὴν
705 1552 866 1619 γένυν
899 1549 1108 1620 ἔδαψας
1129 1551 1312 1622 λύθρῳ
1346 1551 1561 1606 πολλῶν
1591 1554 1868 1622 αἱμάτων,

321 1646 438 1699 Νῦν
470 1646 713 1717 ἕπλησας
736 1645 834 1718 τὴν
871 1645 1147 1716 ἄπληστον
1182 1646 1277 1701 καὶ
1305 1647 1479 1716 φάγον
1515 1664 1611 1700 σου
1641 1648 1888 1717 γαστέρα

319 1740 435 1791 Οὐκ
471 1739 532 1803 ἑξ
568 1741 772 1810 ἀρνίων
800 1738 1207 1803 εὐσεϐῶν,οὺδέ
1246 1740 1535 1810 προϐάτων
1577 1740 1835 1809 Ῥώμης,

1460 329 1818 399 ‘SCRIPTA
1846 334 2405 405 MISCELLANEA.

3456 346 3601 414 me
3646 416 3663 435 ,

1928 466 1981 524 Δ
2011 448 2160 516 Εἶδες
2182 456 2346 511 αὑτὸν
2381 459 2693 531 μαχόμενον
2716 463 2785 532 τῇ
2821 462 3032 534 σοϐαρᾷ
3068 464 3291 536 Περσίδι

2007 540 2121 593 Οὐκ
2143 543 2336 613 ἄκροις
2365 547 2813 619 ἀκροϐολισμοῖς,
2852 552 2993 606 ἀλλὰ
3021 554 3164 607 κατὰ
3197 555 3491 624 συστάδην.

2078 635 2144 687 Τί
2172 636 2356 689 τοίνυν
2370 638 2577 708 λέγεις,
2599 641 2841 713 βλέψασα
2861 644 2998 714 πρὸς
3012 646 3347 717 τηλικαύτην
3369 647 3596 720 αἴγλην;

2019 723 2334 793 Ὁμολογεῖς
2369 730 2666 786 ἀποϐαλεῖν
2694 734 2793 798 τὰς
2823 735 3059 799 ὀπτικὰς
3089 738 3384 806 δυνάμεις;

2008 818 2080 870 Ἢ
2105 821 2190 872 σοὶ
2215 819 2477 876 πλειόνων
2501 825 2798 894 ἀστραπῶν
2831 829 3028 897 μεστὸς
3058 829 3429 903 ἐπιδημήσεις

2007 906 2075 959 Τί
2106 909 2375 979 πρότερόν
2407 928 2528 977 σου,
2548 914 2822 985 Κομνηνὲ,
2853 918 3179 987 τιμήσουσιν
3209 923 3264 973 al
3301 920 3522 985 πόλειςς

2008 997 2074 1049 Τί
2111 998 2364 1071 δεύτερόν
2396 1019 2490 1056 σου
2521 1004 2630 1057 τῶν
2654 1006 2834 1060 καλῶν
2870 1008 3228 1079 ὑμνήσουσιν,
3256 1012 3289 1080 ἠ
3335 1013 3560 1083 Ῥώμης
3596 1034 3597 1037 η

2008 1087 2081 1140 Σὺ
2117 1089 2225 1159 γὰρ
2254 1090 2385 1160 ἡμῖν
2413 1094 2507 1147 καὶ.
2543 1093 2801 1163 βασιλεὺς
2831 1099 2923 1150 καὶ
2952 1099 3123 1168 μέγας
3162 1103 3565 1172 στρατηγέτης,

2009 1178 2119 1230 Καὶ
2144 1180 2488 1252 στρατιώτης
2515 1197 2787 1253 κραταιός
2811 1185 2844 1254 ἢ
2882 1188 3084 1255 μᾶλλον
3118 1192 3449 1261 στρατιῶται
3468 1209 3483 1224 υ

2011 1267 2082 1321 Σὺ
2119 1269 2228 1339 γὰρ
2259 1273 2372 1336 τοῖς
2405 1273 2761 1345 γλυκυτάταις
2797 1292 2890 1330 σου
2932 1280 3436 1350 πορφυροὸλάστοις
3459 1282 3597 1336 κλά-

3384 1373 3518 1446 [δοις

2023 1454 2199 1526 ’Υπὲρ
2227 1456 2387 1527 ήμῶν
2417 1458 2516 1511 καὶ
2550 1460 2652 1529 τῆς
2691 1460 2852 1531 ἡμῶν
2896 1463 3223 1532 στρατεύεις
3271 1466 3552 1536 σωτηρίας
3577 1480 3593 1496 ⁹

2010 1546 2118 1600 Καί
2150 1564 2247 1601 σου
2281 1549 2570 1620 προδοθεὶς
2602 1550 2700 1621 τὴν
2746 1551 2930 1624 ψυχὴν
2976 1556 3074 1608 καὶ
3123 1557 3219 1619 τὰς
3269 1556 3448 1626 ψυχὰς
3481 1558 3598 1612 τῶν

3238 1646 3492 1719 balbum,

2012 1727 2132 1781 Ἵνα
2160 1727 2417 1804 λυτρὼσῃ
2443 1734 2504 1786 τὸ
2538 1734 2738 1803 κοινὸν,
2776 1737 2863 1791 ἵνα
2887 1740 2976 1792 τδν
3005 1737 3215 1809 κόσμον
3245 1742 3452 1812 σώσῃς.

331 1831 474 1885 Ἀλλ’
502 1831 613 1883 ἀπὸ
638 1831 863 1899 τράγων
881 1831 1160 1885 δυσσεὸῶν
1190 1832 1286 1886 καὶ
1307 1831 1596 1903 Περσικῶν
1627 1831 1866 1902 ἐρίφων*
1938 1826 1982 1880 Β
2013 1821 2226 1886 Ᾱίῶνας
2250 1822 2409 1889 ὅλους
2434 1829 2462 1879 6
2483 1826 2617 1892 Θεὸς
2652 1829 2729 1899 τῷ
2758 1833 3030 1903 σκήπτρῳ
3070 1848 3164 1884 σου
3193 1832 3484 1906 προσθείη.

318 1929 416 1991 Εἰς
443 1928 634 1990 τόσους
650 1926 1031 1996 ἐξερρόφησας
1060 1925 1137 1995 τῷ
1163 1924 1433 1995 Κομνηνῷ
1466 1924 1797 1994 σφαγέντας,

319 2020 486 2072 Ὥστε
518 2017 594 2088 μὴ
621 2019 828 2085 στέγων
860 2019 960 2082 τῆς
985 2017 1190 2087 τροφῆς
1230 2017 1296 2071 τὺ
1320 2016 1575 2087 περιττὸν
1607 2017 1849 2087 φορτίον,

322 2102 533 2176 Ὄντως
565 2129 659 2166 σου
691 2111 759 2165 τὰ
785 2111 959 2181 δρομή
970 2127 1117 2180 ματα
1142 2109 1237 2164 τοῦ
1263 2109 1574 2180 τηλαυγοῦς
1606 2111 1761 2178 ἡλίου

319 2207 608 2279 Πυρφόρος
640 2203 808 2276 φαίνῃ
837 2204 955 2267 τοῖς
986 2203 1247 2275 ἐχθροῖςῤ
1284 2203 1576 2274 φωσφόρος
1614 2203 1728 2264 τοῖς
1759 2203 1906 2257 οἰκέ-

1664 2292 1833 2367 [ταις,

327 2393 584 2464 Ἐαρινὴν
617 2394 898 2457 ἀνέτειλας
935 2395 1000 2464 τῇ
1040 2391 1229 2463 Ῥώμῃ
1257 2391 1354 2462 τὴν
1384 2390 1623 2461 ἡμέραν,

313 2486 430 2542 Kal
462 2485 681 2557 θερινὴν
719 2484 1021 2549 ἐξέκαυσας
1046 2484 1147 2553 τὴν
1176 2482 1351 2551 φλόγα
1380 2484 1445 2551 τῇ
1481 2481 1723 2550 Περσίδι.
1814 2506 1819 2515 ι

327 2576 633 2646 Ἐξήρανας
662 2575 753 2629 τὸν
781 2574 1059 2646 βάρϐαρον
1094 2574 1171 2638 ὡς
1199 2573 1288 2627 τὸν
1312 2572 1484 2643 πηλὸν
1518 2574 1728 2635 ἐκεῖνος
1749 2587 1765 2602 ·

327 2668 636 2728 Ἐπάλυνας
657 2667 720 2719 τὸ
750 2668 968 2736 γνήσιον
991 2665 1066 2727 ὠς
1095 2665 1183 2718 τὸν
1212 2664 1388 2735 πηλὸν
1416 2664 1647 2725 ἐκεῖνος.

326 2761 422 2813 Ἐν
449 2757 535 2822 αῖς
556 2758 778 2833 ἐξῆλθες
803 2758 1038 2829 ἡμέραις
1072 2756 1184 2810 ἀπὸ
1212 2757 1311 2827 τῆς
1341 2754 1690 2822 Βυζαντίδος,

326 2852 420 2904 Ἐν
451 2849 678 2913 ταύταις
695 2847 1049 2920 είσελήλυθας
1075 2847 1267 2900 ἐνθάδε
1296 2847 1618 2917 νικηφόρος,

314 2946 556 3009 Τελέσας
578 2943 850 2998 ἐνιαύσιον
879 2943 955 3005 ὡς
987 2941 1140 3012 ἥλιος
1169 2939 1262 2994 τὸν
1292 2941 1515 3010 δρόμον.

314 3034 473 3105 Εῑδες
498 3040 590 3094 καὶ
620 3037 686 3090 σὺ
710 3035 803 3089 τὸν
829 3033 1135 3105 Κομνηνὸν,
1152 3034 1185 3102 ἠ
1215 3033 1543 3103 Καισαρέων
1573 3031 1729 3103 χώρα

315 3133 432 3188 Καὶ
458 3133 609 3185 πᾶσα
638 3130 711 3200 γῆ
746 3124 1136 3183 Καππαδοκῶν
1158 3127 1190 3195 ἡ
1231 3123 1688 3196 βαρϐαροχομένη
1711 3139 1727 3154 ·

314 3228 431 3296 Οὐχ
464 3225 749 3280 ἑλεπόλεσι
783 3222 1002 3284 πολλαῖς
1032 3222 1129 3279 τὰς
1164 3220 1349 3282 πόλεις
1383 3232 1477 3270 σου
1513 3214 1833 3280 κλονοῢντκ,

326 3318 493 3374 Ἀλλά
517 3317 745 3389 γυμνοῖς
777 3316 890 3379 τοῖς
912 3314 1155 3383 δόρασιν,
1185 3311 1323 3366 ἀλλὰ
1356 3311 1594 3380 γυμναῖς
1615 3311 1733 3371 ταῖς
1766 3308 1908 3361 σπά-

1689 3400 1835 3474 [θαις

322 3505 634 3577 Ῥηγνύντα
663 3519 756 3557 σου
782 3503 880 3568 τὰς
901 3500 1188 3571 φάλαγγας
1210 3499 1305 3552 καὶ
1329 3497 1400 3552 τὰ
1426 3496 1765 3568 στρατόπεδά
1785 3512 1902 3549 σου.

314 3686 443 3742 Sine
464 3685 753 3749 alimentis,
779 3682 893 3737 sine
924 3680 1143 3753 pabulo,
1192 3678 1455 3747 pedestres
1508 3677 1671 3746 copia:
1693 3676 1755 3730 ob
1803 3677 1905 3731 cibi

314 3782 602 3854 penuriam
628 3795 776 3850 pame
805 3779 1188 3840 moriebantur,
1222 3782 1283 3828 ut
1311 3772 1391 3828 vel
1436 3773 1710 3826 sordidam
1760 3772 1906 3842 equi-

315 3894 449 3933 nam
485 3891 699 3930 carnem
728 3872 1114 3927 manducareut
1136 3888 1156 3936 ;
1181 3877 1419 3923 attamen
1438 3878 1488 3922 te
1504 3869 1632 3922 bene
1666 3874 1900 3937 pastum,

314 3971 465 4039 equis
493 3967 951 4033 beneinstructum
975 3962 1208 4033 aggressi
1233 3960 1357 4030 Lyci
1382 3961 1593 4030 ﬂuentis
1618 3968 1666 4012 te
1689 3959 1906 4011 immer-

312 4070 520 4117 eerunt.
550 4059 691 4123 Quid
726 4057 888 4127 igitur
912 4055 1096 4123 facies,
1132 4054 1292 4107 miser
1344 4051 1648 4114 Muhamet,
1682 4048 1902 4119 quando

310 4154 411 4209 ille
431 4168 551 4207 cum
582 4168 715 4221 equo
746 4158 795 4203 et
822 4148 1090 4202 alimentis
1115 4146 1209 4199 tibi
1229 4151 1486 4208 occurret,
1516 4159 1546 4196 ο
1563 4143 1702 4213 feta,
1728 4157 1758 4194 ο
1781 4139 1904 4210 lupe

309 4262 507 4312 uorax,
542 4242 886 4308 insatiabilis,
922 4255 1117 4310 rapax,
1166 4237 1365 4302 helluo,
1408 4235 1618 4291 animal
1670 4235 1905 4289 voracis-

311 4342 511 4394 simam
527 4354 547 4404 ;
580 4353 722 4392 nunc
745 4335 957 4407 quidem
976 4334 1103 4387 cibis
1134 4332 1365 4403 repletus
1386 4347 1461 4394 es,
1489 4346 1628 4384 nunc
1658 4344 1821 4384 carne
1847 4345 1901 4382 es

312 4431 550 4501 repletus
566 4447 588 4496 ,-
621 4440 761 4481 nunc
787 4425 1027 4479 animum
1057 4432 1208 4476 tuum
1241 4421 1409 4476 multo
1426 4422 1690 4491 sanguine
1732 4419 1904 4491 reple-

310 4522 479 4588 uisti;
514 4535 654 4574 nunc
673 4524 908 4572 ventrem
936 4512 1296 4570 insatiabilem
1312 4522 1363 4567 et
1387 4514 1636 4584 gulosum
1662 4513 1896 4577 satiasti,
1933 4525 1978 4581 υ

313 4631 425 4669 non
448 4614 599 4684 agnis
629 4608 943 4671 insontibus,
980 4621 1086 4659 non
1132 4603 1315 4658 Roma:
1359 4603 1559 4667 ovibus,
1594 4601 1686 4656 sed
1736 4601 1900 4655 hwdis

313 4706 499 4776 impiis
527 4712 578 4758 et
604 4702 778 4772 capris
805 4699 1051 4763 Persicis,
1074 4711 1203 4767 quos
1226 4695 1492 4750 Comneno
1521 4710 1681 4750 casas
1704 4702 1783 4747 tot
1810 4709 1909 4747 nu—

312 4813 467 4852 mero
492 4793 823 4866 deglutiisti;
859 4805 963 4860 quo
1004 4790 1147 4859 facta
1188 4787 1418 4841 hostibus
1445 4787 1673 4858 [ignifer,
1731 4785 1911 4840 dome-

311 4891 465 4946 sticis
487 4888 676 4957 lucifer
706 4900 972 4956 apparens
999 4880 1187 4936 Romae
1210 4880 1348 4935 diem
1368 4895 1589 4934 vernum
1609 4879 1904 4942 adduxisti,

312 4990 364 5035 et
395 4978 608 5034 Persidi
644 4980 923 5050 ﬂammam
948 4974 1191 5028 iustitiam
1224 4971 1533 5026 accendisti.
1572 4970 1905 5032 Barbarum,

311 5077 454 5129 sicut
490 5072 585 5126 ille
618 5068 811 5129 lutum,
836 5067 1115 5124 exsiccasti
1131 5083 1152 5132 ;
1185 5066 1326 5137 quod
1360 5065 1652 5133 genuinum
1680 5072 1819 5126 erat,
1849 5071 1908 5116 ut

312 5167 411 5222 ille
452 5180 679 5230 omnum,
734 5160 994 5233 polluisti.
1035 5159 1101 5213 In
1157 5159 1346 5229 quibus
1397 5158 1581 5211 diebus
1645 5156 1908 5226 Byzantio

313 5272 563 5320 veneras,
594 5234 782 5307 iisdem
809 5251 894 5308 hic
918 5252 1083 5305 victor
1132 5250 1374 5313 intrasti,
1433 5249 1745 5311 terminato,
1779 5246 1910 5302 solis

315 5350 391 5405 ad
426 5346 749 5416 exemplum,
776 5358 935 5398 cursu
955 5356 1156 5395 annuo.
1192 5340 1270 5394 Tu
1292 5355 1519 5411 quoque,
1551 5337 1823 5405 Caesarea,
1858 5356 1909 5394 es

316 5444 497 5498 omnis
511 5442 654 5510 regio
683 5437 911 5492 barbara
931 5435 1330 5506 Cappadocum,
1351 5433 1680 5489 Comnenum
1709 5424 1906 5499 vidisti,

314 5551 428 5589 non
464 5532 644 5587 multis
700 5530 966 5586 machinis
999 5528 1155 5583 urbes
1209 5535 1329 5580 tuas
1363 5528 1769 5590 concutientem,
1818 5524 1911 5577 sed

308 5624 519 5695 jaculis
544 5632 595 5677 “et
618 5624 828 5677 ensibus
857 5622 1013 5676 nudis
1066 5619 1369 5691 phalangas
1413 5627 1536 5671 tuas
1559 5633 1622 5672 ac
1649 5617 1908 5671 exercitus

319 5724 441 5771 tuos
470 5724 819 5785 rumpentem.
857 5712 1045 5768 Vidisti
1070 5727 1188 5765 eum
1219 5727 1337 5764 cum
1375 5710 1515 5763 dura
1552 5707 1777 5764 Perside
1800 5724 1903 5761 non

314 5808 623 5881 jaculando
644 5807 772 5875 tela,
792 5807 884 5862 sed
904 5809 1138 5875 cominus
1165 5813 1511 5876 pugnantem.

2011 1909 2087 1969 Οὗ
2117 1918 2213 1971 καὶ
2234 1916 2325 1972 τὸν
2353 1918 2505 1974 ἔλεον
2537 1926 2680 1994 μιμῇ
2711 1924 2806 1978 καὶ
2840 1924 2942 1995 τὴν
2967 1927 3386 1998 φιλανθρωπίαν
3414 1945 3429 1959 ’

2010 2008 2128 2063 Ἵνα
2169 2010 2319 2081 σωθῇ
2358 2012 2419 2065 τὸ
2443 2012 2708 2084 βρότειον,
2743 2017 2829 2071 ἵνα
2864 2019 3041 2089 ρυσθῇ
3072 2021 3134 2072 τὸ
3159 2020 3371 2078 δοῦλον.

2006 2097 2084 2153 Οὐ
2116 2100 2351 2171 πρέσόιν
2386 2102 2610 2174 ἔπεμψε
2645 2107 2779 2170 Θεὸς
2810 2108 2913 2162 οὐκ
2944 2110 3013 2164 ἂν
3040 2111 3203 2165 ἄλλον
3231 2115 3348 2176 τοῖς
3382 2113 3559 2179 κάτω,

2006 2191 2081 2244 Οὐ
2111 2193 2376 2265 σεραφὶμ,
2408 2196 2470 2249 ού
2502 2199 2800 2271 χερουϐὶμ,
2833 2202 2896 2255 ού
2926 2203 3189 2273 θρόνους,
3208 2204 3269 2258 ού
3306 2206 3593 2276 δυνάμεις,

2005 2283 2180 2336 Αὐτὸν
2211 2283 2267 2337 δέ
2301 2286 2392 2338 τὸν
2436 2286 2790 2359 Ἐμμανουήλ
2822 2290 2914 2343 τὸν
2947 2292 3090 2363 ὑπὲρ
3126 2293 3287 2360 λόγον
3309 2293 3486 2362 Λόγον

2005 2375 2313 2431 Αύτότατον
2344 2378 2487 2449 ὑπὲρ
2518 2380 2676 2450 ἡμῶν
2701 2383 2944 2454 καθῆκεν
2975 2385 3293 2455 οὐρανόθεν.

2007 2470 2210 2526 Τοῦτον
2242 2472 2338 2525 καὶ
2367 2474 2431 2527 σὺ
2464 2474 2828 2546 μιμούμενος,
2863 2479 2967 2548 γῆς
2993 2478 3135 2548 ἄναξ
3172 2479 3420 2551 Ἰωάννη,

1932 2634 1951 2650 ο
2007 2563 2110 2616 τὸν
2138 2564 2392 2631 φίλτατόν
2425 2582 2517 2620 σου
2546 2569 2827 2641 Μανουὴλ,
2864 2572 2957 2624 τὸν
2982 2572 3298 2626 τελευταῖον
3325 2572 3495 2626 παῖδα

2018 2654 2194 2726 ’Υπὲρ
2221 2657 2254 2728 ἡ
2265 2656 2384 2728 μῶν
2412 2659 2523 2712 τῶν
2546 2660 2774 2714 οἰκετῶν
2805 2662 2948 2716 κατὰ
2980 2664 3210 2735 Περσῶν
3240 2665 3485 2729 ὀπλίζεις
3505 2705 3520 2728 ,

2007 2746 2120 2798 Καὶ
2145 2747 2234 2800 διὰ
2262 2747 2454 2803 τούτου
2481 2751 2734 2815 θανατοῖς
2760 2756 2861 2824 τὴν
2901 2757 3157 2811 ἐναντίαν
3193 2760 3416 2828 μοῖραν,
3502 2752 3507 2756 ”

2008 2838 2121 2891 Καὶ
2146 2843 2216 2894 τὰ
2254 2840 2543 2910 Ῥωμαίων
2578 2846 2802 2925 ἀνιστάς
2841 2847 2917 2909 ὡς
2940 2848 3007 2900 ἐκ
3039 2851 3332 2920 πεταύρων
3365 2850 3520 2921 ᾅδου,

2009 2932 2163 3002 Καλῇ
2190 2933 2442 3005 προᾶόλῳ
2480 2935 2768 3003 πέποιθας,
2804 2938 2944 3008 καλῇ
2976 2939 3200 3011 θαρρεῖς
3237 2944 3543 3012 συμμάχῳ,

2011 3022 2179 3088 Ἀναξ
2203 3026 2679 3096 πορφυρόϐλαστε,
2700 3032 3094 3101 κομνηναυγὴς
3125 3035 3406 3105 φωσφόρε.

2010 3114 2199 3185 Καλὴν
2226 3116 2446 3185 ἐκτήσω
2472 3119 2572 3186 τὴν
2600 3121 2849 3189 φρουρὰν
2876 3121 2975 3175 καὶ
3016 3123 3118 3192 τὴν
3154 3124 3597 3195 συπρατηγέτιν

2008 3203 2116 3275 Τὴν
2146 3205 2342 3260 δοῦσάν
2371 3224 2454 3260 σοι
2487 3212 2581 3263 καὶ
2608 3211 2711 3281 τῆς
2743 3214 2921 3284 ἀρχῆς
2949 3215 3189 3286 ἀρχῆθεν
3217 3218 3316 3279 τὰς
3347 3220 3527 3290 ἡνίας,

2009 3299 2120 3351 Καὶ
2143 3301 2521 3371 συντηροῦσαν
2552 3305 2798 3375 εὐτυχῶς
2832 3307 2964 3378 ἄχρι
2994 3311 3087 3363 καὶ
3117 3310 3213 3364 νῦν
3247 3311 3311 3364 τὸ
3353 3314 3590 3382 κράτος,

2008 3390 2117 3443 Καὶ
2146 3391 2502 3464 δωρουμένην
2532 3413 2615 3449 σοι
2646 3397 2907 3467 λαμπρὰς
2924 3401 3244 3472 ἁπανταχοῦ
3268 3402 3367 3467 τὰς
3406 3405 3589 3471 νίκας,

2007 3482 2120 3554 Τὴν
2155 3484 2334 3555 ἀληθῆ
2366 3490 2642 3545 νικοποιδν
2673 3492 2985 3562 ύπέραγνον
3011 3494 3310 3565 Παρθένον.

2087 3664 2226 3731 Quid
2251 3665 2415 3736 igitur
2448 3667 2596 3732 dicis,
2625 3669 2763 3723 hunc
2796 3670 3132 3740 splendorem
3155 3674 3335 3730 videns
3364 3675 3390 3729 ?
3414 3674 3595 3745 Conﬁ-

2008 3759 2199 3813 terisne
2232 3768 2282 3812 te
2310 3759 2522 3814 videndi
2538 3778 2696 3815 sensu
2719 3765 2989 3831 priuatum
3011 3781 3125 3821 esse
3144 3767 3169 3819 ?
3196 3767 3277 3822 An
3326 3770 3591 3832 maiorem

2006 3849 2263 3919 fulgorem
2304 3852 2613 3920 exspectas?
2660 3852 2799 3918 Quid
2854 3856 3009 3910 urbes
3042 3873 3154 3926 pra:
3202 3866 3273 3920 te,
3304 3858 3589 3926 Comnene,

2005 3942 2429 4010 honoriﬁcabunt
2451 3945 2476 3997 7
2506 3944 2580 3999 Tu
2603 3947 2744 4003 enim
2769 3948 2916 4002 nobis
2950 3950 3244 4020 imperator
3282 3964 3330 4005 et
3366 3970 3593 4025 magnus

2006 4032 2233 4087 militum
2261 4051 2314 4088 es
2338 4034 2466 4099 dux,
2488 4036 2595 4091 imo
2621 4038 2931 4107 fortitudine
2956 4041 3244 4095 exercitum
3267 4059 3470 4113 a’quas.
3511 4043 3592 4098 Tu

2003 4126 2147 4180 enim
2172 4125 2486 4182 dulcissimis
2501 4131 2665 4184 ramis
2684 4132 2965 4188 decoratus
2979 4134 3262 4204 purpureis
3285 4148 3487 4189 nostra:
3500 4152 3593 4191 sa-

2006 4218 2104 4272 luti
2119 4221 2394 4289 prospicis;
2413 4230 2466 4273 tu
2486 4228 2632 4276 tuam
2649 4232 2696 4275 et
2709 4222 2947 4291 filiorum
2959 4226 3170 4280 animas
3182 4208 3355 4281 tradis
3372 4235 3593 4282 utmun-

2005 4313 2130 4368 dum
2152 4313 2342 4368 salves.
2378 4312 2589 4369 Saecula
2602 4317 2696 4370 tibi
2710 4318 2919 4388 integra
2949 4318 3085 4373 Deus
3104 4336 3263 4390 regno
3285 4330 3378 4375 tuo
3398 4321 3594 4389 imper-

2005 4408 2127 4472 tiat;
2149 4407 2247 4461 Dei
2266 4408 2406 4462 enim
2432 4415 2490 4462 tu
2507 4408 2922 4467 misericordiam
2942 4421 2991 4466 et
3012 4414 3397 4468 humanitatem
3414 4415 3596 4470 imita-

2007 4500 2102 4562 ris,
2145 4506 2202 4553 ut
2223 4515 2388 4570 genus
2417 4503 2690 4557 hominum
2733 4503 2988 4570 salvetur,
3019 4512 3075 4558 ut
3108 4506 3246 4560 serui
3279 4504 3592 4563 liberentur.

2010 4589 2135 4646 Non
2149 4590 2429 4665 Seraphim
2461 4594 2596 4650 Deus
2628 4596 2943 4653 mortalibus
2967 4598 3130 4663 misit,
3154 4613 3260 4651 non
3281 4596 3589 4662 Cherubim,

2009 4700 2111 4738 non
2126 4685 2362 4751 thronos,
2390 4703 2494 4741 non
2513 4696 2816 4756 potestates;
2839 4689 2930 4742 sed
2956 4688 3382 4752 Emmanuelem,
3403 4691 3492 4761 qui
3515 4698 3594 4743 est

2016 4779 2235 4833 Verbum
2275 4797 2440 4851 supra
2492 4782 2731 4847 uerbum,
2790 4799 2887 4853 pro
2940 4783 3090 4840 nobis
3122 4782 3326 4837 caelitus
3358 4782 3593 4836 demisit.

2009 4871 2184 4941 Hujus
2231 4880 2544 4943 tuiquoque
2596 4873 2894 4939 exemplum
2933 4875 3194 4934 imitatus,
3226 4890 3317 4927 rex
3336 4872 3593 4939 Joannes,

2011 4963 2382 5018 charissimum
2406 4973 2558 5019 tuum
2586 4975 2637 5019 et
2664 4964 2912 5018 ultimum
2931 4963 3107 5031 ﬁlium
3144 4962 3447 5019 Hanuelem
3497 4981 3595 5032 pro

2010 5056 2159 5111 nobis
2192 5057 2358 5111 servis
2391 5068 2578 5111 contra
2598 5056 2791 5112 Persas
2846 5070 3040 5116 moves,
3077 5064 3236 5124 atque
3278 5055 3355 5108 ita
3396 5064 3595 5111 sortem

2010 5149 2293 5203 adversam
2321 5147 2599 5214 debilitas;
2628 5158 2684 5201 tu
2749 5146 3113 5203 Romanorum
3163 5161 3277 5199 rem
3332 5145 3487 5215 quasi
3529 5161 3595 5200 ex

2011 5257 2139 5295 orco
2163 5242 2235 5295 ad
2257 5243 2423 5296 vitam
2456 5256 2705 5295 reuoces:
2727 5240 2979 5308 ﬁduciam
3015 5241 3072 5293 in
3122 5253 3397 5293 murorum
3423 5237 3597 5304 firmi-

2010 5341 2120 5387 tate
2157 5342 2208 5387 et
2235 5335 2293 5388 in
2320 5334 2502 5388 uxoris
2530 5332 2918 5404 pulchritudine
2950 5333 3122 5402 ponis,
3154 5346 3246 5384 rex
3274 5336 3592 5399 purpurate,

2012 5425 2235 5497 Lucifer
2259 5428 2480 5497 familia:
2508 5427 2810 5482 Comnenan
2843 5425 3135 5480 Pulchram
3187 5424 3278 5476 tibi
3299 5428 3596 5477 consortem

2013 5522 2268 5579 addidisti
2295 5529 2345 5575 et
2369 5520 2715 5585 bellatricem,
2772 5534 2891 5590 qua:
2923 5517 3018 5572 tibi
3056 5534 3089 5570 a
3118 5516 3377 5586 principio
3410 5513 3597 5583 guber-

2013 5613 2266 5671 naculum
2295 5615 2469 5675 cessit,
2496 5623 2546 5666 et
2571 5614 2838 5681 hucusque
2862 5611 3013 5680 regni
3033 5625 3218 5662 curam
3250 5616 3417 5660 tecum
3436 5605 3593 5675 gerit.

2013 5706 2215 5761 Eadem
2247 5705 2337 5758 tibi
2363 5700 2671 5774 splendidas
2702 5703 2894 5771 ubique
2927 5700 3177 5756 uictorias
3227 5704 3487 5768 reportat,
3512 5711 3598 5749 ue-

2010 5813 2153 5863 ram,
2185 5796 2425 5867 inquam,
2461 5793 2697 5852 uictoria
2728 5790 2987 5846 datricem
3055 5789 3322 5861 Virginem
3374 5788 3599 5847 sanctis-
