4078 6390
412 445 599 516 Ταύτῃ
633 441 884 507 πεξεύεις
913 440 1191 511 ποταμοὺς
1225 436 1518 500 ἀπλώτους
1543 435 1602 490 ὲν
1629 434 1888 507 χειμῶνι,

411 537 522 590 Καὶ
552 537 652 590 σὺν
681 535 848 606 ὀλίγῳ
879 534 956 604 τῷ
984 530 1207 604 στρατῷ
1238 530 1338 594 τὰς
1373 530 1643 601 μυριάδας
1669 529 1914 598 τρόπεις,

410 627 669 694 Πεζεύων
694 626 823 689 τοὺς
873 622 1228 688 ίππεύοντας,
1270 621 1472 676 πεινῶν
1513 620 1640 683 τοὺς
1670 618 1994 689 πεπλησμέ-

1712 711 1828 785 [νου
1836 730 1885 775 ς.

495 814 586 878 Ὠς
614 812 905 883 προσκυνῶ
936 828 1054 878 σου,
1084 808 1333 881 βασιλεῦ,
1371 809 1472 879 τὴν
1495 807 1626 876 ὃλην
1658 805 1988 872 πανοπλίαν,

418 909 521 960 Ἢν
550 906 694 970 ὅλοις
719 905 1108 977 περικείμενος
1148 905 1367 974 μυρίοις
1397 900 1768 972 νυχθημέροις

411 999 526 1069 Τῆς
558 1000 660 1070 γῆς
686 999 744 1050 ὲν
778 997 929 1068 μέσῳ
954 995 1249 1067 ψαλμικῶς
1278 994 1522 1067 εἰργάσω
1549 990 1848 1062 σωτηρίαν.

421 1092 511 1154 Ὦς
546 1089 844 1161 προσκυνῶ
861 1089 960 1161 τὴν
991 1088 1246 1159 κόρυθον,
1269 1088 1361 1142 τὸν
1388 1086 1641 1157 θώρακα,
1670 1085 1770 1156 τὴν
1798 1082 1998 1151 ζώνην,

410 1183 555 1237 Φιλῶ
582 1182 645 1237 τὸ
668 1182 800 1254 δόρυ
823 1182 886 1236 τδ
921 1182 1180 1252 χρυσοῦν,
1219 1179 1538 1250 ἀσπάζομαι
1564 1177 1663 1251 τὴν
1697 1177 1935 1245 σπάθην,

413 1274 555 1337 τοὺς
581 1272 799 1337 ὀϊστοὺς
831 1273 1319 1344 προσπτύσσομαι,
1361 1271 1666 1341 σεϐάζομαι
1699 1268 1762 1321 τδ
1787 1268 1962 1336 τόξον,

412 1364 519 1417 Τὸν
552 1363 717 1416 ίππον
753 1362 846 1415 τὸν
881 1361 1173 1433 Ἀραϐικὸν
1200 1362 1349 1424 ὅστις
1374 1358 1646 1414 ὲὸάστασέ
1685 1375 1766 1425 σε,

413 1452 573 1513 Τιμῶ
596 1453 691 1506 καὶ
715 1450 861 1507 σέϐω
889 1453 984 1505 καὶ
1011 1450 1151 1520 φιλῶ
1183 1450 1382 1521 μέχρις
1407 1449 1582 1518 ὁπλῆς
1614 1449 1856 1518 ἐσχάτης
1878 1465 1893 1481 ο

413 1546 640 1610 Τούτοις
676 1545 809 1616 γὰρ,
861 1543 1079 1608 τούτοις
1136 1543 1387 1614 σῶςομαι
1415 1583 1432 1608 ,
1483 1541 1698 1606 τούτοις
1734 1541 1870 1595 κινῶ
1912 1539 2008 1594 τὸν

1647 1634 1896 1707 [Πέρσην
1915 1650 1932 1665 ⁸

412 1732 637 1797 Τούτοις
663 1729 974 1802 τροποῦμαι
1010 1729 1139 1794 τοὺς
1174 1727 1407 1800 ἐχθροὺς
1430 1767 1445 1794 ,
1480 1727 1634 1796 ἡττῶ
1670 1730 1802 1791 τοὺς
1840 1728 2006 1781 ἁλλο-

1622 1818 1878 1891 [φύλους.

416 1918 481 1969 Ὢ
511 1918 684 1986 πόσην
717 1915 827 1986 γῆν
855 1915 1189 1985 ἔμὲτρησας,
1225 1913 1516 1983 Ῥωμαίων
1554 1913 1831 1985 πολιοῦχε,

414 2011 623 2072 Πόσους
670 2006 1020 2078 κρημνώδεις
1067 2008 1164 2061 καὶ
1208 2010 1436 2077 τραχεῖς
1480 2009 1577 2062 καὶ
1619 2006 2008 2077 φαραγγώδεις

1212 2164 1221 2169 ἢ
1627 2099 1854 2172 [τόπους
1876 2143 1893 2168 ,

413 2196 595 2258 Πόσας
614 2193 865 2256 ἁνάντεις
889 2192 987 2246 καὶ
1011 2192 1228 2259 στενὰς,
1253 2193 1430 2257 πόσας
1456 2191 1762 2264 λοχμώδεις
1778 2194 1991 2266 χώρας·

417 2287 484 2338 Ὢ
510 2287 684 2355 πόσην
709 2283 1108 2349 κακοπάθειαν,
1137 2283 1183 2339 ὣ
1206 2285 1409 2349 πόσους
1440 2286 1617 2350 ἒτλεις
1650 2285 1870 2351 πόνους,

424 2377 516 2439 Ὦς
551 2377 882 2447 εὐπαθῶμεν
910 2377 962 2430 οἱ
991 2378 1178 2431 πιστοὶ
1208 2378 1303 2431 καὶ
1323 2378 1448 2448 δίχα
1476 2377 1658 2431 πόνων
1684 2377 1874 2448 ζῶμεν
1900 2379 1915 2433 ί

426 2470 552 2540 Ἐᾷς
584 2487 677 2521 σου
707 2472 807 2535 τὴν
836 2471 1224 2540 χρυσόπαστον
1256 2471 1352 2522 ual
1387 2469 1717 2522 στίλϐουσαν
1745 2469 1936 2523 ἑστίαν

417 2565 530 2617 Kal
557 2556 661 2633 τῆν
687 2561 958 2633 βασίλειον
987 2560 1203 2632 χλιδὴν,
1237 2562 1330 2614 καὶ
1356 2560 1425 2613 τὰ
1459 2560 1698 2632 λαμπρὰ
1739 2559 1837 2614 τοῦ
1867 2562 2009 2631 κρά-
2068 2614 2077 2621 ,

1723 2649 1894 2723 [τους.

415 2745 529 2800 Καὶ
562 2742 914 2813 νυκτερεύεις
945 2742 1157 2813 αἴθριος
1198 2742 1442 2812 ἱππότης
1472 2741 1826 2813 ὡπλισμένος
1846 2784 1862 2811 ,

417 2835 528 2887 Καὶ
559 2831 807 2902 καύματι
838 2832 1177 2903 φλεγόμενος
1206 2831 1352 2904 ὕδωρ
1382 2834 1533 2885 πιεῖν
1563 2832 1663 2885 οὐκ
1693 2832 1881 2903 ἔχεις·

414 2927 528 2981 Καὶ
552 2924 729 2979 ταῦτα
747 2924 923 2979 πάντα
951 2926 1242 2995 καρτεραῖς
1265 2924 1428 2994 χάριν
1447 2924 1613 2995 ἡμῶν
1638 2924 1749 2978 τῶν
1775 2925 2004 2982 δούλων.

416 3019 580 3086 Δέξαι
610 3033 703 3087 μοι
761 3017 945 3084 πάλιν,
976 3018 1265 3083 Βυζαντὶς,
1291 3015 1442 3081 δέξαι
1486 3033 1598 3086 μοι,
1643 3017 1828 3090 Ῥώμη
1867 3022 1965 3073 νέα
1991 3060 2006 3085 ,

415 3112 527 3169 Kal
555 3110 778 3173 τούτους
808 3111 1166 3177 ἀρτιπλεκεϊς
1192 3110 1522 3174 πολυανθεῖς
1556 3112 1867 3179 στεφάνους

416 3202 526 3266 Οὒς
548 3204 577 3256 ό
608 3202 874 3271 γεννάδας
909 3202 1167 3274 βασιλεὺς
1196 3202 1659 3271 κατεστεφάνωσέ
1690 3219 1751 3257 σε
1778 3219 1795 3233 ·

414 3295 592 3356 Αὐτὸς
623 3294 724 3362 μὲν
756 3293 1140 3364 αίμαξάμενος
1164 3297 1264 3358 τὰς
1294 3296 1486 3364 χεῖρας
1515 3296 1637 3359 ταῖς
1663 3294 1933 3358 ἀκάνθαις
1954 3334 1970 3359 ,

417 3385 492 3440 Σὺ
516 3384 573 3438 δὲ
606 3384 956 3455 πλεξάμενος
984 3385 1186 3447 αὐτοὺς
1214 3387 1280 3437 ἐκ
1316 3384 1578 3457 καθαρῶν
1613 3386 1724 3441 τῶν
1751 3386 1924 3456 ῥόδων

416 3467 518 3529 Ὧν
547 3475 803 3547 ἤθροισεν
837 3474 1186 3530 ἐπεισελθὼν
1224 3476 1341 3540 τοῖς
1372 3477 1706 3545 Καισαρέων
1736 3477 1936 3548 κήποις
1960 3494 1976 3508 ο

418 3656 633 3711 simam.
660 3656 834 3728 Hujus
869 3657 1071 3712 auxilio
1101 3659 1326 3728 ﬂumina
1360 3675 1455 3729 per
1477 3659 1701 3713 hiemem
1746 3661 2014 3715 inaccessa

419 3750 646 3820 trajicis,
673 3760 722 3804 et
752 3767 869 3804 cum
893 3751 1057 3821 copiis
1100 3767 1321 3805 numero
1374 3752 1709 3821 inferioribus
1747 3753 2013 3823 myriades

418 3858 659 3911 superas,
719 3843 979 3913 peditibus
1031 3845 1186 3912 quasi
1241 3843 1505 3914 equitibus
1543 3846 1762 3910 utendo,
1797 3854 1847 3897 et
1901 3846 2013 3898 cibo

420 3935 651 4006 repletos
675 3936 744 3990 ad
775 3937 1117 3990 sobrietatem
1157 3938 1462 3991 traducens.

492 4026 789 4092 Quantum,
825 4043 857 4080 ο
902 4042 1033 4093 rex,
1091 4036 1431 4081 armaturam
1492 4037 1641 4082 tuam
1688 4030 1853 4083 adoro
1907 4046 2015 4101 qua

420 4119 763 4189 undiqua1ue
794 4120 1022 4175 amictus
1050 4121 1310 4173 sexcentis
1355 4127 1513 4174 terra
1544 4120 1732 4174 incolis
1785 4121 2016 4176 salutem

419 4208 709 4263 contulisti.
738 4207 912 4264 Enixa
936 4210 1216 4273 cassidem,
1248 4210 1538 4273 thoracem,
1569 4227 1759 4264 zonam
1808 4214 2015 4273 adoro:

416 4302 660 4371 iaculum
686 4318 934 4365 aureum,
970 4319 1147 4357 ensem
1171 4300 1487 4369 eaosculor;
1523 4305 1747 4372 sagittas
1767 4345 1780 4367 ,
1811 4321 2013 4371 arcum,

416 4409 617 4461 equum
649 4393 935 4446 Arabicum
967 4396 1061 4463 qui
1088 4404 1138 4448 te
1196 4396 1447 4464 portauit,
1504 4411 1728 4449 veneror
1757 4406 1806 4449 et
1862 4397 2017 4467 quid-

1623 320 2020 385 THEODORI
2058 316 2467 381 PBODROMI

2025 438 2075 496 Α
2105 435 2216 486 Kal
2249 429 2596 501 κοσμηθεῖσα
2630 424 2924 497 τηλαυγῶς
2955 425 3048 477 καὶ
3076 419 3647 491 καταλαμπρυνθεῐσα

3570 303 3705 370 1318

2109 525 2201 588 Ὠς
2233 523 2425 594 νύμφη
2458 522 2552 573 νέα
2589 518 2683 572 καὶ
2712 518 2853 588 καλή
2887 516 2967 587 τῷ
3018 513 3149 585 παρ’
3190 512 3420 567 ἐκείνων
3465 509 3656 565 κάλλει
3685 549 3701 576 ,

2108 616 2347 676 ’Λντίδος
2379 613 2557 682 τούτῳ
2592 612 2689 674 τὰς
2723 611 2891 680 εὐχὰς
2918 608 3014 662 καὶ
3050 608 3151 670 τὰς
3187 601 3575 675 εὐχαριστίας.

2102 708 2215 785 [iul
2240 708 2361 759 τίνα
2392 705 2504 777 γὰρ
2542 705 2827 775 ἀντίχαριν
2862 702 3034 772 ἄλλην
3066 697 3219 769 αὐτῷ
3247 698 3473 767 δωρήσῃ
3501 711 3520 761 ς

2187 802 2251 855 ’Ὠ
2286 800 2548 871 δρόμημα
2586 796 2890 868 περιφανὲς
2931 794 3194 866 μεγίστου
3232 790 3506 862 βασιλέως
3534 804 3550 820 ⁸

2104 892 2169 945 Ὢ
2207 893 2383 960 πόσην
2413 890 2607 959 ἔτεμες
2634 889 2777 953 ὁδὸν,
2808 890 2904 941 καὶ
2941 886 3104 956 μέχρι
3135 882 3239 937 ποῦ
3272 880 3571 951 “ﬁlim”,

2106 985 2218 1039 Kal
2244 985 2409 1054 μέχρι
2439 984 2543 1037 ποῦ
2575 979 3239 1052 κατέπηξαςῖῬωμαῐκὴν
3267 974 3514 1046 σημαίαν
3539 990 3555 1039 ;

2106 1076 2178 1128 Σὺ
2207 1076 2348 1144 τάχα
2381 1074 2545 1145 μέχρι
2578 1076 2672 1129 καὶ
2706 1075 2921 1143 στηλῶν
2950 1073 3165 1132 ἐλάσεις
3200 1067 3562 1141 Ἡρακλείων,

2110 1166 2220 1219 Kal
2247 1166 2473 1235 φθάσεις
2504 1167 2645 1237 ὑπὲρ
2677 1166 2917 1236 Γάδειρα
2961 1167 3055 1219 καὶ
3078 1163 3293 1232 δούλην
3319 1160 3699 1231 ὑπερδράμης,

2111 1261 2221 1315 Kal
2251 1259 2632 1322 καταδούπους
2660 1260 2788 1323 τοὺς
2816 1258 3026 1322 δεινοὺς
3051 1260 3145 1312 καὶ
3171 1254 3530 1326 καταράκτας
3566 1251 3699 1306 Νεί-

3448 1346 3592 1418 [λου.

2125 1443 2355 1516 Ἐλεύσῃ
2379 1443 2438 1497 δὲ
2487 1445 2580 1497 καὶ
2616 1442 2754 1511 πρὸς
2781 1441 2953 1508 αὐτὴν
2977 1442 3078 1512 τὴν
3111 1439 3467 1512 κεκαυμένην
3501 1437 3702 1504 ζώνην,

2118 1539 2225 1591 Καὶ
2254 1539 2385 1608 περὶ
2410 1535 2690 1590 θάλασσαν
2721 1535 2927 1606 νεκράν
2978 1537 3028 1588 εί
3064 1533 3249 1605 βούλει
3291 1531 3703 1602 ναυστολήσεις,

2116 1629 2225 1683 Kal
2250 1628 2428 1682 πάντα
2459 1628 2665 1698 δράσας
2702 1628 2948 1698 εὐτυχῶς
2980 1628 3077 1680 σὺν
3109 1629 3286 1689 νίκαις
3321 1625 3660 1696 ἁναδραμεῖς
3684 1638 3703 1658 ’

2116 1719 2249 1772 Θεὸν
2279 1718 2390 1788 γὰρ
2425 1718 2571 1788 ἔχεις
2608 1718 2898 1787 συνεργὸν,
2924 1718 3022 1771 καὶ
3049 1718 3133 1779 τίς
3172 1715 3463 1785 ἀντάροιτό
3493 1730 3612 1778 σοις

2044 1802 2083 1857 Β
2115 1811 2298 1875 Σώζου
2334 1827 2446 1880 μοι,
2481 1809 2766 1880 σκῆπτρον
2785 1808 3114 1878 Κομνηνῶν,
3136 1805 3333 1874 σώζου,
3363 1806 3539 1876 σεμνὴ
3569 1820 3706 1876 πορν

3396 1895 3594 1971 [φῦραι

2120 1993 2282 2057 "liti;
2311 1994 2614 2065 ἐγέννησας
2653 1994 2786 2063 ἡμῖν
2821 1993 3076 2063 σωτῆρας
3103 1990 3467 2061 τηλικούτους
3493 2007 3506 2021 ο

2132 2087 2222 2154 Ἐξ
2265 2088 2504 2153 Ἀλεξίου
2540 2088 2641 2157 μὲν
2670 2085 2767 2140 τοῦ
2802 2090 2934 2156 πρὶν
2959 2085 3054 2140 τοῦ
3086 2085 3449 2157 παγκρατοῦς
3493 2085 3707 2141 ἱκείνου

2119 2181 2325 2235 Τοῦτον
2355 2181 2447 2233 τὸν
2473 2179 2860 2251 χαριτώνυμον
2882 2179 3156 2249 δεσπότην
3185 2179 3470 2247 Ἰωάννην,

2120 2275 2228 2330 τὸν
2257 2274 2476 2346 ἀληθῶς
2508 2274 2801 2344 ἐκδικητὴν
2825 2272 2921 2326 τοῦ
2948 2271 3335 2343 χριστωνύμου
3367 2272 3599 2341 κλήρου,

2119 2366 2224 2418 Τὸν
2256 2365 2475 2435 ἀληθῶς
2506 2362 2838 2433 ὀλοθρευτὴν
2867 2362 2977 2414 τῶν
3005 2360 3326 2430 ἀλλοφύλων
3354 2359 3542 2430 φύλων
3560 2374 3577 2389 ⁸

2116 2458 2216 2511 Ἐκ
2242 2457 2436 2510 τούτου
2463 2456 2520 2509 δὲ
2553 2455 2652 2528 τὴν
2687 2456 2840 2526 ἱερὰν
2873 2454 3239 2527 πορφυρανθῆ
3268 2453 3513 2524 τετράδα

2120 2554 2203 2607 Τὰ
2234 2553 2329 2606 τοῦ
2365 2551 2572 2622 πατρὸς
2609 2551 2934 2622 μιμήματα,
2968 2550 3068 2614 τὰς
3107 2550 3364 2621 ἐναργεῖς
3392 2547 3637 2612 εἰκόνας,

2120 2647 2196 2700 Δι’
2225 2640 2292 2719 ἦς
2324 2645 2436 2715 ἐγὼ
2463 2644 2562 2713 τὴν
2589 2644 2902 2715 τετρακτὺν
2943 2644 3040 2697 καὶ
3075 2642 3372 2714 προσκυνῶ
3401 2644 3497 2697 καὶ
3537 2638 3705 2695 σέϐω*

2120 2738 2232 2793 Kal
2263 2741 2346 2791 col
2368 2737 2494 2800 τοὺς
2530 2735 2948 2807 Πυθαγορικοὺς
2980 2736 3104 2806 οὐχὶ
3135 2733 3455 2806 πρεσϐεύων
3485 2734 3708 2805 νόμους.

2120 2831 2318 2900 Χαῖρε,
2347 2830 2828 2900 πορφυρογέννητε
2866 2829 3308 2900 σεϐαστοκράτορ
3329 2828 3503 2900 τρίτα,

2119 2924 2233 2976 Οὐκ
2264 2924 2322 2975 ὲν
2354 2923 2544 2991 ὑφέσει
2567 2924 2670 2993 τῆς
2698 2922 2894 2994 τιμῆς,
2921 2923 3059 2977 ἀλλὰ
3091 2922 3191 2991 τῆς
3221 2922 3460 2993 ἡλικίας,

2127 3014 2388 3085 ’Δλκίμου
2420 3014 2631 3085 σκύμνε
2656 3013 2894 3080 λέοντος,
2932 3013 3166 3086 στρουθδ
3192 3012 3400 3085 χρυσοῦ
3432 3013 3669 3079 ταῶ-λος,

2133 3107 2466 3177 ’Υψιπετοῦς
2500 3108 2724 3178 ἱέρακος
2757 3107 3154 3180 αἰθεροδρόμον
3175 3109 3387 3173 τέκνον,

2034 3160 2080 3221 (³
2131 3160 2268 3254 iis
2296 3160 2643 3272 στρατάρχου
2673 3160 3589 3273 άρατὲιὶςλῖγὲνναειξτρᾶιτιῶτα,

2113 3292 2238 3350 Τῶν
2275 3296 2565 3366 πατρικῶν
2593 3295 2889 3365 είκόνισμα
2915 3297 3013 3349 καὶ
3043 3294 3264 3366 τρόπων
3291 3296 3388 3348 καὶ
3414 3294 3665 3365 χαρίτων
3689 3336 3705 3361 ,
3735 3323 3739 3326 ~

2117 3390 2228 3442 Kal
2256 3389 2352 3444 τοῦ
2380 3388 2609 3461 στεῤῥοῦ
2644 3389 2934 3459 βραχίονος
2963 3389 3058 3442 καὶ
3090 3390 3188 3458 τῆς
3216 3388 3386 3455 ἁδρᾶς
3411 3387 3700 3458 παλάμῃς·

2118 3480 2373 3548 Ἐδειξας
2404 3480 2549 3543 τίνος
2572 3481 2830 3552 φύτευμα
2869 3482 2962 3535 καὶ
2996 3481 3213 3552 ρίζωμα
3245 3481 3565 3550 τυγχάνεις,

2115 3657 2362 3713 candidis
2392 3656 2612 3727 plexisti
2644 3659 2780 3711 rosis
2805 3674 2938 3727 quas
2968 3660 3021 3711 in
3059 3655 3286 3713 Cameris
3313 3659 3482 3713 hortis
3505 3657 3607 3713 illa
3626 3657 3709 3715 ls-

2115 3752 2211 3822 git,
2248 3759 2297 3804 et
2325 3767 2375 3804 or
2389 3760 2516 3804 nata
2549 3766 2612 3805 ac
2641 3749 2921 3821 splendida
2955 3751 3092 3805 sicut
3124 3752 3354 3822 nympha
3380 3751 3708 3816 adolescens.

2116 3845 2372 3914 formosa.
2400 3842 2538 3897 Huic
2571 3855 2625 3896 tu
2654 3844 2813 3897 redde
2845 3860 3022 3908 preces
3062 3854 3108 3898 et
3135 3854 3336 3915 grates.
3360 3843 3515 3911 Quod
3565 3847 3710 3901 enim

2119 3935 2272 3990 aliud
2298 3935 2442 4004 grati
2465 3936 2633 3989 animi
2660 3937 2872 4005 signum
2907 3937 3010 4005 ipsi
3047 3938 3229 4007 offeres
3255 3937 3280 3990 ?

2187 4027 2472 4083 Ocursum
2527 4026 2863 4097 splendidum
2923 4029 3147 4083 maximi
3201 4030 3399 4099 regis!
3447 4038 3710 4101 quantum

2114 4122 2217 4174 uia:
2236 4135 2497 4184 emensus,
2524 4135 2792 4191 quousque
2831 4120 3159 4190 easpatiatus
3190 4120 3282 4175 es!
3337 4121 3426 4175 ubi
3475 4122 3712 4177 locorum

2108 4208 2415 4263 Romanum
2452 4209 2705 4264 vexillum
2756 4209 2965 4279 ﬁxisti?
3016 4209 3092 4265 Tu
3140 4210 3278 4281 forte
3339 4212 3409 4266 ad
3462 4212 3711 4270 Herculis

2114 4302 2389 4355 columnas
2419 4301 2813 4371 progredieris;
2840 4309 2894 4354 tu
2920 4300 3093 4357 Gades
3121 4310 3171 4356 et
3200 4301 3403 4359 Thulen
3431 4314 3711 4361 transceu~

2108 4392 2230 4454 des,
2263 4400 2314 4445 et
2342 4392 2457 4461 ipsa
2485 4392 2759 4459 catadupa
2791 4401 2843 4446 et
2869 4390 2981 4446 Nili
3009 4402 3339 4450 cataractas.
3362 4393 3502 4460 Quin
3536 4404 3589 4449 et
3638 4397 3712 4454 ad

422 4486 551 4557 quid
582 4487 640 4539 in
671 4486 784 4556 ipso
805 4502 972 4557 usque
998 4493 1067 4541 ad
1089 4486 1347 4556 ungulam
1379 4505 1522 4544 amo.
1554 4488 1647 4544 His
1684 4492 1823 4544 enim
1854 4492 2019 4546 armis
2046 4496 2099 4557 ι)
2120 4499 2313 4537 zonam
2343 4484 2600 4537 torridam
2629 4499 2794 4554 usque
2823 4485 2982 4539 vades
3022 4496 3071 4539 et
3116 4502 3268 4541 mare
3303 4486 3573 4542 Morinum
3601 4490 3713 4543 cir-

424 4576 652 4632 salutem
700 4577 879 4642 debeo,
914 4578 1109 4632 Persas
1169 4579 1351 4643 vinco,
1403 4581 1573 4635 hostes
1622 4582 1677 4634 in
1712 4584 1891 4651 fugam
1926 4583 2016 4644 do,

423 4668 752 4738 alienigenas
799 4683 1013 4738 supero.
1069 4666 1206 4733 Quot
1257 4674 1497 4743 regiones
1520 4714 1535 4735 ,
1596 4683 1777 4727 custos
1826 4673 1973 4727 urbis
1997 4713 2015 4738 ,

424 4774 664 4815 amemus
707 4775 781 4825 es,
831 4770 957 4830 quot
1012 4761 1131 4817 loca
1188 4763 1383 4829 ardua,
1438 4780 1653 4835 aspera.
1703 4773 2021 4835 prmrupta;

2112 4572 2559 4642 cumnauigabis;
2592 4580 2711 4643 post
2744 4587 2863 4635 quae
2890 4573 3072 4627 omnia
3099 4577 3264 4629 uictor
3291 4576 3363 4629 ad
3390 4585 3510 4630 tuos
3537 4591 3714 4633 rever-

2121 4665 2288 4725 teris;
2319 4678 2548 4733 namque
2576 4662 2751 4718 Deum
2780 4662 3166 4719 auxiliatorem
3213 4665 3372 4720 habes
3391 4682 3411 4722 :
3467 4666 3585 4733 quis
3619 4669 3715 4723 tibi

2124 4756 2474 4811 adversetur?
2525 4754 2695 4810 Serua
2756 4757 2887 4810 mihi
2922 4765 3212 4826 'sceptrum
3280 4757 3711 4824 Comnenorum,

422 4861 547 4916 auat
604 4861 777 4907 terras
831 4853 997 4908 celsas
1028 4896 1042 4920 ,
1089 4862 1370 4925 pra’petes,
1426 4855 1700 4909 arboribus
1751 4855 2027 4910 consitas!
2120 4865 2273 4904 serva
2298 4856 2356 4903 tu
2380 4864 2499 4918 qua:
2524 4848 2781 4918 peperisti
2810 4849 2958 4903 nobis
2995 4849 3372 4920 magnanimos
3422 4852 3717 4922 sospitato-

422 4943 693 5010 Quantas,
728 4945 885 5009 eheu,
911 4961 1206 5010 (erumnas,
1236 4955 1467 5016 quantos
1500 4946 1707 5001 labores
1732 4948 2020 5016 pertulisti,

425 5036 551 5088 dum
593 5050 688 5088 nos
712 5034 897 5102 ﬁdeles
953 5050 1267 5107 prosperam
1308 5043 1360 5089 et
1399 5035 1668 5090 laboribus
1719 5043 2018 5107 exemptam

426 5130 581 5181 vitam
615 5128 844 5197 agimus.
879 5127 955 5181 Tu
989 5127 1164 5197 focum
1195 5142 1331 5181 auro
1353 5126 1737 5197 splendentem.
1766 5127 2021 5182 nitentem

414 5215 625 5287 linquis
654 5232 775 5270 cum
803 5217 932 5272 luxu
974 5226 1023 5271 et
1053 5218 1255 5272 deliciis
1286 5234 1407 5288 qua:
1457 5233 1635 5287 regem
1688 5226 2021 5286 sequuntur;

425 5316 485 5360 tu
510 5315 752 5361 armatus
780 5323 913 5378 equo
935 5310 1172 5363 insidens
1200 5311 1293 5362 sub
1329 5306 1464 5362 Jove
1498 5307 1692 5377 frigido
1718 5317 2019 5376 pernoctas,

426 5396 553 5451 solis
583 5397 751 5452 radiis
780 5396 1079 5461 lacessitus,
1129 5415 1274 5468 aqua
1321 5414 1537 5460 carens,
1586 5406 1635 5451 et
1685 5401 1795 5452 lucc
1842 5400 2022 5452 omnia

427 5505 523 5558 pro
554 5491 699 5544 nobis
723 5492 886 5544 servis
914 5492 1133 5557 pateris.
1170 5489 1378 5561 Recipe,
1411 5490 1736 5559 Byzantium
1760 5530 1776 5555 ,
1827 5494 2018 5562 recipe,

418 5580 565 5634 .n‘ooa
593 5578 785 5648 Roma,
819 5581 976 5634 hasce
999 5595 1228 5634 coronas
1253 5581 1409 5635 modo
1442 5580 1650 5650 plexos.
1689 5583 1874 5652 quibus
1918 5584 2021 5637 im-

429 5676 646 5740 perator
676 5686 958 5739 generosus
987 5681 1037 5725 te
1073 5674 1389 5736 coronauit;
1424 5672 1535 5741 ipse
1575 5673 1785 5741 quidem
1830 5689 2021 5727 manus

432 5763 685 5821 pinarum
722 5762 941 5844 aculeis
992 5770 1300 5820 cruentatas
1378 5763 1604 5824 retulit.-
1653 5774 1710 5818 tu
1770 5775 1957 5823 contra
1994 5784 2021 5822 e

2126 4959 2245 5008 res;
2272 4942 2336 4996 ab
2358 4941 2544 4998 Alexio
2567 4943 2777 5012 quidem
2815 4944 2942 4997 olim
2971 4944 3335 5013 potentissimo
3354 4984 3368 5006 ,
3400 4945 3716 5002 clementem

2126 5035 2400 5089 dominum
2463 5032 2749 5100 Joannem,
2804 5033 3068 5089 vindicem
3129 5035 3262 5090 cleri
3318 5035 3712 5106 Christiﬁdelis,

2124 5125 2547 5196 alienigenarum
2594 5141 2776 5181 aereus
2835 5127 3133 5181 inimicum.
3205 5126 3459 5197 Sequitur
3524 5140 3718 5187 saneta

2125 5223 2427 5285 purpurata
2478 5218 2781 5284 quaternio,
2803 5218 2975 5285 patris
3021 5216 3346 5272 lineamenta
3395 5220 3711 5289 producens,

2128 5304 2302 5376 proles
2333 5306 2544 5374 parenti
2568 5304 2875 5370 simillima,
2922 5322 3087 5376 quam
3116 5309 3266 5362 humi
3292 5318 3592 5378 prastratus
3632 5326 3721 5365 re-

2124 5413 2339 5463 uereor;
2372 5398 2507 5451 sicut
2536 5405 2585 5450 te
2614 5412 2822 5467 quoque
2853 5397 2975 5451 licet
3001 5396 3386 5469 Pythagoricus
3412 5418 3518 5455 non
3550 5403 3720 5456 hono-

2125 5506 2252 5545 rans
2279 5489 2414 5559 leges
2434 5506 2454 5545 :
2482 5489 2627 5543 salve
2664 5497 2744 5553 tu,
2784 5492 3275 5561 porphyrogenite,‘
3306 5496 3573 5565 Augustas
3608 5506 3722 5550 ter-

2126 5585 2252 5649 tius,
2276 5599 2380 5637 non
2408 5598 2500 5653 per
2519 5581 2874 5636 humilitatem
2903 5585 3140 5649 honoris,
3161 5586 3254 5639 sed
3280 5590 3474 5651 (etatis,
3501 5588 3716 5643 catulus

2127 5677 2291 5731 leonis
2325 5675 2542 5739 robusti,
2594 5673 2771 5744 pullus
2818 5676 3040 5744 pavonis
3074 5680 3247 5737 aurei,
3294 5678 3441 5745 ﬁlius
3488 5678 3718 5750 [alconis

2129 5765 2480 5825 alticolantis.
2525 5765 2670 5821 miles
2694 5765 2884 5822 nobilis
2913 5784 2977 5824 ac
3020 5768 3170 5825 ducis
3218 5769 3468 5841 legatus;
3507 5788 3718 5829 morum
