4078 6464
391 416 530 491 1353
642 472 655 479 ι

1552 418 1720 483 SCRI
1734 418 1877 484 PTA
1917 418 1970 485 M
1984 425 2347 487 [SCELLAN
2356 427 2399 487 Ε
2412 428 2447 486 Α
2458 472 2474 489 .

3512 437 3651 504 1Ἱ54

385 541 495 596 Kal
525 538 717 603 πόσοις
735 540 847 603 τοῖς
877 537 1167 610 δωρήμασι
1205 535 1516 601 πλουτίζεις
1543 540 1668 603 τοὺς
1702 539 1953 605 οίκέταςο
1988 554 2032 608 Α
2061 544 2174 597 Καὶ
2194 544 2417 609 τούτους
2447 545 2615 600 πάλιν
2636 545 2905 613 καθελὼν,
2943 549 3036 604 καὶ
3068 548 3231 606 πάλιν
3277 560 3646 628 ταπεινώσας,

384 626 584 703 Νικᾷς,
599 630 856 701 ζωγρεῖς,
869 631 1278 700 τροπαιουχεῖς,
1299 628 1606 695 σκυλεύεις,
1628 630 1959 702 ἁριστεύεις,

384 723 764 791 Δουλαγωγεῐς
794 721 854 775 τὸ
884 721 1174 791 Περσικὸν,
1199 721 1293 775 τὸν
1319 721 1537 792 Σκύθην
1564 723 1904 790 ύποκλίνεις,

385 816 608 886 Πάρθου
639 815 735 869 καὶ
767 814 941 882 Σύρου
967 811 1238 885 τράχηλον
1270 815 1405 884 ἡμῖν
1435 812 1855 884 ῦποζευγνύεις.

384 909 497 962 Kal
529 909 712 962 πᾶσαν
744 907 916 978 ἄλλην
939 905 1162 977 ὲθνικῆν
1190 905 1450 973 ποικίλην
1479 908 1852 978 πανστομίαν·

383 998 786 1068 Γαμοστο>.εῐς,
840 998 1236 1068 νυμφαγωγεϊς
1289 996 1399 1052 τῶν
1446 996 1654 1051 τέκνων
1698 1014 1797 1051 σου
1852 1001 1965 1063 τοῖς

1615 1085 1868 1160 [τέκνοις.

388 1179 696 1244 Πολυειδετς
725 1177 826 1243 τὰς
858 1178 1091 1249 χάριτας
1121 1179 1191 1251 τῇ
1218 1176 1373 1243 πόλει
1406 1194 1503 1232 σου
1527 1178 1802 1248 πορίζεις.
1872 1186 1875 1191 ’

391 1272 565 1326 Πάλιν
599 1268 867 1340 συνῆλθον
905 1271 986 1333 τίς
1011 1270 1210 1324 ταυτὸν
1231 1271 1402 1341 ἄμφω
1435 1269 1504 1323 τά
1531 1268 1652 1322 θεῖα
1680 1269 1835 1339 γένη,

388 1365 463 1418 Τὸ
496 1362 802 1433 Κομνηνῶν
829 1362 926 1416 καὶ
956 1342 1017 1414 τὸ
1067 1360 1290 1414 Δουκῶν
1324 1361 1406 1424 είς
1442 1360 1626 1430 γάμου
1655 1361 1963 1414 κοινωνίαν·

303 1437 309 1442 ’
388 1458 557 1513 Πάλιν
593 1455 1106 1528 συνεδενδρώθησαν
1127 1457 1207 1520 είς
1239 1457 1372 1527 μίαν
1400 1459 1682 1526 συμφυΐαν

386 1551 595 1614 Κλάδος
623 1550 826 1620 ὡραῖος
850 1547 1156 1619 Κομνηνῶν
1182 1546 1366 1618 κλάδῳ
1389 1546 1613 1600 Δουκῶν
1647 1546 1856 1618 ὡραίῳ,

388 1644 594 1714 Ἄμφω
620 1640 776 1695 καλοὶ
803 1640 900 1694 καὶ
929 1639 1242 1710 θαυμαστοὶ
1274 1640 1370 1693 καὶ
1400 1638 1626 1711 θαλεροὶ
1649 1643 1745 1694 καὶ
1776 1640 1894 1694 νέοι
1913 1679 1931 1709 ,

386 1737 501 1790 Kal
535 1734 821 1798 θάλλοντες
854 1733 1080 1803 ἁρεῖκὺν
1107 1735 1202 1787 καὶ
1235 1730 1800 1804 συνανθηφοροῦντες.

452 1827 627 1898 Χαῖρε
648 1843 760 1894 μοι,
776 1826 962 1896 νύμφη
984 1824 1477 1898 τηλαυγὴς,νύμφη
1493 1827 1722 1896 νυμφῶν
1741 1824 1963 1896 ἀρίστη,

386 1914 662 1988 Βασιλικῆ
691 1917 834 1971 κατὰ
855 1916 1060 1987 ψυχὴν,
1085 1914 1352 1992 ’βασιλικὴ
1380 1916 1442 1970 τὸ
1465 1916 1644 1987 σῶμα·

396 2008 486 2072 Ὠς
514 2007 779 2078 ἄξιον’ὲφ’
810 2007 1016 2063 ἅπασιν
1055 2007 1288 2079 ἐφεῦρες
1319 2007 1409 2060 τὸν
1441 2007 1698 2079 νυμφίον,

385 2099 542 2172 Καλὴ
568 2099 755 2166 καλὸν,
791 2100 967 2170 σεμνὴ
1007 2100 1228 2169 σεμνὸν,
1261 2098 1444 2171 ὡραία
1477 2101 1570 2154 τὸν
1602 2100 1832 2169 ὡραῖον,

385 2186 771 2264 Ἐμπρέποντα
798 2194 915 2254 τοῖς
942 2189 1114 2261 ἥλιξι,
1142 2192 1203 2245 τὸ
1230 2191 1420 2262 Θαῦμα
1452 2192 1562 2245 τῶν
1601 2191 1830 2262 ἡλίκων,

386 2285 740 2357 Τρισευγενὶς
768 2285 857 2339 τὸν
892 2285 1121 2353 εὐγενῆ,
1145 2284 1236 2339 τὸν
1264 2284 1385 2339 νέον
1427 2286 1461 2355 ἡ
1493 2284 1699 2349 νεᾶνις.

392 2378 501 2431 Kal
527 2380 613 2441 τίς
644 2376 711 2431 ἂν
739 2376 875 2447 άλλη
907 2377 1122 2445 γένοιτο
1146 2375 1326 2448 γάμου
1349 2376 1576 2444 τοιαύτη
1601 2376 1801 2447 χάρις;

392 2468 507 2522 Οὐκ
537 2467 748 2539 ἔπρεπέ
779 2485 866 2533 σε,
893 2468 1174 2539 θαυμαστὲ
1203 2466 1298 2522 καὶ
1329 2468 1585 2522 κάλλιστε
1613 2468 1838 2537 νυμφίε,

392 2553 656 2612 Τοσοῦτον
682 2558 879 2624 κάλλος
916 2559 1153 2629 φέροντα
1181 2558 1276 2612 καὶ
1302 2559 1467 2630 τόσην
1489 2558 1816 2628 εὐκοσμίαν.

389 2652 480 2724 Μὴ
507 2652 842 2722 συναφθῆναι
874 2652 1129 2723 γαμικῶς
1157 2654 1223 2723 τῇ
1260 2650 1538 2720 γυναικῶν
1566 2652 1827 2725 καλλίστῃ
1854 2670 1869 2718 ;

393 2739 556 2799 Ὅθεν
575 2744 882 2816 εὐτύχησας
914 2745 1083 2816 αὐτὴν
1118 2744 1194 2810 ὡς
1221 2743 1282 2799 οῦ
1310 2761 1397 2809 τις
1430 2744 1592 2810 ἄλλος
1624 2745 1794 2819 ἄλλην

392 2835 502 2892 Kal
532 2838 941 2908 συνεμπρέπεις
967 2835 1303 2908 θαυμαστῶς
1340 2839 1408 2909 τῇ
1447 2837 1653 2909 ταύτης
1684 2843 1971 2914 συναφείᾳ,

403 2929 493 2992 Ὠς
520 2929 650 2999 περὶ
700 2928 972 2984 πλάτανον
1010 2929 1199 2993 κισσὸς
1233 2930 1328 2983 καὶ
1360 2931 1489 3000 περὶ
1513 2931 1721 3004 δάφνην
1774 2933 1963 3004 κλῆμα

394 3022 531 3092 Περὶ
558 3022 845 3093 πορφύραν
874 3022 1182 3091 μάργαρος,
1223 3023 1469 3092 καὶπερὶ
1498 3060 1513 3077 .
1550 3063 1566 3077 .
1602 3064 1616 3080 .
1726 3088 1729 3091 ν

394 3113 504 3166 Kal
531 3115 656 3185 περ)⁸
689 3114 864 3184 κῆπον
894 3110 1095 3183 ἀηδὼν,
1122 3115 1216 3167 καὶ
1273 3115 1388 3182 φῶς
1411 3116 1539 3185 περὶ
1568 3115 1791 3185 λυχνίαν

394 3199 590 3271 Χαῖρε,
619 3200 967 3273 λαμπρότατε
993 3204 1219 3282 φωστὴρ
1246 3202 1346 3272 τῆς
1377 3203 1503 3274 ὅλης
1527 3204 1829 3273 περιγείου,

394 3294 638 3349 Δέσποτα
660 3294 1026 3367 χαριτώνυμε,
1056 3293 1277 3366 λαμπρὲ
1303 3296 1690 3367 τροπαιοφόρε.

394 3386 564 3459 Χαῖρε
585 3388 679 3443 καὶ
707 3389 872 3460 χώρει
900 3383 1021 3439 κατ’
1068 3385 1280 3458 ἐχθρῶν
1307 3387 1401 3441 καὶ
1449 3386 1613 3442 πάλιν
1641 3386 1751 3441 τῶν
1795 3387 1970 3459 ἑῴων,

395 3549 583 3612 modis,
615 3549 927 3618 imperator,
953 3549 1144 3604 mundo
1173 3546 1302 3603 bene
1327 3548 1458 3619 facis
1482 3547 1654 3622 l‘quot
1678 3549 1978 3606 muneribus

398 3657 460 3695 ac
502 3639 654 3695 donis
700 3656 874 3696 servos
910 3652 1025 3720 tuos
1066 3641 1249 3696 ditas!
1299 3640 1495 3707 Vincis,
1535 3645 1769 3714 captivos
1811 3645 1977 3709 ducis,

398 3743 600 3805 tropica
640 3740 844 3803 portas,
878 3734 1048 3788 hostes
1078 3732 1296 3804 spolias,
1329 3734 1690 3804 principatum
1726 3746 1887 3802 tenes,
1924 3739 1979 3791 in

397 3832 699 3879 semtutem
746 3823 984 3880 vindicas
1056 3824 1302 3891 Persam,
1349 3822 1634 3897 Scytham;
1683 3826 1870 3882 Parthi
1920 3844 1983 3884 ac

400 3918 525 3990 Syri
545 3916 738 3972 collum
769 3916 1044 3988 subjugas,
1082 3927 1240 3986 atque
1266 3918 1342 3970 ita
1378 3924 1636 3988 quantum
1664 3919 1736 3973 ad
1760 3930 1976 3976 creteros
2015 3960 2021 3965 -

401 4008 641 4079 populos.
689 4006 920 4078 Nuptias
959 4022 1145 4079 paras,
1184 4007 1458 4079 sponsalia
1500 4012 1771 4064 ministras
1814 4028 1976 4080 nepo-

402 4102 536 4155 tibus
579 4102 706 4166 tuis,
745 4103 936 4155 civium
982 4108 1193 4155 tuorum
1228 4100 1514 4155 commodis
1549 4103 1744 4157 studes.
1777 4101 1977 4158 Rursus

400 4189 789 4246 Camnenorum
819 4208 880 4245 ac
897 4192 1167 4245 Dacorum
1188 4191 1408 4261 familia:
1433 4192 1814 4247 connubiorum
1840 4208 1978 4248 nexu

399 4300 456 4337 se
466 4286 731 4355 junxere;
764 4287 956 4339 iterum
981 4284 1199 4355 pulcher
1224 4283 1614 4340 Comnenorum
1648 4301 1837 4368 ramus;
1862 4285 1978 4339 Du-

398 4395 584 4433 carum
618 4376 895 4449 praeclara:
913 4378 1067 4448 stirpi
1086 4378 1392 4442 adunatur;
1415 4393 1529 4432 ecce
1551 4379 1761 4451 egregia
1784 4370 1979 4449 forma,

401 4478 614 4525 matura
652 4478 780 4525 tetas
806 4467 961 4540 ﬂores
994 4469 1213 4525 eximios
1233 4470 1624 4541 germinabunt.

2003 3253 2050 3316 ο

2067 634 2178 689 Kal
2207 635 2373 689 πάλιν
2402 638 2782 709 ἐργασάμενος
2818 639 2895 709 τῷ
2917 641 3112 710 κράτει
3156 660 3252 698 σου
3309 648 3649 719 τριδούλους,

2065 724 2288 813 Είσελθε
2315 727 2521 799 χαίρων
2549 730 2686 801 πρὸς
2705 731 2854 802 ἡμᾶς
2878 733 3018 802 μετὰ
3046 734 3319 807 λαμπρῶν
3338 742 3646 808 τροπαίων·

2066 817 2177 871 Kal
2224 819 2389 873 πάλιν
2441 822 2887 894 νυμφοστόλησον
2941 825 3230 899 λαμπροὺς
3275 830 3498 901 ἑτέρους
3549 832 3652 902 γά-

3448 942 3540 989 ους

3448 942 3507 980 ου

2073 998 2196 1053 Τῶν
2223 999 2563 1069 δισεγγόνων
2583 1006 2698 1069 τοῖς
2724 1007 2881 1060 παισὶ
2920 1009 3011 1062 καὶ
3041 1012 3156 1074 τοῖς
3189 922 3648 1082 ὲκείνωὶνμτέιὲνοις

2066 1091 2244 1163 Μέχρι
2260 1092 2495 1165 δεκάτης
2532 1101 2724 1166 γενεᾶς
2749 1100 2843 1153 καὶ
2861 1103 3020 1155 πέντε
3057 1103 3149 1155 καὶ
3170 1102 3423 1179 δεκάτης,

2069 1182 2177 1234 Καὶ
2212 1180 2336 1253 ζῆθι
2369 1186 2532 1257 μέχρι
2556 1188 2871 1258 σύμπαντος
2889 1191 2982 1245 τοῦ
3013 1192 3217 1263 δρόμου
3268 1196 3378 1250 τῶν
3410 1200 3648 1257 αἰώνων.

2055 1293 2152 1357 ιε’.
2189 1325 2260 1336 -
2307 1297 2418 1352 Τοῦ
2472 1299 2660 1380 apro?
2836 1307 3216 1380 pera/tortum
3257 1310 3649 1380 αὐτοκράτορι
3696 1348 3699 1349 ν

2384 1371 2547 1437 κυρῷ
2565 1411 2576 1418 .
2601 1371 2848 1439 Ἰωάννῃ
2897 1371 2978 1439 τῷ
3017 1371 3327 1444 Κομνηνῷ.

2070 1457 2262 1512 Πολλοὶ
2289 1460 2396 1513 τῶν
2422 1461 2797 1532 λατρευόντων
2827 1481 2931 1531 σοι,
2965 1466 3067 1535 τῆς
3089 1467 3221 1538 ὅλης
3249 1470 3315 1522 αύ
3327 1471 3621 1542 τοκράτορ,

2080 1544 2432 1617 Ἐκώφευσάν
2465 1571 2532 1622 με
2574 1553 2680 1623 πρὸ
2712 1555 2910 1626 καιροῦ
2961 1561 3230 1628 χρησταῖς
3274 1562 3649 1630 ἐπαγγελίαις,

2073 1641 2332 1698 Ἀλλοθεν
2355 1643 2516 1708 ἄλλος
2545 1645 2805 1701 ὑπαντῶν
2842 1648 2937 1702 καὶ
2975 1652 3464 1724 προσπλεκόμινός
3500 1673 3591 1726 μοι

2069 1734 2178 1789 Kal
2235 1736 2557 1807 συγκροτῶν
2609 1738 2703 1791 καὶ
2767 1741 3078 1812 συσκιρτῶν
3105 1783 3113 1791 .
3142 1744 3239 1798 καὶ
3303 1748 3520 1816 χαίρειν
3580 1765 3649 1818 με

3028 1818 3037 1823 ’
3162 1831 3542 1906 [προτρέπων.

1994 1903 2037 1958 Β
2075 1916 2138 1976 Ὀ
2168 1921 2266 1992 μὲν
2301 1920 2461 1991 βοῶν,
2495 1916 2817 1994 Ηύμάρὶσεν
2845 1925 2877 1995 ή
2905 1923 3043 1998 τύχη
3073 1903 3289 1982 σου-τον
3334 1903 3471 2000 βίον,

2065 2012 2157 2081 Μὴ
2188 2011 2280 2065 τοῦ
2311 2011 2502 2066 λοιποῦ
2537 2013 2842 2085 σχετλίαζε,
2888 2014 2966 2085 μὴ
2996 2016 3091 2070 τοῦ
3120 2015 3308 2071 λοιποῦ
3360 2017 3650 2089 δυσθύχιει,

2069 2101 2216 2174 Πλὴν
2242 2102 2506 2172 εὐτυχῶν,
2531 2104 2884 2177 εὐδαιμονῶν,
2921 2108 3170 2178 μέμνησο
3197 2109 3423 2164 καὶτῶν
3453 2110 3648 2179 φίλων.

2078 2192 2139 2248 '0
2171 2195 2227 2248 δὲ
2248 2195 2326 2266 τῷ
2352 2195 2545 2267 κράτει
2563 2214 2656 2250 σου
2679 2200 2926 2267 μακροὺς
2954 2200 3252 2270 εὐχόμενος
3272 2201 3399 2266 τοὺς
3425 2202 3652 2273 χρόνους

2079 2284 2167 2347 Ὦς
2192 2284 2314 2355 ούχὶ
2351 2288 2514 2356 μόνον
2552 2291 2804 2358 κραταιῷ
2827 2290 2964 2360 πρὸς
3001 2291 3180 2362 μάχας
3214 2293 3306 2347 καὶ
3329 2293 3600 2366 πολέμους
3631 2308 3648 2325 ⁸

2072 2375 2266 2441 Ἄλλος
2295 2377 2565 2449 ἑτέρωθεν
2583 2378 2722 2448 βοῶν
2754 2383 2894 2451 μετὰ
2920 2383 3091 2452 χαρᾶς
3122 2382 3347 2455 ἡλίκης,

2083 2466 2172 2530 Ὠς
2197 2466 2450 2538 ἀληθεύει
2476 2467 2538 2522 τὸ
2571 2469 2774 2536 κοινὸν,
2816 2472 2894 2542 μὴ
2922 2471 3086 2545 τρέχε
3120 2471 3294 2543 τύχην
3324 2474 3486 2543 ἔχων,

2070 2560 2182 2613 Kal
2199 2559 2264 2612 σὺ
2289 2559 2365 2630 μὴ
2386 2559 2618 2630 τρέχων,
2639 2561 2947 2632 Πρόδρομε,
2965 2562 3063 2635 τὴν
3092 2562 3188 2634 σὴν
3215 2564 3443 2634 ἐφεῦρες
3458 2566 3652 2638 τύχηνο

2075 2651 2269 2713 Ἀλλος
2294 2651 2494 2715 λαλῶν,
2533 2650 2818 2724 Ἐτοῖμαζε
2845 2655 3055 2724 φάτνας
3087 2656 3478 2725 ίπποστασίας,

2074 2744 2375 2817 Κεφαλαρά
2416 2745 2511 2799 καὶ
2537 2745 2789 2815 χαλινοὺς
2819 2744 3441 2817 ἀργυροχρυσηλάτουςο
3571 2814 3581 2824 ,

2072 2837 2183 2892 Kal
2205 2836 2426 2900 δούλους
2451 2835 2663 2909 ὤνησαι
2690 2836 2921 2901 πολλοὺς
2943 2838 3039 2890 καὶ
3070 2837 3272 2907 κτῆσαι
3295 2840 3656 2912 δορυφόρους,

2087 2927 2323 2982 Ἀπόθου
2346 2928 2403 2983 δὲ
2439 2930 2509 2983 τὰ
2541 2928 2796 3000 πτωχικὰ
2820 2930 2916 2982 καὶ
2948 2932 3050 3001 τὴν
3084 2932 3422 3002 φιλοσοφίαν,

2075 3019 2190 3074 Καὶ
2210 3019 2337 3084 τοὺς
2363 3019 2656 3090 ρυπῶντας
2679 3023 2776 3074 καὶ
2798 3016 3032 3092 σαθροὺς
3053 3023 3150 3078 καὶ
3169 3022 3537 3097 πολυτρήτους
3562 3027 3659 3080 πέε-

3336 3115 3549 3189 [πλους,

2079 3202 2194 3258 Kal
2231 3201 2472 3259 συνελὼν
2501 3202 2772 3271 ἀπόξυσαι
2801 3204 2863 3259 τὸ
2896 3205 3073 3277 γῆρας
3099 3206 3290 3278 ὥσπερ
3320 3209 3463 3280 ὄφις,

2082 3296 2193 3350 Kal
2227 3295 2356 3351 νέαν
2384 3285 2606 3350 ἔνδυσαι
2630 3297 2817 3368 δορὰν,
2849 3298 2945 3352 καὶ
2968 3298 3065 3353 νέα
3095 3300 3294 3368 κτῆσαι
3330 3302 3470 3374 μέλη
3496 3316 3514 3335 ο

2080 3387 2216 3441 Θεοῦ
2239 3389 2350 3460 γὰρ
2378 3389 2771 3460 εύδοκήσαντος
2798 3393 2891 3443 καὶ
2921 3391 3017 3461 τῆς
3041 3392 3204 3447 αὑτὸν
3224 3394 3516 3467 τεκούσης,

2076 3548 2377 3603 servitutem
2431 3548 2661 3604 redactis
2721 3547 2791 3601 ad
2843 3558 2957 3603 tuos
3009 3552 3291 3606 revertaris
3342 3560 3660 3619 trapazorum

2078 3639 2431 3712 gloriosorum
2462 3648 2742 3710 portator;
2775 3656 2937 3696 noras
2983 3641 3167 3697 dehinc
3205 3651 3413 3699 astrues
3447 3648 3661 3715 nuptias

2080 3721 2350 3801 nepotibus
2398 3735 2503 3788 tuis
2555 3742 2606 3786 et
2647 3733 3011 3804 abnepotibus,
3047 3734 3117 3788 ad
3165 3737 3422 3791 decimam
3471 3755 3658 3808 usque.

2081 3826 2187 3882 imo
2209 3824 2472 3880 decimam
2494 3824 2739 3897 quintam
2765 3828 3176 3897 generationem,
3201 3835 3252 3880 et
3274 3828 3345 3882 ad
3366 3837 3662 3885 extremum

2082 3930 2245 3986 usque
2281 3916 2402 3969 vita
2433 3914 2757 3969 curriculum
2785 3915 2929 3970 vivas

2085 4028 2150 4085 V.
2219 4023 2478 4105 Ejusdem
2553 4042 2775 4105 carmen
2847 4030 2913 4084 ad
2971 4028 3234 4105 Ioannem
3292 4031 3660 4105 Comncnum,

2328 4098 2609 4154 dominum
2656 4098 2965 4169 Augustum
3016 4116 3081 4157 ac
3134 4102 3418 4159 victorem.

2158 4190 2311 4246 Multi
2343 4191 2551 4258 quidem
2586 4205 2651 4246 ex
2687 4193 2752 4246 iis
2791 4194 2881 4261 qui
2916 4200 2967 4247 te
3001 4203 3341 4259 uenerantur,
3375 4205 3666 4268 imperator

2088 4282 2229 4336 orbis
2267 4289 2556 4349 terrarum,
2601 4284 2968 4353 inopportunis
3010 4284 3480 4343 declamationibus
3506 4289 3669 4344 silens

2089 4373 2219 4428 tium
2258 4374 2385 4427 mihi
2427 4375 2815 4442 imposuerunt.
2860 4375 3096 4447 Undique
3124 4378 3265 4431 enim
3298 4379 3368 4433 ad
3396 4379 3667 4450 plausum,

2091 4463 2162 4518 ad
2198 4462 2397 4534 gaudia
2446 4479 2528 4517 me
2579 4464 2805 4517 incitant
2843 4465 2924 4518 his
2965 4466 3132 4520 verbis
3167 4481 3187 4520 :
3229 4466 3474 4525 Fortuna
3505 4473 3670 4526 vitam

473 4560 708 4626 δαιυειο,
736 4578 933 4630 sponsa
965 4563 1194 4617 candida
1236 4563 1374 4617 inter
1402 4579 1617 4629 omnes;
1654 4565 1836 4633 regina
1870 4573 1982 4619 tam
2016 4553 2059 4610 D
2087 4563 2236 4608 tuam
2269 4553 2473 4620 beauit;
2502 4554 2649 4608 mitte
2681 4555 2948 4624 querelas,
2986 4572 3050 4611 ne
3083 4557 3344 4629 desperes,
3378 4561 3671 4616 amicorum

403 4656 583 4709 anima
619 4670 781 4724 quam
817 4649 1067 4722 corpore,
1097 4653 1257 4722 plane
1296 4654 1454 4725 digna
1487 4670 1604 4725 quae
1645 4653 1807 4711 talem
1840 4657 1982 4712 iuve-

404 4748 543 4800 nires
578 4762 848 4816 sponsum,
890 4745 1112 4815 pulchra
1148 4745 1444 4816 pulchrum,
1487 4751 1793 4802 veneranda
1833 4766 1981 4804 vene-

404 4839 654 4903 randum,
709 4839 846 4891 inter
892 4834 1100 4891 sodales
1149 4835 1511 4904 excellentem,
1564 4839 1702 4893 inter
1753 4842 1933 4910 wqunt
1960 4878 1969 4890 .

403 4926 779 4981 admirandum
800 4942 818 4990 ;
850 4934 928 4979 ter
957 4940 1205 4995 generosa
1231 4941 1564 4997 generosum,
1590 4927 1982 4982 adolescentulo

405 5018 809 5073 adolescentem.
840 5020 881 5068 0
925 5016 1194 5085 fortunam
1237 5020 1363 5072 bene
1394 5018 1674 5074 meritam!
1701 5016 1814 5073 Non
1844 5020 1985 5072 enim

405 5109 638 5174 decebat,
657 5095 844 5179 sponse
862 5110 1085 5178 egregie,
1103 5109 1557 5175 excellentissime,
1580 5122 1628 5164 te
1645 5113 1985 5165 matrimonio

409 5218 510 5257 non
532 5203 689 5273 jungi
719 5215 836 5254 cum
853 5200 1174 5269 feminarum
1201 5199 1595 5267 pulcherrima!
1623 5196 1736 5256 Tibi
1756 5201 1851 5256 illa
1871 5202 1987 5272 feli-

407 5295 538 5346 citas
557 5308 665 5362 prw
685 5289 925 5344 omnibus
949 5289 1188 5342 obvenire
1203 5289 1440 5351 debebat,
1457 5299 1515 5342 ut
1536 5307 1652 5344 eam
1670 5292 1840 5360 ipsam
1859 5308 1989 5345 utco—

407 5402 518 5439 rem
547 5385 796 5449 duceres,
823 5391 875 5435 ut
899 5382 945 5435 ei
975 5382 1306 5452 potissimum
1331 5381 1661 5450 jungereris,
1685 5392 1741 5436 ut
1764 5382 1987 5454 platano

302 5490 307 5494 '
401 5478 650 5549 jungitur
676 5475 893 5538 hedera,
922 5484 978 5527 ut
1017 5472 1171 5527 lauro
1210 5474 1350 5538 vitis,
1394 5484 1450 5525 ut
1480 5489 1715 5540 purpura
1753 5476 1984 5539 conchae,

408 5578 465 5623 ut
596 5576 651 5621 ut
685 5567 907 5621 luscinia
935 5567 1146 5620 hortum
1171 5567 1432 5635 sequitur,
1465 5564 1557 5618 lux
1584 5566 1638 5618 in
1668 5566 1986 5621 candelabro

404 5646 584 5716 lucet!
635 5659 813 5723 Salve,
858 5658 1067 5712 domine
1105 5670 1370 5726 generose,
1411 5659 1565 5712 totius
1603 5659 1740 5711 orbis
1779 5657 1986 5727 lucifer,

406 5752 572 5806 victor
601 5747 929 5805 clarissime!
974 5746 1143 5807 salve,
1178 5755 1226 5798 et
1277 5756 1461 5801 contra
1505 5749 1987 5823 hostesl'orientales

409 5844 604 5901 milites
647 5853 760 5897 tuos
803 5842 1011 5908 ducito,
1061 5841 1247 5910 quibus
1291 5841 1478 5913 pra'lio
1528 5843 1790 5911 superatis
1832 5842 1989 5911 inque

726 5937 995 5999 PATROL.
1039 5938 1152 5997 Gn.
1202 5933 1507 5997 CXXXIII

2086 4662 2284 4711 tamen,
2314 4648 2617 4716 fortunatus
2649 4663 2769 4701 cum
2795 4650 2886 4704 sis.
2913 4664 3112 4703 memor
3136 4658 3267 4705 esto.
3295 4650 3444 4706 Alius
3474 4650 3667 4706 inultos

2084 4756 2253 4793 annos
2275 4741 2327 4793 in
2358 4740 2491 4794 votis
2516 4740 2659 4809 ponit
2689 4740 2782 4793 tibi
2810 4749 2989 4811 utpote
3011 4742 3124 4796 viro
3148 4757 3253 4795 non
3279 4758 3440 4796 manu
3459 4750 3669 4797 tantum

2084 4833 2241 4893 inque
2277 4829 2475 4899 pra’liis
2504 4831 2628 4901 forti
2662 4847 2679 4885 :
2714 4830 2854 4886 alius
2886 4831 3004 4887 laete
3033 4849 3096 4887 ac
3141 4836 3397 4889 veraciter
3425 4833 3673 4891 clamat:

2092 4920 2381 4977 Fortuna!
2400 4938 2469 4977 ne
2483 4930 2668 4986 tentes,
2685 4923 2985 4993 fortunatus
3004 4941 3022 4990 ,'
3043 4933 3099 4979 tu
3117 4939 3337 4995 quoque,
3357 4924 3667 4990 Prodrome,

2088 5013 2358 5072 fortunam
2387 5015 2502 5068 sine
2539 5016 2731 5069 sudore
2763 5015 3032 5085 obtigisti;
3062 5016 3203 5070 alius
3236 5032 3250 5070 :
3280 5014 3352 5070 Tu
3386 5016 3670 5087 praesepia.

2087 5102 2320 5169 stabula,
2332 5103 2603 5173 phaleras,
2626 5104 2778 5175 frena
2808 5122 2992 5166 aurea,
3022 5114 3272 5173 argenteo
3298 5122 3466 5176 para;
3493 5121 3670 5160 servos

2086 5212 2259 5252 coeme
2287 5207 2336 5252 et
2360 5195 2612 5253 satellites
2648 5197 2840 5252 multos
2870 5210 3158 5264 compara;
3204 5200 3381 5253 omnia
3413 5215 3535 5253 vero
3553 5213 3673 5270 qua:

2083 5294 2451 5357 paupertatem
2488 5303 2549 5341 ac
2580 5284 2967 5357 philosophiam
3004 5283 3171 5351 olent,
3202 5282 3517 5342 vestimenta
3554 5305 3675 5342 sor—

2089 5376 2235 5444 dido,
2290 5375 2465 5430 lacera
2515 5376 2749 5446 depone;
2793 5383 3132 5438 senectutem,
3165 5379 3419 5447 serpentis
3476 5380 3673 5441 instar,

2089 5484 2240 5536 exue,
2267 5469 2558 5538 pellemque
2580 5484 2769 5523 novam
2794 5470 2951 5523 indue
2975 5485 3092 5523 cum
3114 5471 3377 5524 renovatis
3402 5470 3674 5527 membris.

2096 5562 2201 5614 Deo
2236 5575 2461 5629 namque
2503 5561 2715 5627 auspice
2745 5570 2794 5613 et
2833 5560 3060 5631 Deipara
3107 5560 3446 5616 auxiliatrice
3489 5577 3677 5615 rursus

2090 5653 2298 5707 divinus
2355 5653 2664 5722 imperator,
2716 5670 2938 5724 magnus
2993 5657 3282 5710 monarcha
3338 5671 3555 5710 sacram
3608 5653 3680 5707 atl

2091 5761 2385 5816 purpuram
2418 5754 2596 5803 natus,
2630 5744 2955 5799 miraculum
2990 5745 3297 5810 sublunare,
3334 5747 3679 5803 uictoriarum

2091 5854 2273 5925 ρει-ρει
2300 5848 2507 5895 auctor.
2533 5837 2761 5891 versibus
2789 5840 2890 5892 tuis
2924 5839 3209 5893 recentibus
3228 5855 3412 5892 aurem
3436 5836 3678 5916 orabuit'

3226 5930 3308 6004 με
