4078 6426
418 3090 449 3111 ο

469 338 604 407 ἳ355

458 462 626 516 Πάλιν
644 461 672 513 ὁ
717 461 863 519 οείος
889 456 1142 528 βασιλεὺς
1168 457 1193 506 ό
1228 452 1400 522 μέγας
1428 451 1785 522 μοωκράτωρ
1805 491 1821 516 ,

475 558 533 608 ’0
564 550 947 625 χαριτώνυμος
986 546 1217 619 βλαστὸς
1240 546 1341 615 τῆς
1375 546 1528 616 ίερᾶς
1555 542 1864 614 πορφύρας,

454 649 527 701 Τὸ
549 646 734 717 θαῦμα
762 646 872 706 τοῖς
892 643 994 694 ὑπὸ
1023 641 1114 693 τὸν
1146 638 1396 708 οὐρανὸν,
1437 638 1470 706 ὴ
1516 633 1710 707 βρύοις
1751 634 1858 685 τῶν
1914 650 1939 683 τ
1952 649 2041 701 ρο-

1705 725 1928 799 [italum

457 835 697 888 Ἔδωκεν
754 827 849 895 οὖς
879 831 993 893 τοῖς
1024 828 1227 898 στίχοις
1254 842 1349 879 σου
1379 828 1492 888 τοῖς
1549 824 1693 887 νέοις
1721 824 1815 874 καὶ
1863 834 2039 889 προσ-

1684 914 1904 985 [φάτοις
1919 930 1932 944 ·

466 1020 703 1091 ’Υπέσχε
737 1017 948 1079 τούτοις
973 1015 1073 1085 τὴν
1103 1013 1305 1084 ψυχὴν,
1331 1012 1642 1082 ὑπήκουσεν
1676 1009 1955 1078 ἀσμένως,

466 1113 787 1182 Ἠγάπησεν
808 1150 823 1176 ,
857 1108 1097 1178 ἐπῄνεσε
1122 1106 1232 1158 τῶν
1257 1104 1457 1174 στίχων
1482 1102 1575 1155 τὸν
1595 1100 1862 1172 ἐργάτην,

458 1205 745 1276 ᾭκτειρεν
768 1200 843 1264 ὡς
875 1199 1196 1268 πενόμενον,
1222 1195 1491 1266 ὑπέσχετο
1522 1193 1847 1261 πλουτῆσαι,

457 1297 669 1365 Πόρους
707 1291 952 1362 πορῆσαί
982 1307 1063 1343 σοι
1095 1289 1241 1356 ζωῆς
1285 1285 1555 1357 μεγάλους
1593 1285 1690 1337 καὶ
1727 1284 2040 1347 πλουσίους,

459 1389 567 1440 Kal
593 1384 864 1457 ῥύσασθαί
889 1401 949 1436 σε
973 1383 1067 1452 τῆς
1096 1380 1298 1449 πικρᾶς
1326 1378 1421 1431 καὶ
1449 1377 1692 1448 χαλεπῆς
1719 1377 1931 1439 πενίας.

528 1478 743 1539 Ταύτας
770 1474 1031 1539 ἀκούσας,
1074 1470 1323 1541 βασιλεῦ,
1363 1470 1462 1531 τάς
1496 1468 1799 1538 μακαρίους
1829 1468 2040 1537 φήμας,

471 1565 883 1638 Ἐξηγαθύνθην
908 1565 1005 1633 τὴν
1050 1561 1250 1632 ψυχὴν,
1284 1559 1605 1631 ηὐφράνθην
1636 1558 1736 1629 τὴν
1766 1558 1997 1630 καρδίαν
2024 1574 2038 1589 ο

460 1660 569 1711 Kal
591 1657 783 1727 πρῶτα
819 1656 917 1725 μὲν
946 1653 1201 1722 ηὐξάμην
1233 1668 1316 1704 σοι
1344 1651 1519 1703 κύκλα
1546 1650 1777 1721 μακρῶν
1802 1650 2038 1717 αἰώνων,

486 1754 587 1801 Οτι
620 1746 911 1808 τοσούτους
950 1742 1239 1813 καρτερῶν
1276 1742 1417 1809 ὑπὲρ
1446 1741 1702 1794 Αὐσόνων
1742 1743 1969 1810 κόπους,

1651 337 2040 398 THEODORI
2126 337 2528 398 PRODROMI

2071 456 2109 508 ι)
2144 452 2252 503 Kal
2288 450 2601 505 συνθολοῦσι
2639 449 2738 519 τῆς
2767 447 2946 519 ψυχῆς
2977 446 3072 508 τὰς
3105 441 3415 514 γνωστικᾶς
3446 441 3732 512 δυνάμεις.

3586 324 3731 392 Ῑίδῦ

2154 545 2342 614 Ἔχειν
2375 543 2600 596 ἐδόκουν
2631 544 2690 594 ἐν
2728 543 2912 612 χεροῖν
2935 537 3004 593 τά
3031 534 3556 606 κατεπηγγελμένα,

2151 636 2319 699 Πεζὸς
2342 634 2520 690 ἀνύων
2546 636 2646 706 τὴν
2669 634 2784 688 ὁδὸν
2806 633 3062 687 ἱππεύειν
3091 628 3460 698 προσεδόκουν
3481 644 3494 657 ·

2149 726 2297 795 Τάχα
2322 726 2432 795 γὰρ
2459 725 2660 787 ἵππους
2692 725 2958 796 ταχυνούς
3002 720 3274 793 ηὐτύχουν
3326 719 3456 781 τοὺς
3497 717 3738 787 ἀνέμους

2150 816 2271 869 Τῶν
2300 818 2485 870 ἵππων
2519 816 2626 868 τῶν
2680 813 2990 887 Ἀραϐικῶν
3024 812 3201 882 πολλῷ
3235 809 3712 878 ποδωκεστέρους·

2149 898 2367 952 Χαλκοῦ
2397 900 2564 968 στατῆ
2575 916 2666 969 ρος
2691 899 2917 971 ἀπορῶν
2945 897 3141 951 τούτου
3168 896 3262 950 τοῦ
3292 895 3634 966 φαυλοτάτου

2148 992 2303 1051 Μνᾶς
2333 993 2462 1056 ὅλας
2488 992 2875 1063 ὑπελάμϐανον
2901 992 3223 1061 ἔπευτυχείν
3246 988 3495 1061 χρυσίου,

2162 1083 2389 1146 Χούλους
2413 1085 2643 1139 ἐκάλουν
2671 1083 2962 1155 προελθεῖν
2989 1081 3184 1153 ὥσπερ
3210 1076 3630 1151 ὴγορασμένους
3650 1090 3666 1106 ·

2150 1176 2261 1229 Kal
2278 1174 2465 1245 τούτῳ.
2489 1178 2591 1247 μὲν
2614 1176 2920 1246 ἐπέτρεπον
2947 1174 3056 1228 τῶν
3093 1174 3279 1228 ἵππων
3323 1172 3423 1243 τὴν
3456 1167 3738 1241 φροντίδα,

2162 1271 2388 1340 Ἐκεὶνῳ
2416 1272 2472 1325 δὲ
2507 1272 2577 1325 τὰ
2612 1273 2715 1342 τῆς
2741 1274 2955 1343 τρυφῆς
2973 1271 3069 1324 καὶ
3095 1273 3196 1342 τῆς
3224 1271 3515 1339 οίνοχοῖας,

2153 1362 2332 1432 Ἀλλῳ
2365 1363 2464 1435 τὴν
2498 1363 2821 1431 ἐπιμέλειαν
2848 1363 2958 1416 τῶν
2987 1361 3229 1433 σηρικῶν
3252 1361 3502 1430 ἀμφίων,

2150 1447 2249 1508 Ὧν
2279 1456 2311 1524 ἠ
2343 1453 2597 1525 βελτίστη
2625 1454 2850 1522 δόκησις
2877 1452 3071 1524 ὥσπερ
3110 1451 3349 1520 έξύφανέ
3383 1464 3508 1520 μοι’

2162 1546 2474 1617 Ἐπέστησα
2505 1548 2600 1599 καὶ
2629 1545 2883 1617 πυλωρὸν
2912 1546 2979 1615 τῇ
3014 1543 3156 1614 θύρα
3184 1542 3284 1613 τῆς
3324 1526 3534 1595 εἰσόδου
3556 1556 3570 1570 ·

2149 1638 2302 1692 Εῐπω
2330 1636 2399 1690 τά
2433 1636 2615 1690 πάντα
2644 1635 2902 1701 συνελὼν,
2930 1635 3063 1706 μιᾶς
3092 1636 3156 1686 ὲκ
3189 1635 3358 1704 μόνης
3381 1633 3529 1705 ὥρας

2151 1728 2505 1800 Πανευτυχὴς
2529 1729 2557 1780 ὁ
2576 1728 2850 1800 δυστυχὴς
2881 1726 3205 1780 ὐπόπτευσα
3226 1726 3526 1793 τυγχάνειν
3557 1740 3571 1756 ι

462 1841 570 1893 Kal
594 1839 820 1908 πάσχων
849 1836 990 1906 ὑπὲρ
1014 1811 1141 1889 τοῦή
1173 1833 1351 1887 κοινοῦ
1392 1833 1485 1887 καὶ
1510 1832 1805 1902 τληπαθῶν
1852 1835 2039 1906 μυρία,
2078 1811 2117 1867 Β
2149 1823 2213 1875 Ὃ
2245 1822 2570 1893 θαυμαστῆς
2604 1819 2942 1883 ὲδιστάσειὼῆ
2968 1815 3282 1908 QCnlwtﬁc
3318 1816 3544 1886 μανίας»

456 1931 568 1985 Kal
596 1928 991 1999 συμμετρίζων
1020 1927 1121 1996 τὴν
1159 1924 1341 1996 ψυχὴν
1379 1923 1676 1993 μερίμναις
1716 1926 2042 1995 ἀμυθήτοις,

456 2025 583 2087 Πῶς
617 2023 685 2077 ἃν
714 2025 841 2084 τούς
868 2021 1107 2093 γαύρσυς
1162 2021 1414 2081 ἅπαντας
1453 2019 1689 2090 αὐχένας
1741 2018 1852 2073 τῶν
1909 2019 2043 2089 βαρ-

1718 2110 1935 2184 [ὀάρων

458 2210 537 2278 Τῇ
566 2207 774 2281 ζεύγλῃ
796 2207 897 2277 τῆς
936 2206 1249 2276 Ῥωμαῖκῆς
1275 2204 1742 2277 καθυποστρώσῃς
1779 2204 1971 2275 τύχης,

450 2299 567 2353 Kal
589 2302 771 2355 πᾶσαν
800 2299 906 2369 γῆν
939 2298 1240 2368 ἀλλόφυλον
1266 2297 1437 2369 ἄρδην
1460 2295 1901 2368 αἰχμαλωτίσῃς,

457 2393 566 2446 Kal
585 2394 710 2455 τοὺς
735 2391 1064 2461 προλοίπους
1097 2391 1205 2443 τῶν
1233 2389 1405 2445 ἐθνῶν
1432 2388 2040 2463 καταδουλαγωγήσῃς’

457 2484 567 2537 Kal
601 2482 872 2553 μηδεμίαν
902 2481 998 2533 ἀπ’
1032 2480 1215 2533 αὐτῶν
1239 2479 1534 2549 ἀνακωχὴν
1558 2478 1876 2549 λαμϐάνων,

458 2574 647 2641 Ὅμως
680 2571 887 2641 ὐπέχῃς
916 2570 1085 2637 ἀκοὴν
1120 2569 1353 2632 καὶτοῖς
1378 2568 1600 2638 σαθροῖς
1631 2585 1732 2638 μου
1764 2569 1973 2636 λόγοις,

458 2665 566 2717 Kal
591 2661 995 2732 φιλανθρώπως
1017 2660 1264 2729 ἀπαντᾷς
1286 2661 1401 2722 τοῖς
1425 2658 1823 2729 φληναφήμασί
1859 2676 1983 2730 μου,

460 2757 572 2809 Kal
600 2756 699 2826 τὴν
739 2752 1013 2821 τοσαύτην
1036 2752 1210 2822 ἀκοὴν
1241 2751 1334 2803 καὶ
1361 2750 1805 2821 βασιλικωτάτην

456 2845 666 2914 Στίχοις
693 2844 911 2914 μικροῖς
933 2844 1027 2894 καὶ
1046 2843 1324 2912 πενιχροῖς
1344 2842 1799 2913 χριστομιμήτως
1817 2841 2041 2906 κλίνεις*

410 2974 425 2989 ς
457 2935 523 2987 Ὢ
550 2934 787 3003 πέλαγος
818 2931 1103 3003 βασιλικῆς
1132 2932 1308 3003 ἄκρας
1340 2931 1751 3002 φιλανθρωπίας
1776 2948 1792 2964 ·

453 3028 606 3097 τάχα
630 3028 725 3079 καὶ
757 3025 959 3088 πλάτος
990 3025 1215 3096 έκνικᾷς
1259 3024 1368 3077 τῶν
1400 3022 1686 3076 θαλασσῶν
1719 3024 1815 3077 καὶ
1851 3022 2040 3095 βάθος,

455 3119 564 3171 Kal
604 3117 782 3169 πάντα
821 3115 915 3169 τὸν
944 3115 1187 3168 ὠκεανὸν
1216 3113 1308 3167 τὸν
1336 3114 1510 3184 μέγαν
1557 3112 1932 3183 ὐπερϐαίνεις.

522 3205 728 3275 Πρῶτα
771 3204 872 3275 μὲν
912 3203 1028 3270 οὖν,
1086 3205 1163 3268 ὡς
1213 3203 1450 3273 ἔφαμεν,
1500 3202 1756 3273 ηὐξάμην
1813 3220 1906 3258 σου
1961 3204 2040 3277 τῷ

1692 3296 1932 3370 ἶκράτει,

452 3390 585 3446 Εἶτα
613 3391 695 3464 τῷ
727 3392 922 3462 πλήθει
943 3391 1042 3461 τῆς
1065 3391 1243 3460 χαρᾶς
1273 3388 1493 3459 ἐκείνης
1520 3389 1620 3459 τῆς
1641 3391 1882 3461 ἀρρήτου

454 3485 668 3553 Ὥσπερ
687 3485 767 3547 είς
784 3483 1043 3535 ἔκστασιν
1060 3478 1244 3534 πεσὼν
1263 3481 1360 3532 καὶ
1390 3479 1664 3549 καρωθεὶς
1686 3481 1786 3543 τὰς
1814 3481 2037 3551 φρένας*

452 3574 564 3627 Καὶ
588 3573 696 3642 γὰρ
729 3570 960 3641 μέγεθος
981 3569 1081 3638 τῆς
1119 3569 1297 3638 χαρᾶς
1327 3567 1581 3637 καθάπερ
1613 3569 1677 3636 δὴ
1704 3572 1799 3623 καὶ
1823 3571 1996 3646 λύπης

457 3666 661 3733 ’Λμφω
695 3662 977 3730 πεφύκασι
998 3660 1094 3714 τοῦ
1130 3659 1224 3714 νοῦ
1247 3659 1309 3712 τὸ
1334 3658 1617 3723 καθεστὼς
1642 3663 1935 3732 ἐκτρέπειν
1954 3704 1969 3729 ,

455 3829 695 3883 animum
723 3823 969 3887 attendit,
994 3821 1389 3891 obtemperavit,
1412 3830 1723 3892 pactamque
1742 3824 1803 3877 ob
1822 3842 2039 3882 carmen

452 3921 683 3976 laudans
730 3919 816 3971 ubi
866 3930 1157 3986 pauperem
1208 3928 1319 3968 esse
1378 3915 1684 3983 audivisset,
1712 3917 1769 3971 in
1824 3918 2041 3976 meliori

452 4015 750 4070 conditione
780 4025 836 4065 se
865 4018 912 4062 te
939 4009 1237 4078 positurum
1266 4005 1531 4078 pollicitus
1564 4017 1663 4062 est.

522 4106 667 4161 Larte
692 4105 798 4158 ιΙιοο
831 4101 1000 4157 allato
1030 4102 1217 4154 nuntio
1245 4101 1455 4153 animus
1488 4101 1616 4155 mihi
1638 4103 1850 4158 additus
1881 4115 1956 4158 est
1987 4114 2038 4159 et

2145 1914 2253 1967 Kal
2285 1914 2533 1985 μάκαρος
2562 1912 2845 1983 ὀνείρατος
2875 1912 2934 1978 ἐξ
2956 1905 3018 1965 οὐ
3051 1909 3560 1981 κατεπλουτίσθηνε

2155 2004 2309 2057 Ἐπεὶ
2331 2003 2376 2057 δ’
2397 2005 2476 2067 είς
2502 2001 2672 2057 ὐπνον
2723 2001 2967 2072 ἐνεχθεὶς
3004 2000 3161 2071 μόλις
3206 2000 3338 2054 ποτὲ
3365 2000 3459 2053 τοῦ
3514 2000 3743 2070 χρόνον,

2144 2101 2254 2155 Kal
2284 2100 2647 2170 γρηγορήσας
2665 2095 2858 2150 ἔπειτα
2889 2096 2991 2166 τῆς
3037 2094 3212 2166 μέθης
3244 2094 3595 2166 ἀπηλλάγην,

2147 2194 2256 2248 Kal
2281 2193 2381 2262 τῆς
2423 2191 2642 2263 μακρᾶς
2664 2189 2984 2259 καταφορᾶς
3008 2188 3104 2243 καὶ
3125 2191 3224 2258 τῆς
3254 2188 3460 2257 πολλῆς
3497 2188 3731 2260 μανίας,

2146 2285 2254 2340 Kal
2285 2284 2450 2337 πάλιν
2475 2283 2785 2353 κατενόησα
2809 2280 2906 2351 τὴν
2937 2278 3181 2351 ἐμαυτοῦ
3211 2279 3423 2342 πενίαν,

2106 2364 2119 2371 ’
2147 2379 2256 2432 Kal
2283 2376 2450 2430 πάλιν
2478 2374 2652 2443 ἔγνων
2674 2372 2912 2444 ἐμαυτὸν
2941 2371 3125 2428 ἄθλιον
3149 2372 3225 2436 ὼς
3247 2372 3309 2425 τὸ
3336 2372 3580 2442 πρῶτον,

2146 2470 2260 2523 Οὐκ
2286 2468 2427 2539 ἔχων
2456 2468 2554 2538 τὴν
2585 2465 2847 2519 ὑπόθεσιν
2878 2464 3084 2535 ταύτην
3116 2465 3477 2534 κατανοῆσαι,

2145 2558 2274 2615 Οὐδ’
2298 2557 2718 2628 ἀκριϐώσασθαι
2754 2556 2935 2622 καλῶς
2963 2556 3031 2610 τὰ
3051 2557 3163 2610 τῶν
3196 2557 3561 2626 εὐαγγελίων,

2148 2649 2534 2722 Προσέρχομαί
2562 2667 2658 2704 σου
2680 2651 2972 2720 τολμηρῶς
2997 2651 3077 2721 τῷ
3106 2651 3391 2721 πανενθέῳ
3424 2652 3639 2722 κράτει,

2148 2742 2258 2795 Καὶ
2277 2740 2542 2803 δουλικῶς
2566 2757 2648 2794 σοι
2676 2741 2994 2809 προσκυνῶ,
3030 2742 3337 2813 παρακαλῶ
3368 2743 3466 2796 σὺν
3488 2742 3666 2813 φόϐῳ,

2157 2832 2244 2893 Ὠς
2273 2832 2339 2885 ἄν
2370 2848 2471 2902 μου
2493 2831 2662 2902 λύσῃς
2690 2831 2910 2901 ἀληθῶς
2939 2834 3011 2910 τά
3032 2833 3135 2902 τῆς
3164 2833 3519 2902 ἀμφιϐολίας,

2150 2925 2258 2978 Kal
2285 2925 2642 2995 παραστήσῃς
2692 2923 2939 2993 ἐναργῶς
2984 2924 3116 2989 τοὺς
3160 2926 3272 2980 τῶν
3330 2928 3599 2981 εἰπόντων
3643 2927 3741 2982 λό-

3429 3017 3590 3089 [τους
3616 3036 3631 3052 ⁵

2144 3104 2292 3178 Ἀρα
2323 3106 2434 3177 γάρ
2460 3104 2749 3176 ἐξηπάτων
2783 3124 2871 3177 με,
2903 3108 2998 3159 καὶ
3027 3107 3320 3171 παίζοντες
3346 3109 3601 3178 ἐλάλουν,

2151 3201 2259 3254 Kal
2283 3200 2481 3267 ψεῦδος
2518 3194 2657 3269 ἦσαν
2690 3198 2907 3268 ᾶπαντα
2939 3199 3005 3253 τά
3031 3200 3132 3270 τῆς
3149 3202 3518 3270 έπαγγελίας;

2148 3294 2219 3347 Ἦ
2253 3291 2390 3363 πρὸς
2416 3290 2679 3362 ἀλήθειαν
2699 3292 2888 3354 αὐτοῖς
2912 3292 3109 3362 ἐχώρει
3131 3292 3200 3346 τὰ
3224 3294 3319 3347 τοῦ
3357 3296 3543 3364 λόγου,

2149 3387 2259 3441 Καί
2294 3402 2389 3439 σου
2422 3383 2557 3448 Θεὸς
2589 3385 2813 3456 ἐνίκησε
2845 3384 2944 3455 τὴν
2971 3386 3124 3456 ἱερὰν
3153 3386 3385 3457 καρδίαν

2151 3481 2243 3542 El;
2263 3473 2466 3544 οἶκτον,
2494 3478 2575 3540 εἰς
2596 3477 2879 3548 ἀντίληψιν
2906 3476 3198 3547 ἀνθρώπου
3226 3479 3632 3551 τληπαοοῦντος

2149 3573 2314 3644 Μόνῳ
2342 3569 2677 3642 θαρροῦντος
2699 3569 2776 3641 τῷ
2804 3570 2923 3639 Θεῴ
2946 3572 3045 3624 καὶ
3071 3571 3149 3640 τῷ
3180 3573 3368 3645 οεπτῷ
3395 3591 3487 3628 σου
3519 3578 3737 3647 κράτεις

2150 3665 2341 3728 Θέλεις
2373 3661 2652 3735 προλάϐω,
2687 3660 2935 3733 βασιλεῦ,
2966 3662 3063 3733 τὴν
3097 3667 3196 3734 σὴν
3224 3665 3565 3734 ἀτιθλογίαν;

2142 3828 2404 3884 disturbat
2439 3835 2488 3882 et
2519 3832 2747 3880 mentem
2784 3825 3125 3896 intelligendi
3154 3830 3413 3898 facultate
3441 3835 3636 3904 privat.
3676 3837 3737 3892 In

2141 3917 2386 3972 manibus
2427 3924 2604 3970 tenere
2639 3918 2770 3970 mihi
2812 3918 3027 3973 videbar
3056 3922 3342 3991 promissa.
3379 3921 3554 3987 Quam
3591 3926 3737 3994 pedi-

2140 4011 2233 4065 bus
2269 4010 2535 4080 ingressus
2565 4024 2713 4062 eram
2757 4009 2922 4075 viam,
2965 4026 3087 4066 eam
3136 4028 3294 4082 eques
3334 4012 3495 4080 ﬁnire
3545 4032 3735 4087 spera-

2138 4101 2283 4156 bam.
2314 4100 2422 4156 Pro
2445 4102 2593 4171 equis
2620 4103 2759 4157 enim
2783 4102 2914 4155 mihi
2944 4104 3087 4157 venti
3112 4115 3288 4167 erant,
3322 4106 3469 4174 equis
3493 4105 3736 4161 Arabicis

450 4217 541 4255 cor
566 4195 913 4263 lwtiﬁeatum.
949 4192 1019 4246 Et
1049 4191 1113 4245 ab
1135 4191 1291 4246 initio
1313 4191 1523 4262 quidem
1545 4191 1737 4247 multos
1755 4196 1845 4248 tibi
1866 4211 2037 4250 annos
2141 4192 2309 4248 multo
2339 4192 2655 4257 velociores;
2688 4201 2737 4245 et
2768 4208 2887 4246 cum
2927 4200 3179 4247 staterem
3206 4209 3405 4248 a’reum
3437 4213 3541 4250 non
3572 4196 3734 4251 habe-

451 4298 694 4359 precatus
723 4300 864 4349 sum,
897 4282 1037 4352 quod
1070 4290 1184 4353 post
1208 4291 1386 4338 tantos
1408 4299 1507 4354 pro
1534 4285 1830 4339 Ausonibus
1848 4286 2042 4341 validis
2143 4303 2278 4355 rem,
2318 4287 2492 4341 minas
2543 4285 2793 4340 substitui
2844 4294 2903 4339 ut
2952 4303 3147 4341 aurum
3197 4287 3528 4344 obtinerem:
3558 4307 3735 4345 servos

454 4381 761 4436 exantlatos
817 4378 1043 4442 labores,
1072 4385 1348 4432 sexcentas
1390 4394 1484 4448 pro
1517 4379 1709 4434 civibus
1759 4381 1860 4434 tuis
1904 4398 2045 4436 nunc
2144 4374 2299 4445 quasi
2329 4376 2554 4444 pecunia
2581 4369 2847 4444 coemptos
2883 4374 3166 4445 procedere
3188 4377 3352 4444 jussi,
3379 4386 3428 4430 et
3456 4378 3575 4432 huic
3618 4381 3738 4448 qui-

452 4489 654 4543 quoque
706 4486 975 4524 aerumnas
1024 4473 1223 4539 pateris
1275 4486 1468 4541 magno
1503 4473 1682 4526 animo
1731 4489 1794 4527 ac
1834 4488 2043 4544 semper
2147 4469 2266 4523 dem
2306 4484 2560 4539 equorum
2594 4482 2781 4521 curam
2827 4467 3167 4533 demandavi,
3200 4469 3287 4531 illi
3322 4486 3515 4525 mensa:
3548 4480 3597 4525 et
3631 4473 3739 4526 cel-

452 4565 706 4617 sollicitus
749 4561 1008 4632 quomodo
1051 4564 1189 4615 dura
1237 4552 1591 4617 barbarorum
1645 4563 1784 4619 colla
1819 4565 2047 4635 fortuna
2153 4559 2241 4624 ια’,
2272 4559 2373 4614 alii
2402 4561 2625 4614 υεειὶῑιΐη
2671 4565 2971 4614 sericarum
3003 4561 3301 4615 custodiam
3360 4563 3645 4632 impertiri.
3692 4563 3738 4620 0

456 4656 705 4710 Romana:
719 4654 852 4723 jugo
882 4652 1185 4706 submittere
1213 4660 1486 4723 totumque
1511 4654 1688 4709 orbem
1717 4665 1955 4711 exterum
1982 4658 2038 4712 in
2072 4647 2113 4702 D
2145 4656 2342 4706 miram
2378 4652 2639 4717 ea‘stasin,
2687 4668 2716 4704 ο
2748 4651 2950 4720 felicem
2982 4653 3340 4708 dementiam!
3368 4672 3397 4708 ο
3431 4655 3561 4724 felix
3597 4672 3738 4710 son:-

452 4747 752 4801 servitutem
789 4742 1050 4811 redigere,
1100 4750 1150 4792 et
1194 4749 1408 4795 exteras
1455 4752 1634 4813 gentes
1685 4753 1788 4801 tum
1826 4748 2039 4801 ditionis

452 4838 625 4907 facere
653 4837 839 4906 pessis,
878 4836 954 4886 ita
990 4833 1197 4902 quidem
1231 4840 1287 4885 ut
1325 4831 1487 4888 nullis
1522 4835 1765 4891 admissis
1814 4839 2039 4894 induciis

448 4930 794 4986 nihilominus
852 4927 1052 4997 exiguis
1078 4926 1205 4979 meis
1230 4926 1556 4980 sermonibus
1584 4944 1767 4982 aurem
1803 4932 2039 4999 prwbeas

452 5032 505 5075 et
530 5020 813 5073 clementer
847 5017 996 5086 nugis
1031 5017 1156 5069 meis
1184 5015 1483 5085 indulgeas,
1522 5017 1694 5086 regias
1734 5027 1854 5071 tuas
1887 5036 2044 5073 aures

410 5112 652 5182 «exiguis
676 5111 805 5164 meis
828 5108 1058 5163 versibus
1090 5115 1146 5160 ιιι
1175 5124 1327 5161 verus
1356 5107 1689 5161 Christianus
1720 5111 1972 5178 praebeas.
2002 5112 2045 5165 0

454 5219 606 5259 mare
665 5205 980 5256 immensum
1046 5202 1394 5255 humanitatis
1460 5201 1857 5269 imperatori-1:!
1918 5204 2043 5259 Iam

454 5297 686 5352 marium
716 5294 983 5365 profunda
1010 5310 1232 5364 superas
1262 5301 1310 5347 et
1344 5294 1607 5362 ingentem
1634 5290 1901 5348 Oceanum
1933 5306 2044 5349 tra-

442 5390 567 5463 jicis
582 5428 591 5441 .

527 5482 765 5537 Primum
814 5480 998 5551 igitur,
1042 5488 1099 5532 ut
1146 5479 1399 5545 diximus,
1441 5494 1537 5548 pro
1583 5494 1744 5551 regno
1793 5487 1882 5534 tuo
1916 5491 2035 5537 vota

452 5572 707 5643 fecimus;
757 5580 881 5624 tunc
926 5585 1037 5639 pra:
1084 5568 1227 5623 illius
1280 5568 1559 5641 ineffabilia
1596 5572 1782 5642 gaudii
1826 5576 2038 5645 magnis

453 5664 632 5718 tudine
665 5670 872 5717 tantum
905 5678 1008 5715 non
1044 5664 1232 5715 mentis
1278 5672 1541 5734 compotes
1592 5680 1703 5718 esse
1761 5666 2033 5721 desiimus.

452 5753 631 5824 Maius
657 5752 796 5805 enim
824 5751 1103 5824 gaudium,
1137 5754 1273 5807 sicut
1314 5756 1481 5809 nimia
1525 5756 1745 5811 tristitia
1790 5758 2033 5812 animum

2143 4748 2291 4800 nium
2328 4747 2467 4816 quod
2496 4762 2579 4800 me
2608 4747 2826 4800 divitem
2858 4746 3131 4802 reddidit!

2212 4839 2504 4910 Postquam
2551 4846 2728 4894 autem
2781 4848 2898 4909 post
2944 4849 3150 4911 tempus
3213 4840 3430 4911 aliquod
3474 4859 3501 4895 e
3545 4861 3735 4898 somno

2141 4939 2473 5000 experrectus
2503 4930 2809 4984 ebrietatem
2838 4933 3181 4985 excussissem
3205 4942 3253 4985 et
3285 4949 3403 4986 cum
3435 4949 3496 4988 ea
3520 4935 3736 4990 demen-

2144 5022 2273 5073 tium
2333 5036 2449 5089 qua:
2477 5021 2712 5073 animum
2744 5021 2992 5089 vexabat,
3040 5030 3090 5074 et
3128 5033 3500 5090 paupertatem
3553 5027 3738 5087 pristi-

2143 5128 2269 5165 nam
2312 5119 2359 5163 et
2402 5112 2668 5164 miseriam
2697 5128 3077 5181 recognossem,
3113 5113 3253 5166 inter
3276 5131 3419 5184 spem
3460 5125 3508 5168 et
3536 5125 3733 5170 metum

2141 5202 2348 5262 dubius,
2386 5201 2455 5253 ad
2491 5202 2860 5269 fortitudinem
2906 5212 3055 5256 tuam
3094 5205 3360 5274 confugio,
3409 5216 3477 5270 et,
3514 5215 3567 5259 ut
3613 5223 3735 5262 ser-

2142 5310 2262 5347 vum
2315 5293 2482 5356 decet,
2522 5302 2647 5347 ante
2699 5295 2856 5365 pedes
2905 5305 3022 5351 tuos
3079 5296 3409 5367 provolutus,
3471 5316 3589 5353 cum
3627 5309 3738 5354 tre-

2143 5402 2286 5439 more
2335 5394 2383 5439 te
2428 5388 2609 5441 invoco
2634 5398 2689 5440 ut
2725 5404 2751 5441 e
2785 5388 3087 5445 discrimine
3135 5408 3312 5445 rerum
3353 5409 3455 5463 quo
3514 5385 3732 5464 premor

2146 5493 2228 5531 me
2253 5477 2439 5531 liberes
2456 5487 2505 5531 et
2535 5495 2594 5531 ea
2616 5495 2733 5549 qua:
2754 5478 2849 5533 alii
2871 5481 3120 5535 dixerunt
3139 5484 3266 5536 mihi
3287 5494 3409 5537 ante
3431 5484 3606 5540 oculos
3638 5501 3732 5553 po-

2141 5590 2259 5627 nas.
2281 5572 2549 5645 Numquid
2576 5591 2656 5629 me
2684 5575 3048 5647 deceperunt?
3086 5593 3215 5632 num
3242 5594 3334 5649 per
3370 5580 3546 5642 iocum
3584 5595 3734 5633 men-

2139 5666 2397 5736 daciaque
2454 5665 2662 5735 falsove
2720 5670 2981 5737 promissa
3032 5672 3162 5724 mihi
3218 5672 3545 5727 illuserunt?
3601 5691 3731 5728 num

2141 5757 2278 5812 Deus
2328 5774 2419 5811 cor
2445 5769 2593 5813 tuum
2652 5778 2848 5831 parum
2876 5764 3081 5845 subegit
3122 5763 3192 5817 ad
3225 5765 3642 5822 misericordiam
3677 5772 3729 5820 et
