4078 6382
472 264 608 341 1357

465 383 590 452 Εἴτε
621 395 823 466 ψευδὴς
849 394 1169 465 ἐτύγχανεν,
1199 392 1298 447 εἴτ’
1326 391 1533 464 ἀληθὴς
1571 394 1599 446 ὁ
1625 390 1808 455 λόγος,

461 488 535 543 Σὺ
569 488 658 551 δός
692 504 783 557 μοι
807 488 968 555 χεῖρα
990 484 1206 556 βοηθὸν,
1240 483 1474 549 ἀξίωσον
1502 483 1687 544 ἐλέους
1727 495 1743 512 ⁸

463 582 574 636 καί
609 598 690 633 σοι
722 579 853 641 Θεὸς
867 578 1154 649 χαρίσαιτο
1185 574 1512 646 μακραίωνα
1537 573 1629 627 τὸν
1654 572 1868 645 χρόνον,

462 674 576 728 Kal
607 673 847 744 τρόπαια
870 669 1229 739 λαμπρότερα
1258 668 1354 721 καὶ
1384 667 1540 729 νίκας
1572 664 1666 718 ἐπὶ
1699 663 1902 729 νίκαις,

464 766 572 818 καὶ
602 762 782 833 πάσης
821 760 919 832 τῆς
941 760 1030 830 ὑφ’
1052 760 1205 831 ἥλιον
1237 756 1537 830 βραϐεύσαι
1579 772 1662 809 σοι
1714 753 1776 807 τὸ
1828 753 2032 825 κράτος

475 852 564 917 Ἐξ
596 853 868 906 Αἰθιόπων
896 850 1129 905 δυτικῶν
1157 849 1287 921 ἄχρι
1311 847 1419 901 τῶν
1449 846 1645 910 ἐωΐων,

489 947 606 997 Απὸ
632 945 910 1011 κλιμάτων
934 941 1169 996 δύτικῶν
1200 939 1329 1009 ἄχρι
1355 937 1466 990 τῶν
1499 933 1847 1006 εὐρωπαίων,

464 1034 691 1103 Καὶντῆς
718 1033 824 1102 γῆς
851 1032 1123 1094 ἀσιάτιδος
1149 1031 1441 1102 τερμάτων
1463 1027 1570 1081 τῶν
1601 1025 1871 1096 ἐσχάτων.

464 1142 655 1218 ς’.-
719 1148 831 1204 Τοῦ
883 1146 1071 1200 αὐτοῦ
1122 1144 1209 1218 τῷ
1237 1141 1631 1218 αὐτοκράτορι
1660 1139 2036 1209 ἐξερχομένῳ

836 1218 989 1272 κατά
1009 1213 1257 1286 Περσῶν
1280 1215 1348 1267 τὸ
1380 1213 1655 1267 δέκατον.

465 1307 768 1379 Βάρόαροι,
794 1306 1261 1377 σκυθρωπάσατε,
1288 1303 1590 1379 mliﬁcus,
1628 1300 1916 1369 Ῥωμαῖοι,

466 1399 646 1451 Τέκνα
670 1398 914 1464 Περσῶν,
946 1395 1241 1467 οἰμώξατε,
1275 1377 1439 1448 τέκνα
1462 1391 1667 1447 πιστῶν
1685 1387 1989 1461 κροτοῦμεν
2018 1401 2034 1418 ⁶

471 1493 653 1561 Ἀγαρ
684 1492 808 1557 υἱοὶ,
849 1492 1178 1562 θρηνήσατε,
1220 1486 1440 1559 Ῥώμης
1465 1486 1571 1540 υἱοὶ
1597 1484 1859 1555 χαρῶμεν
1880 1496 1897 1513 ο

471 1584 581 1636 Kal
608 1582 774 1634 πάλιν
799 1584 907 1652 γὰρ
938 1584 965 1635 ὁ
992 1580 1253 1651 κραταιὸς
1281 1577 1534 1631 Αὐσόνων
1564 1571 1869 1641 πολιοῦχος,

468 1674 542 1727 Τὸ
581 1676 682 1744 τῆς
723 1672 1009 1743 πορφύρας
1039 1670 1281 1741 ἄγαλμα,
1313 1668 1375 1720 τὸ
1402 1664 1597 1729 κάλλος
1624 1663 1733 1718 τῶν
1763 1660 2034 1724 ἀνάκτων,

475 1762 648 1831 ’Υπὲρ
670 1761 826 1831 ἡμῶν
855 1759 951 1812 xal
977 1761 1075 1828 τῆς
1107 1755 1261 1826 ἡμῶν
1292 1752 1605 1824 στρατεύων
1632 1746 1927 1818 σωτηρίας,

469 1853 578 1909 Kal
612 1852 773 1904 πάλιν
797 1850 1164 1917 ὁπλιταγωγεῖ
1190 1847 1282 1900 καὶ
1312 1845 1600 1913 φάλαγγας
1633 1837 1849 1909 ἀρτύει,

470 1947 582 2000 Καὶ
611 1947 773 2000 πάλιν
801 1944 1022 1998 σπεύδει
1053 1939 1305 1995 καθελεῖν
1336 1938 1397 1990 τὸ
1436 1936 1693 2006 φρόνημα
1707 1931 1800 1985 τοῦ
1830 1929 2043 2001 Πέρσου

475 2040 585 2093 Kal
606 2037 702 2108 τὴν
733 2037 904 2108 όφρύν
931 2032 1258 2089 καταϐαλεῖν
1290 2029 1456 2084 αὐτοῦ
1483 2027 1582 2097 τὴν
1610 2023 1867 2089 ἀλαζόνα,

474 2131 581 2184 Καὶ
608 2131 706 2200 τὴν
726 2128 867 2200 ἑῴαν
902 2128 1120 2182 ἃπασαν
1149 2121 1523 2186 καθυποτάξαι
1548 2117 1756 2180 λύκοις*

473 2210 538 2275 i'0
562 2222 708 2290 μέγα
731 2223 878 2275 κύων
900 2218 1204 2288 λυσσητὴρ,
1241 2213 1345 2287 θὴρ
1376 2209 1639 2283 αἱμοὸόρε
1681 2208 1885 2280 Πέρσα,

472 2314 803 2384 Χειμερινήν
835 2328 920 2365 σοι
952 2307 1219 2380 περισσὴν
1252 2304 1526 2361 ἀνέτειλεν
1554 2304 1749 2356 ἀκτῖνα

478 2406 539 2457 '0
567 2406 675 2457 τῶν
704 2402 952 2457 Αὐσόνων
984 2401 1156 2471 ἥλιος,
1187 2400 1215 2451 ὁ
1240 2395 1503 2468 κοσμικὰς
1532 2393 1787 2465 δᾳδοῦχος
1813 2409 1828 2423 ·

472 2497 580 2548 Καὶ
615 2493 818 2565 ταύτην
844 2492 943 2563 οὐχ
972 2492 1286 2560 ὐπήνεγκας
1315 2487 1425 2541 οὐδ’
1465 2486 1727 2556 ἐστερξας
1748 2483 1858 2538 οὐδ’
1885 2483 2045 2553 ἔτλης

470 2587 594 2641 Οὐδ’
610 2585 929 2655 ἀντιϐλέψαι
945 2584 1080 2653 πρὸς
1097 2583 1266 2653 αὐτὴν
1294 2582 1403 2637 οὐδ’
1433 2581 1567 2644 ὅλως
1587 2579 1860 2649 ὴδυνήθης
1885 2592 1900 2608 ⁸

468 2681 581 2737 Kal
607 2681 701 2734 νῦν
727 2678 1057 2750 προσϐάλλει
1086 2677 1299 2747 θερινὸς
1324 2676 1448 2739 ὅλος
1479 2674 1690 2742 πυρσὸς
1728 2671 2008 2741 φλογώδης
2027 2685 2042 2700 ο

471 2772 585 2826 Kal
607 2771 725 2836 πῶς
748 2772 1002 2843 ἐνέγκῃς,
1041 2771 1264 2835 δείλαιε,
1303 2767 1403 2841 τὴν
1423 2767 1587 2837 τόσην
1611 2764 1964 2835 λαμπηδόνα;

470 2865 594 2929 Πῶς
655 2864 702 2918 δ’
757 2865 858 2917 οὐκ
911 2861 1074 2926 εὐθὺς
1129 2859 1479 2930 ἐκπηρωθεὶς
1546 2856 1742 2926 μικρὸν
1800 2852 2046 2906 ἀντιϐλε-

890 2944 895 2949 ’
1675 2944 1936 3016 ιπτήσας,

472 3044 582 3097 Kal
608 3041 898 3114 ξηρανθεὶς
925 3039 1057 3093 ὡσεὶ
1084 3038 1251 3109 πηλὸς
1274 3038 1351 3109 τῷ
1377 3035 1617 3107 περιττῷ
1662 3038 1763 3104 τῆς
1808 3034 2039 3104 αἴγλης;

1629 262 1953 332 SCRIPTA
1998 258 2557 327 MISCELLANEA.

2067 390 2111 445 Α
2141 377 2446 450 Εὐτρέπιζε
2485 377 2552 429 τὰ
2575 375 2721 430 νῶτά
2753 392 2847 429 σου
2870 376 2983 439 τοῖς
3017 375 3197 446 βέλεσι
3230 375 3325 430 καὶ
3355 374 3522 430 πάλιν
3555 389 3572 407 ο

2135 471 2442 545 Εὐτρὲπιζε
2471 471 2539 523 τὰ
2567 468 2733 523 τέκνα
2760 484 2854 522 σου
2880 469 2978 523 καὶ
3006 468 3074 523 τὰ
3099 467 3367 522 σκυλάκια
3390 485 3487 522 σου

2135 565 2278 635 Πρὸς
2346 561 2639 655 συντριϐην
2688 560 2783 617 καὶ
2830 560 3097 616 δούλωσιν
3168 560 3264 616 καὶ
3309 559 3449 631 πρὸς
3505 560 3715 630 αἰχμα-

3579 255 3716 322 Ῑάὸὃ

3321 650 3553 724 [λιοσίαν
3582 666 3602 684 ο

2146 741 2432 813 Ἐτοίμαζε
2459 741 2558 807 τὰς
2584 741 2768 806 πόλεις
2799 757 2893 796 σου
2926 742 3020 796 xal
3044 741 3113 797 τὰ
3142 740 3478 812 σκηνώματα
3515 755 3609 795 σου

2139 833 2283 904 Πρὸς
2311 832 2511 887 ἅλωσιν
2542 832 2636 887 καὶ
2662 833 2928 903 πόρθησιν
2955 832 3052 888 καὶ
3086 835 3352 903 σκήνωμα
3393 825 3717 904 Ῥωμαίων

2148 925 2208 977 '0
2245 925 2353 993 γὰρ
2373 923 2503 985 Θεὸς
2533 923 2781 994 ἐξήγειρε
2805 924 2898 977 τὸν
2932 924 3215 996 Κομνηνὸν
3231 924 3326 978 καὶ
3367 924 3528 977 πάλιν

2141 1017 2232 1078 El;
2253 1014 2587 1083 διεκδίκησιν
2625 1015 2834 1068 πιστῶν
2865 1017 2960 1069 καὶ⁴
2979 1016 3160 1087 λύμην
3195 1016 3294 1087 τῆς
3329 1015 3613 1085 Περσίδος.

2140 1110 2253 1161 Οὐκ
2288 1107 2527 1176 εὐτυχῶς
2564 1106 2637 1170 ὡς
2666 1107 2808 1160 ἐοικε
2833 1106 3159 1178 Μουχούμετ
3184 1107 3503 1179 ἐγεννήθης,

2140 1199 2274 1251 Οὐδὲ
2307 1197 2529 1269 φαιδρός
2554 1214 2636 1260 τις
2660 1197 2812 1269 ἥλιος
2841 1196 3123 1267 ἐπέλαμψε
3153 1215 3235 1251 σοι
3261 1198 3384 1252 τότε
3409 1210 3427 1228 ⁶

2142 1289 2276 1342 Οὐδέ
2298 1305 2386 1352 τις
2407 1288 2728 1356 άταθοποιὸς
2759 1287 2934 1360 ἀστὴρ
2964 1288 3248 1360 ἐπηύγασέ
3280 1306 3389 1357 σοι,

2153 1380 2292 1435 Ἀλλ’
2316 1381 2396 1442 είς
2423 1380 2591 1442 αὐτὰς
2616 1378 2715 1444 τὰς
2739 1381 2997 1451 κρονικὰς
3027 1381 3237 1452 ἡμέρας
3263 1381 3580 1454 ἐγεννήθης,

2141 1474 2251 1526 Καὶ
2285 1474 2452 1543 μοῖρά
2474 1488 2558 1536 τις
2577 1471 2823 1542 ὀλέθριος
2854 1472 3265 1544 ἐπηκολούθησὲ
3287 1488 3371 1525 σε.

2147 1563 2251 1617 Kal
2288 1560 2477 1616 τούτου
2507 1563 2667 1633 χάριν
2697 1562 2952 1615 σκόλωπα
2985 1562 3077 1615 τὸν
3116 1561 3401 1632 Κομνηνὸν
3429 1559 3615 1628 ἐδέξω,

2147 1651 2247 1720 Ὃς
2273 1656 2371 1709 οὐκ
2387 1654 2571 1710 ἀνύσει
2604 1670 2684 1708 σοι
2714 1655 2909 1725 μικρὸν
2934 1654 3026 1707 τὸν
3046 1654 3161 1725 βίον
3191 1654 3486 1724 ἠρεμῆσαι,

2064 1740 2113 1804 Β
2142 1746 2364 1819 Πορθῶν
2406 1762 2466 1799 σε
2519 1747 2615 1801 καὶ
2663 1745 2940 1799 σκυλεύων
2992 1762 3053 1798 σε
3092 1746 3186 1800 καὶ
3223 1744 3454 1799 κτείνων
3495 1743 3592 1798 καὶ
3616 1744 3724 1809 Cur-‘-

3315 1836 3488 1909 [γρῶν
3519 1852 3579 1890 σε
3600 1851 3618 1869 ο

2143 1928 2355 2001 Μέχρις
2377 1927 2749 1999 ἐξολοθριύσει
2778 1945 2837 1981 σε
2862 1928 2955 1982 καὶ
2987 1929 3186 2000 μέχρις
3218 1929 3497 1997 ἀφανίσει,

2147 2023 2255 2075 Kal
2288 2023 2421 2092 πρὸς
2446 2022 2609 2077 αὐτὸν
2640 2019 2942 2076 καταϐαλεῖ
2970 2022 3202 2075 θανάτου
3223 2023 3312 2074 τὸν
3341 2021 3614 2091 πυθμέναε

2144 2115 2259 2168 Νῦν
2288 2115 2588 2178 ἀποτίσεις,
2622 2113 2887 2185 βάρϐαρε,
2923 2115 3018 2168 καὶ
3046 2112 3141 2169 νῦν
3165 2111 3570 2175 άνταποδώσεις

2158 2209 2282 2261 Ἐπὶ
2309 2207 2491 2276 ,διπλῷ
2515 2208 2609 2261 καὶ
2634 2208 2926 2281 τετραπλῷ
2950 2209 3047 2262 καὶ⁹
3077 2206 3370 2277 πολλαπλῷ
3407 2204 3485 2275 τῷ
3537 2202 3720 2274 μέτρῳ

2148 2301 2327 2370 ’Δπερ
2354 2299 2596 2371 εἰργάσω
2628 2303 2740 2362 τοῖς
2778 2301 3009 2363 πιστοῖς,
3051 2298 3196 2373 ἅπερ
3223 2300 3275 2351 oi
3300 2294 3552 2367 πρόγονοί
3585 2311 3680 2347 σου
3703 2307 3720 2323 ⁸

2144 2392 2457 2462 Θεοκινήτῳ
2475 2390 2584 2458 γάρ
2617 2392 2760 2460 ὁρμῇ
2789 2392 2882 2443 καὶ
2906 2389 3199 2459 θεορμήτῳ
3221 2388 3371 2460 ῥύμῃ

2146 2482 2315 2539 Πάλιν
2344 2480 2626 2551 στρατεύει
2663 2482 2803 2533 κατὰ
2831 2481 2948 2543 σοῦ,
2979 2481 3142 2534 πάλιν
3170 2478 3588 2551 στρατοπεδεύει

2155 2573 2216 2626 '0
2249 2573 2473 2641 νικητὴς
2500 2574 2528 2625 ὁ
2553 2572 2834 2643 Κομνηνὸς
2856 2574 3123 2643 δεσπότης
3168 2571 3446 2638 Ἰωάννης,

2147 2664 2367 2736 Ιιυκνὴν
2401 2667 2603 2719 ἀσπίδα
2637 2668 2904 2736 συγκινεῖ,
2930 2668 3134 2723 πυκνὸν
3178 2667 3370 2739 ἀρτύει
3403 2667 3551 2738 δόρυ,

2150 2755 2344 2812 Ἵππον
2372 2758 2572 2830 πολλὴν
2618 2759 2917 2831 Ἀραϐικὴν
2950 2760 3251 2831 ὐγροσκελῆ
3289 2759 3537 2828 συλλέγει

2146 2849 2304 2904 Κατὰ
2333 2851 2574 2920 σκηπτὸν
2625 2853 2718 2904 καὶ
2757 2851 3021 2921 κεραυνὸν
3073 2851 3586 2923 ἐγκαταρῤήγνυταί
3624 2862 3729 2913 cui

2145 2943 2259 2999 Kal
2291 2944 2373 3007 τίς
2398 2945 2462 2998 ἂν
2485 2945 2849 3015 ὑποστήσεται
2878 2945 3068 2998 τούτου
3115 2950 3212 3015 τὴν
3247 2946 3546 3015 ἐνδημὶαν;

2152 3034 2327 3088 Πολλὰ
2356 3034 2612 3096 πολλάκις
2642 3036 2724 3097 είς
2753 3035 2905 3102 Θεὸν,
2936 3030 2980 3089 ὦ
3006 3038 3215 3107 Πέρσα,
3246 3040 3605 3109 παροινήσας,

476 3133 588 3187 Kal
750 3098 1047 3202 βαστάσῃς,
1077 3098 1250 3194 ἄθλιε,
1299 3098 1396 3200 τὴν
1444 3098 1611 3198 ⁶τόσην
1660 3098 2047 3196 φρυκτωνρίανς
2077 3098 2122 3158 c
2159 3127 2267 3178 Kal
2295 3126 2520 3179 πλεῖστα
2557 3098 3011 3197 μακροθυμηθεὶς
3058 3098 3340 3193 πολλάκις.
3370 3098 3477 3183 im".
3495 3098 3730 3193 ἐκείνου,

485 3213 776 3297 Ἕτοίμαζέ
798 3223 1134 3294 βαρϐαρικὸν
1166 3222 1328 3276 πάλιν
1365 3239 1459 3274 σου
1489 3221 1581 3274 τὸν
1611 3218 1813 3290 αὐχένα

472 3314 551 3390 Τῇ
575 3316 760 3391 σπάθῃ
783 3319 847 3389 τῇ
884 3317 1203 3387 Κομνηνικῇ
1228 3314 1400 3368 δεινὸν
1435 3314 1748 3384 ἠκονημένῃ
1777 3327 1793 3345 ⁸

472 3489 872 3560 ορὶιαιαιίυηειη
925 3503 1052 3558 erga
1103 3488 1365 3541 hominem
1424 3487 1669 3540 miserum
1717 3488 1806 3553 qui
1836 3482 1890 3538 in
1933 3480 2046 3537 solo

470 3577 580 3632 Deo
605 3580 761 3646 inque
798 3577 989 3629 virtute
1022 3584 1113 3629 tua
1142 3576 1351 3629 unicam
1381 3573 1632 3641 ﬁduciam
1656 3572 1845 3643 ponit?
1877 3570 2046 3635 Visne,

469 3667 784 3737 imperator,
834 3673 889 3717 ut
947 3673 998 3717 te
1053 3662 1355 3718 solemniter
1379 3662 1705 3733 defendam?
1736 3659 1857 3716 Sive
1897 3674 2062 3730 verus,

469 3759 578 3811 sive
606 3756 780 3825 fallam
802 3758 958 3823 fuerit
978 3772 1170 3824 sermo,
1194 3766 1413 3810 manum
1435 3756 1828 3809 auxiliatricem
1853 3752 2045 3824 prfebe,

474 3852 713 3905 misereri
765 3851 1019 3920 dignare;
1075 3859 1121 3902 et
1168 3848 1307 3902 Deus
1342 3849 1654 3901 diuturnam
1697 3847 1789 3900 tibi
1838 3851 2046 3898 annuat

469 3942 656 4005 tritam,
691 3946 890 4008 tropaea
921 3938 1081 3991 etiam
1110 3935 1472 4007 splendidiora
1514 3942 1563 3988 et
1606 3935 1850 3989 uictorias
1884 3946 2044 3999 super

473 4035 719 4088 victorias
738 4052 756 4099 ;
816 4035 909 4086 tibi
954 4026 1112 4086 totius
1144 4032 1279 4085 orbis
1312 4031 1620 4100 gubernium
1647 4027 1894 4081 concedat
1925 4026 2047 4079 inde

471 4130 536 4182 ab
595 4126 927 4196 Ait/iiopib‘us
979 4125 1269 4181 Occidentis
1329 4141 1489 4195 usque
1542 4125 1614 4177 ad
1660 4124 1947 4192 EurOpa'os
1996 4125 2046 4174 et

473 4232 634 4284 usque
659 4215 728 4268 ad
762 4222 1023 4269 extremos
1046 4213 1186 4267 Asia:
1207 4213 1481 4268 terminos.

475 4318 568 4386 Vl.
595 4360 663 4371 —-
695 4329 954 4399 Ejusdem
986 4338 1209 4384 carmen
1253 4329 1319 4382 ad
1357 4327 1747 4397 imperatorem
1794 4343 1918 4383 cum
1952 4327 2048 4381 de-

752 4402 954 4455 cimum
987 4399 1252 4455 adversus
1278 4399 1475 4454 Persas
1502 4407 1765 4453 moveret.

546 4490 769 4560 lugete,
823 4490 1059 4553 barbari,
1113 4486 1705 4551 exsultate,Romani;
1758 4487 2044 4541 Persarum

474 4577 593 4647 ﬁlii,
631 4579 838 4648 gemite,
897 4594 989 4631 nos
1013 4577 1249 4645 ﬁdelium
1280 4575 1425 4629 liberi
1457 4575 1867 4644 applaudamus.
1918 4573 2046 4628 Filii

478 4672 647 4737 Agar,
684 4666 1070 4731 lamentamini,
1106 4681 1198 4720 nos
1220 4664 1451 4720 Romani
1472 4664 1830 4735 gaudeamus;
1864 4679 2045 4717 rursus

475 4756 628 4825 fortis
674 4753 988 4809 Italicarum
1036 4752 1243 4807 urbium
1295 4768 1507 4821 praeses,
1562 4767 1817 4824 purpurae
1866 4753 2043 4817 decus,

477 4857 657 4913 regum
688 4843 1022 4912 pulchritudo
1055 4858 1152 4911 pro
1179 4841 1323 4895 nobis
1374 4847 1659 4910 nostraque
1691 4838 1866 4893 salute
1895 4840 2047 4893 belli-

469 4939 712 5000 geratur,
756 4947 910 4984 arma
941 4939 991 4982 et
1015 4930 1248 4983 cohortes
1290 4936 1489 4993 mouet;
1524 4943 1705 4981 rursus
1745 4926 1922 4982 Persae
1957 4945 2047 4980 su-

473 5020 709 5087 perbiam
746 5020 970 5088 dejicere
1000 5026 1253 5082 conatur;
1276 5017 1397 5086 jam
1426 5025 1590 5071 totum
1614 5017 1880 5072 Orientem
1905 5016 2044 5088 lupis

473 5113 730 5178 subjicere
780 5111 1015 5178 festinat.
1082 5106 1127 5164 0
1188 5111 1360 5174 canis,
1417 5125 1447 5161 ο
1496 5109 1701 5163 animal
1752 5111 2040 5168 rabiosum.

473 5206 641 5259 Persa
674 5204 991 5273 sanguivore
1013 5216 1031 5253 :
1056 5200 1233 5254 Italiae
1265 5200 1347 5253 sol
1384 5202 1598 5256 radium
1627 5205 1718 5257 tibi
1749 5204 2044 5258 brumalem

478 5299 644 5363 misit,
675 5296 758 5351 sol
787 5296 876 5366 qui
924 5297 1176 5347 mundum
1228 5293 1505 5357 illustrat;
1558 5303 1614 5348 tu
1664 5303 1844 5350 autem
1885 5300 2045 5351 istum

477 5393 692 5445 radium
743 5389 906 5444 oculis
962 5388 1178 5451 intueri,
1239 5387 1571 5441 considerare
1633 5405 1738 5443 non
1788 5389 2005 5444 valuisti
2024 5405 2044 5452 ;

472 5497 611 5536 nunc
650 5493 827 5536 autem
867 5480 1097 5534 maxime
1126 5478 1292 5531 lucem
1315 5494 1471 5531 suam
1497 5478 1734 5549 eﬂ‘undit.
1776 5478 2045 5544 Quomodo

472 5585 651 5630 autent
711 5584 787 5642 tu,
833 5576 987 5629 homo
1028 5572 1236 5638 debilis,
1275 5580 1484 5626 tantum
1534 5573 1868 5643 splendorem
1909 5575 2047 5644 ferre

471 5669 607 5739 palis
660 5667 802 5721 eris?
862 5668 1137 5741 quomodo,
1204 5665 1420 5734 paulum
1461 5666 1682 5722 intuitus
1730 5683 1835 5722 non
1884 5683 2049 5724 ctecu—

2166 3216 2297 3301 ξΙδού
2327 3216 2621 3288 κεκίνηκας
2649 3218 2810 3272 αὐτὸν
2837 3221 2978 3274 κατὰ
3001 3218 3098 3292 τῆς
3124 3222 3367 3292 κεφαλῆς
3400 3226 3519 3290 σου,

2163 3305 2253 3372 Ὠς
2283 3301 2505 3373 δυνατὸς
2534 3312 2628 3363 καὶ
2670 3312 3010 3383 κραιπαλῶν,
3045 3314 3189 3367 κατὰ
3223 3316 3320 3386 την
3369 3314 3729 3386 προφητείαν,

2156 3480 2302 3534 tias?
2350 3479 2608 3550 quomodo
2652 3488 2778 3543 non,
2807 3486 2864 3535 ut
2895 3482 3115 3553 argilla,
3144 3485 3305 3539 nimio
3341 3490 3520 3541 calore
3564 3491 3705 3543 exsic

2151 3578 2300 3626 catus
2327 3571 2531 3642 fueris?
2554 3574 2821 3642 poterisne
2846 3584 3053 3629 tantum
3079 3576 3416 3647 splendorem
3444 3581 3679 3649 perferre
3707 3578 3733 3634 ἲ

2150 3662 2322 3717 Tende
2367 3666 2619 3719 cervicem
2664 3673 2812 3719 tuam
2857 3666 3146 3722 barbaram
3193 3671 3374 3739 gladio
3418 3670 3732 3729 Conmenico

2148 3757 2489 3822 acutissimo;
2540 3756 2755 3810 dorsum
2812 3775 2997 3811 rursus
3051 3762 3262 3830 sagittis
3318 3764 3521 3834 oﬁ'erto.
3569 3765 3732 3821 Filios

2147 3854 2264 3903 tuos
2318 3868 2382 3904 ac
2431 3848 2635 3905 catulos
2694 3850 2767 3903 ad
2813 3850 3260 3915 Itumiliationem,
3318 3859 3623 3913 servitutem
3681 3863 3733 3913 et

2146 3943 2504 4010 captivitatem
2531 3956 2807 4010 prmpara.
2852 3939 3059 4012 Oppida
3091 3954 3185 3997 tua
3222 3946 3551 4019 tentoriaque
3599 3953 3732 4004 scito

2146 4046 2362 4106 captum
2399 4045 2446 4089 et
2479 4035 2807 4088 combustum
2844 4036 2912 4090 iri
2946 4048 2992 4089 et
3035 4032 3400 4094 Romanorum
3423 4043 3556 4111 fore.
3588 4043 3730 4100 Deus

2148 4128 2287 4180 enim
2329 4125 2654 4180 Comnenum
2690 4130 3041 4193 resuscitavit,
3063 4129 3247 4197 ﬁdeles
3277 4149 3398 4187 suos
3429 4151 3492 4188 ac
3519 4130 3730 4206 ﬂagitia“

2157 4219 2441 4271 Persarum
2469 4216 2699 4271 ulturus.
2736 4214 2853 4272 Non
2884 4220 2937 4272 tu
2968 4221 3104 4289 {orte
3137 4214 3407 4278 Malaumet
3444 4235 3604 4280 natus
3633 4245 3725 4294 es;

2165 4308 2257 4362 illo
2302 4308 2511 4378 quidem
2554 4316 2786 4380 tempore”
2815 4308 2897 4363 sol
2931 4312 3190 4381 propitius
3226 4330 3329 4367 non
3375 4317 3469 4371 tibi
3514 4319 3728 4383 arrisit;

2148 4401 2293 4452 sidus
2349 4399 2652 4453 benevolum
2704 4406 2808 4453 non
2861 4401 2955 4454 tibi
3001 4401 3198 4457 illuxit.
3245 4400 3372 4460 Ideo
3405 4404 3732 4463 Comnenum

2149 4494 2284 4546 sicut
2315 4509 2523 4545 crucem
2563 4493 2821 4563 recepisti,
2878 4497 3073 4566 quippe
3121 4500 3211 4568 qui
3255 4501 3345 4555 tibi
3398 4503 3574 4573 quieto
3623 4518 3733 4558 esse

2150 4601 2253 4637 non
2284 4585 2575 4651 permittet,
2608 4585 2747 4653 igne,
2773 4584 2934 4654 ferro,
2965 4588 3204 4643 omnibus
3233 4591 3456 4662 denique
3487 4596 3653 4649 armis
3684 4606 3732 4649 te

2146 4675 2405 4737 venando,
2432 4675 2597 4728 donec
2623 4685 2671 4728 te
2704 4686 2980 4732 enecatum
3012 4680 3083 4732 ad
3106 4684 3291 4735 mortis
3324 4685 3489 4754 ipsius
3517 4695 3731 4754 portum

2145 4766 2413 4836 dejecerit.
2447 4765 2621 4830 Nunc,
2651 4766 2896 4832 barbare,
2947 4768 3249 4839 dupliciter,
3303 4775 3410 4827 imo
3457 4777 3511 4828 in
3545 4776 3730 4844 inﬁmi-

2148 4865 2260 4909 tum
2314 4855 2499 4924 θερίας
2549 4867 2669 4926 qua'
2708 4854 2952 4922 ﬁdelibus
3006 4857 3151 4912 mala
3195 4859 3459 4930 majorum
3517 4869 3731 4919 tuorum

2146 4944 2445 5017 exemplum
2500 4956 2707 5000 secutus
2764 4947 3016 5003 intulisti.
3059 4948 3249 5004 Div‘ino
3297 4954 3434 5005 enim
3498 4954 3729 5025 impulsu

2145 5037 2317 5089 denuo
2374 5045 2562 5090 contra
2613 5044 2664 5090 te
2711 5037 2910 5091 militat
2965 5047 3014 5091 et
3061 5048 3241 5097 castra
3286 5048 3515 5096 metatur
3564 5046 3730 5098 vic.‘or

2144 5128 2414 5193 Joannes;
2449 5126 2642 5182 multos
2669 5127 2957 5199 clypeatos,
2998 5130 3192 5184 multos
3224 5133 3578 5202 jacutatores,
3612 5154 3729 5189 nia-

2145 5231 2306 5285 gnum
2322 5218 2612 5289 equitatum
2629 5218 2830 5286 origine
2850 5218 3075 5272 Arabica
3093 5220 3477 5279 velocissimum
3489 5225 3723 5295 collegit,

2147 5314 2197 5359 et
2242 5322 2334 5359 ceu
2384 5306 2563 5377 fulgur
2618 5306 2673 5359 in
2720 5313 2768 5359 te
2805 5308 2948 5372 ruit;
2982 5310 3097 5378 quis
3125 5318 3297 5364 autem
3336 5315 3448 5383 ejus
3474 5318 3727 5380 impetum

2148 5397 2326 5467 feret?
2387 5396 2541 5467 Swpe
2584 5399 2777 5465 sa'pius
2821 5399 2877 5450 in
2921 5398 3089 5452 Deum
3129 5400 3297 5455 Persa
3342 5405 3632 5459 insolenter
3669 5424 3728 5460 se

2147 5490 2302 5558 gessit
2326 5499 2373 5542 et
2406 5497 2583 5542 tamen
2615 5488 2705 5542 ille
2729 5506 2823 5560 pro
2842 5505 2940 5543 sua
2980 5490 3214 5544 bonitate
3234 5495 3281 5548 ei
3322 5495 3585 5551 indulsit:
3614 5515 3729 5551 ecce

2147 5591 2332 5637 contra
2350 5589 2513 5651 caput
2537 5591 2688 5636 tuum
2718 5585 2990 5653 proprium
3014 5599 3135 5638 eum
3156 5587 3419 5653 excitaui,
3437 5590 3527 5659 qui
3545 5600 3728 5661 puteis

2150 5684 2225 5730 est
2261 5681 2312 5728 et
2357 5673 2439 5727 vel
2486 5674 2744 5739 delirans,
2795 5675 3081 5730 secundum
3116 5679 3462 5749 prophetiam,
3498 5684 3593 5736 irte
3619 5696 3729 5736 sua
