4078 6390
335 346 475 413 1359

329 466 434 523 Τὸν
453 466 553 534 τῆς
579 465 749 536 ὀργῆς
771 461 869 530 τῆς
897 457 1091 515 ἑαυτοῦ
1125 459 1357 533 κερᾶσαί
1379 476 1462 514 σοι
1481 460 1734 528 τρυγίαν,

331 559 443 613 Kal
472 557 581 612 τῶν
606 556 775 628 βελῶν
794 560 891 620 τὰς
920 554 1144 616 ἀκωκὰς
1172 552 1251 623 τῷ
1297 551 1484 623 λύθρῳ
1512 568 1610 606 σου
1647 551 1747 622 μεθ
1758 551 1909 616 ὗσαι,

346 651 483 706 ’Λπδ
503 649 560 703 δὲ
586 651 695 703 τῶν
715 649 962 718 κρεάτων
986 664 1082 700 σου
1105 646 1205 717 τὴν
1241 646 1516 716 μάχαιραν
1553 643 1803 713 κορέσαι,

330 739 437 793 Τοῦ
472 740 849 811 χριστωνύμου
871 736 928 790 δὲ
958 734 1089 790 λαοῦ
1123 735 1184 789 τὸ
1217 735 1388 807 κέρας
1415 734 1700 805 ἀνυψῶσαι

330 833 433 885 Διὰ
458 828 755 902 χειρὸςτοῦ
786 828 1074 898 Κομνηνοῦ
1107 826 1401 898 κρατίστου
1434 826 1719 899 βασιλέως.

408 920 649 977 Ἔντεινε
673 921 769 975 καὶ
792 919 1106 986 κατευοδοῦ,
1129 919 1241 972 θεῖε
1273 918 1502 990 φωστὴρ
1528 917 1805 985 Αὐσόνων,

330 1013 405 1065 Τὸ
437 1013 690 1083 μέγιστον
717 1009 1000 1081 εὐτύχημα
1027 1013 1124 1082 τῆς
1153 1010 1420 1082 νεωτέρας
1463 1007 1682 1079 Ῥώμης
1703 1024 1721 1043 '

332 1102 444 1156 Kal
474 1101 697 1170 σύμπαν
720 1100 871 1165 ἔθνος
897 1100 976 1172 σῷ
999 1102 1192 1172 κράτει
1217 1099 1590 1172 προσκυνείτω

342 1194 408 1247 Ἦ
439 1192 695 1248 Βαϐυλὼν
727 1194 761 1264 ἡ
795 1193 1006 1247 παλαιὰ
1035 1191 1114 1261 σῷ
1143 1193 1410 1265 σκήπτρῳ
1450 1192 1757 1262 λατρευέτω

345 1282 401 1339 Ὀ
423 1285 522 1355 τῆς
552 1284 828 1354 Αἰγύπτου
856 1284 1126 1357 τράχηλος
1154 1284 1401 1357 πιπτέτω
1426 1284 1531 1355 πρὸ
1566 1282 1743 1337 ποδῶν
1775 1298 1869 1337 σου
1894 1299 1912 1315 ο

332 1375 415 1429 Τὰ
435 1375 682 1447 τέρματα
711 1376 808 1446 τῆς
848 1373 1077 1443 Ἰνδικῆς
1105 1356 1188 1427 σοί
1211 1373 1411 1444 φόρους
1443 1370 1737 1443 κομιζέτω.

334 1466 542 1532 Πέξευε
566 1466 774 1529 πάντας
796 1466 1097 1534 ποταμοὺς,
1134 1464 1312 1526 πάσας
1342 1463 1609 1533 ἠπείρους
1638 1462 1766 1515 πλέα
1796 1478 1811 1493 ο

348 1557 621 1620 Ἐκείνους
651 1558 749 1628 μὲν
770 1554 1053 1624 ἀπογαιῶν
1094 1554 1453 1626 βαρϐαρικοῖς
1484 1553 1712 1616 ὀστέοις,

351 1642 594 1709 Ἐκείνας
628 1645 673 1697 δ’
695 1643 1091 1699 ἀποθαλασσῶν
1115 1645 1226 1708 τοῖς
1260 1644 1456 1714 αἵμασι
1476 1643 1586 1706 τοῖς
1619 1640 1846 1704 τούτων,

333 1739 444 1792 Kal
486 1738 666 1809 πάσης
696 1722 1048 1809 γῆςκκυρίευε
1082 1737 1175 1790 καὶ
1199 1737 1362 1799 νήσου
1385 1737 1478 1790 καὶ
1506 1735 1800 1805 θαλάσσης.

1522 300 1921 441 resonent
1996 313 2405 405 Pnonnoui

1941 469 1986 523 Α
2015 461 2122 515 Τοῦ
2149 461 2205 514 δὲ
2238 459 2554 532 Προδρόμου
2585 458 2675 512 τὸν
2704 458 2898 530 ἐχθρὸν
2924 457 3025 528 τήν
3056 465 3260 532 μιαρὰν
3279 459 3498 528 πενίαν,

3457 345 3599 410 1360

2014 553 2330 624 Προδρόμου
2353 551 2448 606 τοῦ
2474 548 2846 623 κηρύσσοντος
2870 552 2942 606 τὰ
2963 552 3399 625 στρατηγήματά
3429 569 3525 607 σου

2026 645 2151 715 Ἐᾷς
2173 643 2616 712 ἀκαταγώνιστον
2640 641 2789 696 ἔνδον
2805 642 2905 714 τῆς
2929 628 3240 712 πολιτέίαςς

2015 737 2108 809 Μή
2143 736 2300 790 τοῦτο
2317 735 2550 808 δράσῃς,
2584 732 2834 805 βασιλεῦ,
2870 733 2949 805 μὴ
2987 734 3124 805 πρὸς
3155 734 3267 787 τῶν
3315 733 3424 789 σῶν
3468 751 3599 808 τρο-

2874 836 2879 841 ‘
3252 824 3455 898 [παίων
3471 841 3489 859 ⁸

2027 917 2191 972 Ἀλλὰ
2214 917 2307 971 τὸν
2338 915 2604 988 ἐσώτερον
2633 916 2829 988 ῑχθρδν
2866 915 3228 986 ἐξαφανίσας,

2017 1010 2174 1064 Οὕτω
2194 1026 2285 1080 μοι
2314 1008 2481 1081 χώρει
2514 1008 2792 1073 πεποιθὼς
2820 1009 2965 1062 κατὰ
2994 1009 3104 1063 τῶν
3138 1008 3442 1080 ὲξωτέρων.

2020 1102 2189 1177 Ἀναξ
2209 1101 2460 1155 ἀνάκτων
2495 1100 2710 1170 ὖψιστε,
2739 1103 2832 1155 καὶ¹
2862 1100 3020 1171 κύριε
3062 1100 3287 1170 κυρίων,

2019 1195 2126 1247 Kal
2160 1193 2418 1264 βασιλέων
2444 1192 2686 1263 βασιλεῦ,
2714 1194 2806 1246 καὶ
2831 1191 3107 1247 δυναστῶν
3129 1191 3390 1257 δυνάστα,

2016 1285 2247 1354 Φρούρει
2270 1288 2360 1336 τὴν
2386 1282 2871 1354 πορφυρόόλαστον
2900 1283 3169 1352 δεσπότην
3202 1282 3479 1353 Ἰωάννην,

2017 1375 2122 1430 Τὸν
2161 1376 2541 1447 αὐτοκράτορα
2571 1374 2671 1442 τῆς
2696 1374 2820 1442 γῆς,
2847 1377 2875 1428 ὁ
2900 1373 3073 1443 μέγας
3101 1373 3460 1445 αὐτοκράτωρ
3482 1389 3497 1403 ’

2019 1471 2090 1523 Συ
2098 1468 2275 1541 μφρού
2284 1470 2433 1543 ρειίδὲ
2452 1469 2686 1532 καὶτοὺς
2698 1470 2863 1523 αὑτοῦ
2883 1467 3365 1540 πορφυρανθήτους
3384 1466 3602 1533 παῖδας,

2022 1564 2133 1615 Kal
2158 1563 2336 1617 πάντα
2357 1562 2530 1632 τούτῳ
2557 1562 2764 1632 δάμαζε
2791 1560 3124 1632 βαρϐαρικὸν
3165 1560 3392 1629 αὐχένα,

2021 1655 2206 1715 Λιταῖς
2237 1654 2336 1724 τῆς
2364 1654 2646 1724 κυησάσης
2674 1670 2733 1707 σε
2763 1650 3217 1724 μητροπαρθένου
3250 1650 3460 1721 Κόρηςν

2028 1747 2133 1799 Ἦν
2159 1747 2272 1818 ἔχει
2308 1748 2399 1801 καὶ
2429 1749 2808 1816 συστράτηγον
2847 1746 2945 1797 καὶ
2987 1743 3277 1814 σύμμαχον
3337 1741 3604 1812 μεγάλη-ι,

382 1833 672 1895 Ἄκουσον,
690 1830 852 1899 γίγαν
873 1829 1091 1901 ούρανὲ,
1114 1830 1347 1900 πρόσχες
1367 1846 1480 1900 μοι,
1498 1828 1571 1900 γῆ
1587 1832 1926 1901 παμμήτωρ,
1962 1824 2002 1879 Β
2032 1841 2143 1894 Καὶ
2160 1843 2554 1911 ταγματάρχην
2580 1839 2761 1903 δεξιὰν
2787 1841 2928 1892 κατὰ
2952 1837 3062 1891 τῶν
3091 1835 3388 1907 πολεμίων,

338 1923 448 1976 Καὶ
470 1921 583 1998 τῶν
610 1923 856 1993 ἀστέρων
879 1920 1135 1986 ἄνακτες,
1156 1922 1277 1991 ἥλιε
1305 1922 1401 1975 καὶ
1426 1920 1623 1992 σελήνη
1648 1938 1664 1953 ο

347 2013 524 2085 ’Υμᾶς
550 2014 658 2083 γὰρ
695 2014 979 2086 μάρτυρας
1006 2014 1156 2068 καλῶ
1181 2013 1290 2089 τῶν
1315 2015 1391 2076 εἰς
1424 2013 1525 2085 ἐμὲ
1549 2013 1910 2085 πραγμάτων.

336 2107 723 2163 Δίκαωντοῦτυ
752 2109 977 2171 δίκαιον,
1007 2108 1119 2179 ἔχει
1145 2106 1357 2162 δικαίου
1399 2106 1563 2177 φύσιν

338 2204 621 2267 ’Δπαντας
650 2202 748 2274 μὲν
768 2203 1079 2272 εὐεργετεῖν
1115 2201 1208 2256 τὸν
1235 2200 1518 2271 Κομνηνδν
1555 2200 1843 2271 δεσπότην,

337 2295 448 2350 Kal
482 2293 725 2364 σπείρειν
756 2294 847 2347 καὶ
878 2293 1019 2346 κατὰ
1053 2290 1269 2364 πετρῶν
1291 2293 1391 2361 τὴν
1422 2290 1817 2363 ἐλεημοσύνην,

337 2386 447 2441 Kal
473 2384 819 2455 διαθρύπτειν
840 2384 935 2437 καὶ
950 2384 1173 2453 πτηνοῖς
1201 2382 1297 2435 καὶ
1330 2385 1542 2451 κύμασι
1588 2382 1679 2434 τὸν
1724 2380 1912 2452 ἄρτον,

349 2476 597 2548 Ἐπέχειν
625 2476 681 2530 δὲ
715 2477 808 2530 τὸν
836 2475 984 2529 ἔλεον
1006 2474 1087 2545 τῷ
1113 2474 1370 2544 δυστυχεῖ
1397 2471 1696 2543 Προδρόμῳ
1720 2486 1734 2501 ·

336 2572 526 2636 Ὅστις
555 2572 747 2643 θαρρεῖ
776 2571 915 2641 μετὰ
941 2570 1073 2625 Θεὸν
1094 2572 1162 2640 τῇ
1192 2567 1379 2622 τούτου
1414 2566 1683 2640 βασιλείᾳ,

338 2665 452 2718 Kal
480 2662 650 2734 ταύτῃ
687 2661 847 2733 μόνον
884 2661 1090 2732 ὲξαρτᾷ
1115 2659 1211 2714 τοῦ
1237 2659 1357 2730 βίον
1377 2659 1478 2723 τὰς
1501 2658 1772 2729 ἀγκύρας.

391 2756 458 2813 Τί
475 2756 631 2811 τοῦτο
641 2756 771 2827 δρᾷς
791 2754 1078 2824 μυριαθλε,
1100 2753 1549 2825 μυριονικηφόρε,
1566 2751 1917 2824 τροπαιοῦχε;

335 2851 660 2923 Στρατεύιις
690 2850 833 2905 κατά
858 2850 966 2904 τῶν
993 2848 1205 2920 ἐχθρῶν
1232 2848 1327 2901 καὶ
1355 2846 1521 2902 πάλιν
1551 2849 1661 2901 τῶν
1691 2846 1867 2917 ἑῴων,

337 2943 541 3014 Θήγεις
570 2943 732 3007 αὐτὸς
754 2942 852 3015 τὴν
882 2942 1182 3013 μάχαιραν,
1205 2937 1465 3009 ὲξακονᾷς
1491 2938 1552 2991 τὸ
1576 2939 1706 3009 δόρυ
1730 2956 1743 2967 °

2024 1934 2132 1987 Kal
2151 1932 2237 1995 δὸς
2264 1930 2413 2001 αὐτῷ
2445 1932 2537 1984 καὶ
2566 1929 2803 2002 ψυχικὴν
2832 1932 2890 1983 ὲν
2919 1929 3064 1983 τέλει
3092 1927 3394 1999 σωτηρίαν.

2026 2089 2344 2167 ἰπὶ--Τού
2374 2087 2562 2166 αὐτοῦ
2585 2085 2899 2167 ειοςιτήριοι
2935 2086 3036 2141 ἐπὶ
3069 2085 3146 2155 τῇ
3190 2083 3607 2167 νυμφευθείσῃ

2092 2160 2162 2223 ἐξ
2215 2156 2558 2223 Ἀλαιιανῶν
2610 2159 2687 2225 (1)
2728 2156 2809 2221 τῷ
2852 2156 3397 2227 πορφυρογεννήτῳ
3448 2156 3611 2223 χυμῷ

2096 2228 2390 2296 Μανουὴλ
2422 2228 2520 2284 καί
2545 2227 3083 2297 σεϐαστοκράτορι.

2021 2391 2136 2445 Οὐκ
2169 2389 2317 2443 ἔστιν
2340 2389 2461 2443 οὐδὲ
2484 2389 2709 2457 γέγονεν
2728 2387 2888 2451 ἄλλος
2910 2386 3327 2456 αὐτοκρατόρων

2022 2481 2285 2550 Καθάπερ
2307 2481 2397 2545 σὺ,
2434 2479 2774 2550 μεγαλουργὲ
2822 2477 3111 2547 Ῥωμαίων
3140 2475 3414 2545 πολιοῦχε,

2019 2569 2345 2640 Φιλευσεὸής
2375 2572 2445 2624 τὰ
2474 2570 2611 2641 πρὸς
2640 2570 2798 2636 θεὸν,
2828 2569 3212 2640 φιλάνθρωπος
3239 2570 3319 2631 είς
3364 2566 3614 2645 δούλους,

2021 2660 2118 2724 Εἰς
2168 2661 2294 2730 ἔθνη
2350 2662 2733 2731 φιλοπόλεμος,
2782 2661 3098 2731 φιλότεκνος
3141 2661 3221 2724 είς
3271 2662 3469 2723 παῖδας
3493 2676 3507 2690 ·

2035 2752 2155 2824 Θεῷ
2190 2753 2354 2815 ναοὺς
2384 2752 2666 2823 καθιεροῖς
2700 2752 3058 2823 παμπόλλους
3094 2751 3189 2804 καὶ
3218 2750 3491 2821 μεγάλους
3518 2788 3535 2813 ,

2029 2846 2138 2898 Kal
2179 2845 2381 2915 πλῆθος
2410 2844 2585 2899 ἀλλων
2625 2844 2840 2912 εύαγῶν
2885 2843 3156 2914 λαμπρῶν
3192 2842 3558 2913 ἀναθημάτων
3589 2856 3609 2875 ο

2031 2937 2157 2999 Τοῖς
2190 2936 2398 3001 δούλοις
2431 2938 2589 3009 χεῖρα
2634 2937 2867 2992 πάντοτε
2900 2934 3203 3007 προτείνεις
3229 2934 3610 3005 πλουτοδότην,

339 3085 521 3154 {errem
559 3092 744 3137 contra
772 3091 822 3136 te
845 3082 1081 3145 miscere,
1103 3086 1153 3133 et
1194 3079 1422 3133 telorum
1456 3092 1761 3132 mucronem
1788 3093 1915 3130 san—
1944 3084 1987 3144 α
2022 3078 2156 3129 tales
2206 3087 2499 3129 exercitum
2559 3076 2748 3141 ducis;
2802 3090 2916 3143 ipse
2957 3090 3136 3128 ensem
3185 3075 3351 3139 acuis,
3397 3074 3610 3128 hastam

340 3178 493 3246 guine
522 3186 611 3230 tuo
635 3176 836 3244 tingere
873 3189 977 3228 non
1005 3173 1285 3238 erubescit,
1318 3180 1411 3225 aut
1456 3186 1632 3224 ensem
1675 3167 1920 3222 membris

342 3268 448 3322 tui:
463 3266 685 3331 satiare,
722 3262 904 3336 populi
917 3278 1037 3317 vero
1060 3259 1354 3318 Christiani
1383 3276 1546 3314 cornu
1577 3275 1670 3330 per
1700 3273 1921 3313 manum

340 3357 614 3424 Comneni,
642 3357 827 3426 optimi
847 3355 1208 3425 imperatoris,
1234 3353 1437 3423 erigere
1465 3352 1647 3406 audet.

412 3449 549 3518 Rege
574 3456 624 3501 et
652 3447 845 3518 dirige,
866 3444 958 3499 lux
995 3444 1174 3499 divina
1201 3442 1405 3509 Italiae,
1429 3450 1625 3499 sortem
1655 3456 1800 3497 nocte
1820 3439 1927 3496 Ro-

344 3556 443 3594 ma:
503 3537 888 3608 felicissimam,
939 3545 985 3589 et
1020 3535 1190 3590 omnis
1233 3533 1459 3605 populus
1504 3532 1776 3605 majestati
1821 3542 1926 3586 tua:

341 3648 515 3703 genua
543 3631 759 3703 ﬂectat!
789 3626 946 3683 Vetus
974 3626 1211 3699 Babylon
1239 3636 1505 3697 sceptrum
1529 3635 1678 3680 tuum
1707 3640 1927 3680 venera-

343 3723 520 3780 bitur;
559 3719 777 3793 lEgypti
823 3718 1018 3773 collum
1071 3727 1196 3772 ante
1248 3718 1404 3788 pedes
1470 3725 1587 3769 tuos
1647 3716 1924 3786 procidat;

341 3812 514 3868 Indiae
537 3813 753 3866 termini
777 3810 871 3864 tibi
903 3808 1182 3880 vectigalia
1218 3808 1449 3864 solvant.
1488 3808 1675 3864 Omnia
1701 3811 1927 3880 [Iuntina

344 3904 531 3975 trajice
578 3904 756 3974 pedes,
788 3902 983 3972 naviga
1027 3916 1120 3971 per
1169 3916 1380 3955 omnem
1423 3902 1797 3962 continentem,
1829 3899 1928 3955 illa

342 3999 480 4052 enim
522 3996 873 4051 barbarorum
896 3993 1097 4048 ossibus
1116 3992 1238 4048 solo
1264 3995 1519 4064 a'quabis,
1555 3996 1691 4052 hunc
1714 4009 1931 4049 eorum-

230 4112 233 4116 -
342 4088 463 4141 dem
500 4087 760 4157 sanguine
806 4085 944 4142 mari
978 4101 1166 4155 parem
1202 4084 1408 4139 reddes.

429 4181 575 4246 ludi,
622 4179 810 4234 caelum
842 4179 1181 4244 immensum,
1214 4176 1489 4240 adesdum,
1536 4185 1586 4231 et
1615 4187 1670 4230 tu
1700 4193 1928 4252 quoque,

344 4277 490 4324 terra
539 4270 776 4323 omnium
809 4278 999 4333 mater,
1031 4278 1081 4322 et
1130 4285 1219 4323 vos
1264 4260 1497 4322 siderum
1531 4269 1732 4339 capita,
1760 4270 1839 4323 sol
1882 4278 1931 4325 et

347 4363 516 4428 luna;
555 4379 643 4418 vos
673 4364 815 4418 enim
842 4371 995 4419 testes
1021 4364 1204 4417 invoco
1242 4362 1400 4416 sortis
1430 4376 1579 4418 mete.
1612 4361 1739 4416 Iam
1772 4379 1932 4434 apor-

2024 3167 2259 3230 eatacuis,
2284 3164 2587 3232 Prodromi,
2615 3159 2705 3237 qui
2731 3167 2948 3237 fortiter
2974 3183 3007 3220 a
3058 3175 3109 3219 te
3140 3166 3284 3237 facta
3326 3168 3605 3236 praedicat,

2023 3260 2247 3324 hostem,
2308 3261 2502 3313 duram
2572 3269 2944 3332 paupertatem
3016 3262 3173 3331 quasi
3239 3262 3610 3330 agonizantem

2025 3351 2268 3405 deseris?
2321 3349 2401 3405 Ne
2452 3352 2548 3404 hoc
2586 3353 2776 3420 lacius,
2807 3351 3126 3417 imperator,
3160 3366 3254 3419 per
3283 3359 3482 3420 troptea
3516 3360 3611 3407 tua

2027 3449 2076 3496 te
2124 3442 2369 3508 obsecro;
2418 3441 2509 3495 sed
2557 3441 2775 3495 inimico
2814 3441 3025 3494 interno
3074 3442 3389 3511 interempto
3419 3441 3610 3510 fortem

2027 3550 2108 3587 me
2166 3534 2357 3588 reddas
2400 3542 2586 3587 contra
2643 3545 2938 3589 externum.
2991 3532 3069 3588 Tu
3126 3546 3328 3598 autem,
3391 3533 3614 3588 celsissi-

2027 3640 2110 3679 me
2143 3623 2256 3679 Rea:
2290 3641 2498 3696 regum,
2542 3623 2761 3681 Domine
2792 3627 3149 3695 dominorum,
3181 3627 3420 3699 Dgnasta
3445 3629 3615 3699 dgna-

2027 3723 2256 3779 starum,
2287 3714 2496 3770 salvum
2563 3718 2651 3786 [ac
2689 3717 2964 3772 dominum
3001 3717 3286 3785 Joannem,
3341 3726 3615 3772 terrarum

2030 3815 2309 3870 rectorem,
2369 3823 2399 3860 ο
2457 3809 2684 3862 maxime
2738 3808 2992 3874 Domine;
3031 3826 3181 3864 serva
3238 3818 3417 3863 autem
3468 3809 3610 3877 ﬁlios

2030 3901 2142 3969 ejus
2170 3902 2665 3971 porphyrogenitos;
2701 3918 2907 3955 omnem
2934 3902 3092 3979 doma
3130 3903 3416 3957 barbaram
3451 3905 3613 3958 cervi-

2031 4006 2144 4044 cem
2188 3990 2425 4061 precibus
2462 3989 2655 4045 Matris
2685 4003 2790 4046 tua:
2822 3991 3076 4064 Virginis,
3105 4009 3267 4064 quam
3307 3991 3613 4049 auxiliatri—

2030 4100 2141 4139 cem
2163 4086 2317 4140 habet
2344 4093 2393 4138 et
2421 4084 2605 4138 ducem
2629 4086 2874 4141 dextram
2894 4093 3083 4141 contra
3112 4088 3305 4151 hostes,
3331 4096 3379 4140 et
3393 4087 3614 4141 concede

2034 4177 2082 4229 ei
2111 4175 2181 4229 ad
2212 4184 2537 4246 postremum
2561 4175 2793 4231 salutem
2825 4176 3184 4247 spiritualem.

2038 4288 2166 4364 VH,
2204 4321 2274 4331 —
2323 4290 2600 4364 Ejusdem,
2649 4306 2876 4364 carmen
2920 4293 3182 4364 nuptiale
3233 4294 3291 4347 in
3338 4291 3612 4364 virginem

2113 4308 2152 4345 I.
2204 4321 2274 4331 —
2323 4308 2587 4359 musaem
2649 4308 2876 4346 carmen
2934 4308 3009 4347 nu
3053 4308 3182 4348 uate
3233 4308 3291 4347 in
3338 4308 3612 4364 Virginem

2106 4361 2424 4416 Alamanam
2457 4362 2684 4416 domino
2721 4362 2959 4418 Manueli
3002 4308 3476 4436 [eorphyrogenito
3518 4364 3616 4421 de-

348 4464 417 4508 tet
458 4470 521 4508 ac
544 4454 686 4508 decet
726 4465 781 4508 ut
806 4456 1099 4525 imperator
1131 4452 1429 4508 Comnenus
1456 4468 1634 4507 omnes
1665 4452 1923 4521 beneﬁciis

2109 4441 2453 4501 sponsatam.

346 4546 599 4609 cumulet,
639 4556 693 4600 ut
724 4547 1084 4616 eleemosynas
1114 4546 1321 4617 ubique,
1362 4548 1418 4600 in
1458 4547 1575 4619 ipsa
1605 4563 1738 4602 saxa
1772 4564 1928 4619 spar-

2103 4546 2215 4600 Ncc
2240 4531 2478 4610 exsistit,
2513 4563 2606 4600 nec
2634 4548 2737 4616 fuit
2775 4564 3011 4619 unquam
3043 4550 3338 4620 imperator
3367 4551 3504 4607 sicut
3533 4561 3614 4617 tu,

345 4647 460 4706 gat,
507 4645 561 4688 ut
606 4652 798 4705 panem
840 4636 1133 4690 volucribus
1172 4644 1221 4691 et
1256 4636 1482 4707 piscibus
1534 4636 1824 4708 largiatur,
1858 4655 1923 4693 ne
2024 4639 2549 4711 magniﬁcentissime
2593 4656 2788 4710 pra’ses
2824 4638 3048 4707 Romaz;
3089 4651 3147 4694 tu
3182 4642 3348 4697 Deum
3401 4652 3615 4697 strenue

348 4729 639 4785 Prodromo
685 4729 896 4799 quidem
944 4738 1178 4801 excepto,
1212 4731 1304 4802 qui
1333 4731 1623 4795 secundum
1654 4730 1819 4786 Deum
1856 4734 1923 4785 il-

349 4821 451 4875 lius
482 4821 748 4890 mojestati
776 4818 992 4888 conﬁdit
1014 4821 1068 4873 in
1088 4836 1254 4891 eaque
1281 4822 1401 4876 vitta
1433 4837 1659 4876 ancoras
1678 4823 1841 4891 jacit.

423 4914 560 4980 Quid
585 4915 681 4968 hoc
712 4914 848 4985 agis,
896 4916 1152 4993 victorum
1193 4916 1567 4984 antesignane,
1606 4923 1924 4986 tropworum

350 5025 564 5064 numero
635 5009 962 5065 cumulate?
1022 5008 1223 5064 Iterum
1276 5019 1460 5063 contra
1523 5012 1693 5064 hostes
1743 5010 1928 5066 Orien-

424 5189 676 5262 (l)lrene
720 5188 939 5248 scilicet
998 5192 1339 5261 imperatrix,
1392 5206 1517 5259 qua:
1567 5200 1863 5262 antequam
1900 5205 1928 5244 a

353 5258 603 5315 Mannele
630 5260 912 5316 Comneno
961 5258 1104 5317 anno
1138 5263 1271 5315 1145
1331 5263 1386 5314 in
1412 5258 1639 5315 uxorem
1698 5258 1930 5317 ducere-

349 5340 466 5393 tur,
502 5330 697 5385 Bertha
724 5343 840 5385 erat
874 5334 1168 5400 appellata.
1202 5332 1325 5385 Fuit
1358 5332 1567 5386 eximiae
1601 5335 1825 5386 virtutis
1873 5343 1928 5384 et

356 5400 785 5468 pulchritudinis
813 5402 1035 5465 femina,
1067 5418 1223 5457 soror
1257 5403 1445 5456 uxoris
1479 5402 1716 5457 Conradi
1755 5404 1930 5470 impe-

357 5470 750 5544 ratoristlilja
822 5472 1364 5544 verouBerengarii,
1427 5474 1643 5544 comitis
1698 5472 1930 5544 Sulzba-

353 5540 575 5613 chensis
603 5540 656 5594 in
682 5539 932 5598 Bavaria.
965 5541 1162 5595 Mirum
1205 5539 1346 5611 Quod
1394 5559 1459 5596 ex
1499 5542 1689 5597 iisdem
1725 5543 1932 5613 nuptiis

357 5610 567 5664 tumide
596 5621 651 5665 et
677 5613 1014 5666 truculenter
1033 5610 1345 5670 conﬁrmari
1383 5616 1664 5667 contendit
1692 5610 1935 5668 Prodro-

361 5691 522 5756 nius,_
557 5680 614 5756 iil_
640 5689 739 5756 _est
803 5683 1123 5756 primatum
1158 5682 1404 5753 Byzantii
1434 5755 1437 5756 ν
1469 5699 1633 5756 supra
1678 5685 1928 5756 umnam.

357 5741 560 5815 lnjuria
604 5749 657 5804 id
709 5741 982 5808 sustinent
1014 5741 1350 5835 schisniatici
1394 5755 1463 5809 ob
1493 5741 1678 5810 sedem
1716 5755 1933 5826 imperii

2019 4731 2148 4786 colis
2171 4771 2185 4794 ,

2021 4825 2241 4888 hostes“
2280 4823 2566 4878 liberorum
2601 4840 2829 4889 amans;
2861 4822 3098 4893 plurima
3155 4841 3325 4896 eaque
3376 4828 3617 4881 maxima

2264 4734 2403 4785 mitis
2448 4748 2501 4784 es
2553 4748 2680 4803 erga
2752 4747 2967 4795 servos,
3013 4731 3290 4787 bellicosus
3362 4735 3616 4787 adversus

2033 4919 2139 4971 Deo
2162 4925 2219 4971 tu
2259 4917 2461 4987 templa
2484 4921 2743 4973 construis
2764 4926 2814 4972 et
2840 4935 3090 4993 vasorum
3122 4935 3398 4974 sacrorum
3425 4923 3619 4985 pretio-

2030 5026 2210 5064 sorum
2232 5011 2440 5079 copiam
2453 5010 2641 5064 ibidem
2657 5009 2919 5087 cumulos.
2948 5009 3145 5080 Ubique
3162 5010 3441 5081 benignam
3453 5012 3620 5066 seruis

2037 5191 2113 5245 ibi
2144 5192 2502 5247 constitutam
2533 5210 2550 5259 ;
2581 5200 2637 5247 at
2660 5192 3005 5263 iProdromus
3064 5194 3168 5249 hoc
3206 5195 3621 5263 ineptuminse-

2038 5272 2112 5333 rit
2173 5276 2561 5331 argumentum
2607 5262 2673 5315 ad
2743 5266 3065 5333 opinionem
3116 5262 3616 5319 consolidandam:

2038 5330 2135 5404 Vir
2157 5330 2261 5404 Aest
2301 5343 2466 5401 caput
2513 5330 2966 5404 milliaria—atqui
2999 5349 3203 5403 sponsa
3235 5334 3433 5389 Bertlia
3468 5343 3622 5390 vetc-

2037 5403 2114 5456 ris
2153 5401 2343 5456 Romae
2394 5406 2601 5476 (idest
2644 5405 2785 5459 ritus
2836 5401 3247 5476 occidentalis)_
3276 5404 3495 5460 subdita
3561 5405 3622 5461 tit

2038 5476 2237 5545 marito
2288 5489 2442 5545 ngwe
2499 5475 2704 5537 limum,
2784 5484 2935 5545 patet
2976 5489 3110 5544 ergo
3178 5474 3282 5531 (1P.
3350 5475 3621 5531 dominari

2038 5540 2293 5597 Romam.
2332 5542 2640 5600 Ridiculum
2675 5546 2687 5598 !
2726 5540 2961 5600 (Ianthen
3003 5540 3379 5602 verumtamen
3409 5546 3622 5600 editum

2037 5612 2294 5686 [uitenm
2341 5613 2484 5669 fama
2541 5616 2767 5686 pertulit
2816 5617 3040 5685 nuptias
3109 5617 3444 5671 constitutas
3499 5629 3625 5673 esse

2039 5684 2187 5757 inter
2219 5684 2633 5757 “Joannem’et
2679 5684 2996 5743 Conrad’um
3061 5687 3471 5757 imperatores:
3505 5694 3621 5742 tum

2039 5755 2186 5811 enim
2217 5754 2437 5813 Manuei
2471 5758 2527 5813 in
2570 5756 2783 5814 Isauria
2807 5754 3151 5815 morabatur."
