4078 6392
290 448 430 516 1363

286 565 716 639 Κοσμοκρατὴς,
746 566 1105 638 περσόλεθρε,
1135 565 1731 638 σκυθοδαλματοκτόνε,

300 658 562 729 Ἰσαύρων
590 657 1001 726 δουλαγωγητά,
1032 656 1272 713 Κιλίκων
1295 659 1619 729 καθαιρὲτα,

284 750 664 806 Κατασπαστά
688 754 787 822 τῆς
833 751 1051 806 Ἰταλῶν
1076 751 1278 821 ὀφρύος
1305 754 1398 808 καὶ
1425 753 1692 820 Λατίνων,

291 843 559 914 Παρθίδος
582 845 980 917 ἀνδραποδιπά
1006 847 1102 900 καὶ
1130 846 1371 916 Συρικῆς
1400 846 1704 914 σπατάλης,

300 933 599 1003 Ἀπειλητά
630 938 728 1006 τῆς
758 937 1000 1000 παλαιᾶς
1031 937 1278 1007 μεγάλης
1311 937 1659 1007 Βαϐυλῶνος,

300 1028 612 1098 Ἐκφοσητά
644 1028 745 1099 τῆς
789 1029 1028 1099 σοϐαρᾶς
1062 1030 1345 1099 Αἰγύπτου
1380 1030 1679 1101 βασιλείας,

286 1121 400 1177 Καὶ
454 1122 637 1195 πάσης
688 1122 944 1196 γλώσσης
998 1124 1091 1178 κο.)⁵
1148 1124 1325 1195 φυλῆς
1383 1125 1699 1179 ταπεινωτά
1739 1125 1875 1197 βαρ-

1560 1215 1764 1287 ὀάρων,

1560 1217 1589 1268 6
1716 1236 1744 1269 ν

289 1301 576 1376 Σκῆπτρον
624 1303 758 1374 εύρῦ
812 1321 905 1359 και
937 1306 1219 1377 κραταιὸν,
1264 1215 1555 1377 σκῆπτρονῖ
1597 1215 1874 1361 Ξὲΐὺ’καὶ

1624 1402 1769 1466 πῖον,

1624 1419 1647 1452 τ

303 1485 600 1557 Ῥωμαίων
621 1486 1005 1559 ἀναγέγνησις.
1043 1489 1346 1554 ἀνάπλασις
1372 1399 1647 1555 Αύσόνωὶ.

293 1579 408 1634 Kal
438 1578 624 1649 θαῦμα
654 1583 767 1645 τοῖς
790 1581 883 1636 ὑπ’
910 1582 1137 1652 οὐρανὸν
1170 1584 1263 1638 ἐπὶ
1312 1589 1433 1648 ταῖς
1489 1586 1873 1657 στρατηγίαις,

305 1670 481 1741 Ὁρῶν
513 1689 607 1726 σου
637 1672 737 1745 τὴν
764 1675 1120 1748 παρασκευὴν
1159 1680 1252 1731 καὶ
1272 1678 1373 1748 τὴν
1396 1680 1738 1749 ὲτοιμασίαν,

294 1760 408 1815 Καὶ
464 1761 567 1834 τῆς
616 1764 810 1833 ἐφόδου
857 1766 960 1835 τὴν
1018 1766 1204 1841 ἀκμὴν
1256 1769 1352 1840 τὴν
1421 1772 1559 1839 πρὸς
1627 1772 1729 1841 τὴν
1781 1771 1878 1824 ὲκ-

1434 1860 1767 1934 [στρατείαν,

1482 453 1886 517 THEODORI
1927 455 2338 518 PRODROMI

3424 453 3566 529 1364

1899 569 2174 636 Δῐίόσαις
2233 570 2498 643 χαλάζαις
2557 570 2855 635 λιθασθεὶς,
2910 568 3094 631 πόσοις
3133 566 3398 636 πλησθεὶς
3445 568 3561 622 τοῖς

3183 660 3456 736 [δμὸροις,

1975 755 2087 808 Kal
2109 754 2304 817 πόσαις
2323 754 2556 825 πάχναις
2575 753 2885 817 πυκνωθεὶς
2897 753 2993 837 καὶ
3005 754 3242 824 νιφετοῖς
3263 750 3564 816 παλαίσας,

1977 849 2093 902 Οὐκ
2130 847 2339 911 ἔδωκας
2370 848 2678 903 ἀνάπαυσιν
2728 849 2841 911 τοῖς
2878 850 2994 908 σοῖς
3045 846 3339 917 κροτάφοις
3369 843 3563 908 ὕπνον,

1974 939 2051 994 Οὐ
2088 943 2204 1004 τοῖς
2234 939 2527 1012 βλεφάροις
2558 940 2891 1011 νυσταγμδν,
2916 939 3059 993 κατά
3083 938 3182 1010 τὴν
3206 936 3528 1008 ψαλμῳδίαν
3548 952 3565 975 ν

2001 1029 2150 1084 Αλλά
2182 1032 2275 1084 καὶ
2308 1030 2472 1084 πάλιν
2498 1030 2736 1102 ἐξορμᾷς
2760 1031 2906 1083 κατὰ
2931 1028 3042 1082 τῶν
3074 1028 3331 1082 ἐναντίων

1974 1125 2087 1177 Kal
2113 1124 2276 1180 πάλιν
2296 1125 2479 1195 μάχης
2496 1124 2725 1194 μέλησίς
2759 1141 2842 1178 σοι
2866 1124 2960 1178 καὶ
2974 1123 3134 1177 πάλιν
3153 1124 3283 1176 ὲκστ
3296 1119 3569 1192 ρατεύεις,

1977 1217 2147 1271 Πάλιν
2180 1217 2279 1287 τὴν
2312 1217 2526 1287 σπάθην
2555 1218 2776 1288 ἀκονᾷς,
2821 1216 2984 1270 πάλιν
3024 1215 3084 1269 τὸ
3119 1215 3248 1285 δόρυ
3275 1214 3487 1285 θήγεις,

1988 1307 2382 1375 Ὀπλενδυτεῖς,
2408 1310 2753 1380 δορυφορεϊς,
2778 1308 2990 1381 ἐξάπτῃ
3020 1307 3120 1379 τὴν
3160 1306 3386 1367 ἀσπίδα,

1979 1400 2090 1453 Kal
2120 1399 2381 1460 καταθεὶς
2409 1402 2510 1470 τῆς
2542 1401 2788 1474 κεφαλῆς
2821 1400 2923 1470 τὴν
2955 1400 3194 1471 ἀρχικὴν
3223 1398 3460 1463 ταινίαν,

1978 1493 2091 1564 Τὴν
2132 1492 2339 1564 κόρυθα
2368 1495 2468 1565 τὴν
2500 1501 2741 1565 φοσεραν
2773 1495 2937 1557 εὐθὺς
2967 1492 3421 1564 ἀντιλαμὸάνεις,

1958 1586 2238 1655 Νομίζων
2258 1588 2417 1658 ἔργον
2450 1588 2712 1660 ἄρχοντος
2742 1587 2837 1641 καὶ
2876 1587 3081 1658 μᾶλλον
3100 1585 3369 1660 βασιλέως

1978 1680 2054 1734 Ob
2071 1679 2133 1733 τὸ
2154 1680 2367 1751 τρυφᾷν
2390 1682 2483 1733 καὶ
2507 1681 2791 1753 σπαταλᾷν
2816 1681 2912 1735 καὶ
2936 1680 3062 1751 περὶ
3096 1680 3298 1743 πόνους
3323 1677 3566 1750 τρέχειν,

1990 1769 2155 1824 Ἀλλά
2183 1769 2244 1823 τὸ
2274 1771 2508 1841 κάμνειν
2546 1773 2641 1826 καὶ
2678 1772 2902 1844 μοχθεῖν
2931 1773 3073 1843 ὑπὲρ
3107 1770 3216 1826 τῶν
3252 1770 3358 1824 ύπδ
3382 1771 3566 1843 χεῖρα.

1980 1861 2174 1917 Καίτοι
2204 1863 2297 1916 καὶ
2330 1863 2689 1935 νοσαζόμενος
2714 1865 2773 1917 τὸ
2805 1864 2966 1934 σῶμα
2996 1863 3056 1917 τὸ
3086 1864 3363 1931 γενναῖον,

294 1946 408 2018 Τὴν
443 1947 539 2002 τοῦ
595 1949 833 2021 στρατοῦ
886 1951 1241 2019 συνέλευσιν,
1286 1954 1386 2025 τὴν
1434 1925 1711 2026 συσκευὴν
1754 1925 1876 2011 *τῶν
1907 1925 1951 1980 Β
1981 1952 2092 2007 Καὶ
2137 1954 2231 2009 τὸν
2263 1925 2822 2029 καιρὸν-χειμερινὸν
2875 1925 3239 2027 προσϐλέπων
3294 1953 3392 2008 καὶ
3440 1969 3577 2023 κρυρ

1539 2050 1767 2122 [ὃπλων,
1840 2090 1855 2101 ι

299 2132 439 2197 Τοὺς
466 2126 821 2207 δορυφόρους,
843 2137 1175 2213 τοὺςίςκπετς
1200 2142 1295 2197 καὶ
1330 2144 1455 2207 τοὺς
1494 2142 1875 2210 ἱπποτοξότας,

299 2226 439 2291 Τοὺς
466 2228 895 2299 καταφράκτους
935 2232 1280 2304 τοὺς,ψιλοὺς
1313 2236 1513 2299 αὐτοὺς
1562 2237 1690 2301 τοὺς
1749 2253 1876 2308 χορ-

352 2328 355 2331 ’
1456 2328 1769 2403 [τοφόρους,

295 2410 411 2476 Τάς
445 2413 559 2467 τῶν
594 2412 823 2480 ξυλίνων
863 2418 1127 2489 μηχανῶν
1165 2418 1421 2484 ποικίλας
1468 2421 1810 2493 ἐξαρτύσεις,

297 2503 409 2557 Καὶ
426 2504 487 2558 τὸ
517 2506 622 2574 τῆς
657 2507 839 2578 μάχης
862 2508 920 2561 ἐν
959 2508 1107 2579 ξυρῷ
1162 2511 1259 2564 καὶ
1302 2513 1878 2583 κατεσπουδασμένον,

297 2595 559 2666 Θάμϐους
576 2603 673 2653 καὶ
700 2599 879 2671 λύπης
905 2600 998 2654 καὶ
1015 2604 1193 2674 χαρᾶς
1215 2602 1660 2676 ζυγοπατοῦμαι
1693 2607 1879 2677 μέσον.

301 2688 632 2760 Θαμόοῦμαι
657 2692 758 2761 μὲν
773 2693 870 2761 τὴν
883 2694 1112 2764 ἄτρυτον
1139 2696 1234 2749 τοῦ
1265 2697 1519 2767 σώματός
1550 2716 1643 2753 σου
1663 2699 1881 2771 ῥώμην,

299 2777 415 2832 Kal
446 2779 554 2833 τῶν
583 2780 765 2850 μελῶν
796 2800 893 2837 σου
915 2783 1013 2854 τὴν
1056 2785 1211 2855 ἰσχὺν
1241 2784 1341 2856 τὴν
1360 2789 1880 2861 τρισαδαμαντίνην,

300 2869 413 2923 Kal
436 2869 537 2940 τῆς
559 2871 763 2944 σαρκὸς
797 2873 898 2945 τὴν
930 2875 1145 2945 ἄμαχον
1186 2876 1245 2928 ἐν
1277 2876 1461 2941 πόνοις
1494 2879 1747 2934 εὐτονίαν
1773 2896 1786 2912 ·

300 2960 582 3032 Θαυμάζω
604 2965 778 3027 πόσας
800 2966 1037 3031 ἀνατλὰς
1075 2969 1134 3023 ἐν
1167 2970 1372 3044 μάχαις
1397 2969 1719 3042 δυσχερείας

303 3053 464 3125 Πόσῳ
497 3054 768 3120 παλαίσας
790 3057 1052 3125 καύσωνι,
1100 3061 1267 3114 πόσον
1314 3065 1529 3132 κρυμὸν
1580 3063 1883 3133 βαστάσας,

304 3147 513 3211 Πόσους
543 3147 843 3214 δυσϐάτους
898 3151 993 3204 καὶ
1036 3153 1258 3216 στενοὺς
1293 3152 1610 3223 περιελίξας
1658 3155 1882 3219 τόπους,

303 3239 514 3304 Πὸσους
542 3241 818 3311 χειμῶνας
844 3242 1054 3312 αίθριος
1098 3246 1193 3296 καὶ
1228 3243 1364 3314 θέρη
1390 3245 1740 3317 διαντλήσας,

304 3318 735 3396 Πόσαςάσίτους
761 3335 1008 3406 ἡμερῶν,
1041 3336 1213 3398 πόσας
1273 3336 1487 3390 νυκτῶν
1550 3337 1889 3410 ἀγρύπνους,

309 3424 516 3489 Πόσους
554 3426 828 3491 πεζεύσας
863 3428 1165 3497 ποταμοὺς,
1215 3427 1420 3492 πόσους
1476 3430 1892 3501 ίπποδρομήσας

318 3514 630 3581 Ἀπλώτους
658 3517 750 3570 καὶ
787 3515 1172 3602 μορμύροντας
1199 3519 1294 3570 καὶ
1336 3521 1893 3601 κυματομαχοῦντας,
1932 3554 1937 3559 ~

312 3785 455 3838 rum,
492 3771 879 3829 Dalmatarum
916 3773 1228 3847 ﬂagellum:
1276 3785 1331 3831 tu
1370 3778 1592 3837 Isauros
1636 3780 1693 3835 in
1726 3775 1895 3831 servi-

310 3872 476 3920 tutem
493 3866 684 3938 adigis,
705 3875 763 3922 tu
778 3866 965 3925 Cilices
981 3869 1196 3938 occidis,
1216 3869 1480 3928 Italorum
1501 3889 1564 3927 ac
1583 3870 1893 3925 Latinorum

308 3958 613 4029 superbiam
667 3958 959 4029 deprimis;
1016 3969 1073 4015 tu
1115 3961 1337 4018 Parthis
1380 3964 1572 4035 iugum
1624 3962 1893 4018 servitutis

309 4048 576 4118 imponis,
639 4061 689 4106 et
750 4049 1010 4123 Syrorum
1071 4053 1347 4109 luxuriam
1415 4054 1756 4126 aggrederis;
1838 4063 1894 4106 tu

308 4135 576 4209 Babyloni
608 4141 843 4211 antiquae
866 4157 1074 4212 magna:
1103 4142 1322 4197 exitium
1353 4144 1596 4208 minaris,
1632 4142 1895 4215 zEggptiis

310 4228 558 4285 mollibus
592 4239 847 4287 terrorem
880 4232 1056 4303 injicis
1076 4250 1098 4300 ;
1145 4242 1201 4289 tu
1237 4235 1493 4290 barbaros
1534 4236 1891 4306 cujuscunque

312 4325 514 4393 generis
545 4324 833 4391 humilius;
866 4325 1235 4381 Romanorum
1285 4337 1549 4395 sceptrum
1603 4313 1787 4398 potens
1832 4344 1895 4381 ac

312 4414 549 4469 validum
584 4432 827 4484 renovas,
854 4417 1092 4473 Ausones
1130 4434 1412 4491 regeneras
1436 4403 1640 4485 {nemo
1670 4420 1765 4474 tibi
1794 4436 1897 4490 par

312 4508 369 4562 in
401 4507 477 4561 rei
509 4505 713 4562 bellicae
756 4509 982 4565 artibus.
1025 4509 1206 4576 Quare
1241 4519 1448 4581 stupeo,
1488 4511 1716 4582 gaudeo,
1757 4511 1899 4566 inter

3250 2041 3267 2118 l
3289 2043 3464 2116 μώδη-

1981 2138 2107 2193 Οὐδ’
2165 2137 2311 2194 οὕτω
2363 2139 2561 2203 παύεις
2599 2138 2701 2211 τὴν
2740 2138 2917 2209 ὁρμὴν
2968 2136 3066 2192 καὶ
3118 2136 3180 2190 τὸ
3227 2136 3432 2206 θερμὸν
3478 2134 3577 2191 τοῦ

3185 2230 3441 2303 [δρόμου.

2054 2327 2123 2381 Τί
2151 2325 2311 2381 τοῦτο
2341 2325 2544 2390 τοίνυν,
2570 2325 2817 2397 βασιλεῦ,
2842 2323 3136 2396 νοσοῦμεν,
3189 2321 3583 2395 καχεκτοῦμεν

1981 2419 2094 2474 Kal
2128 2416 2675 2488 παραφυλαττόμεθα
2702 2417 2829 2481 τοὺς
2864 2415 3131 2479 πνέοντας
3160 2414 3432 2487 ἀνέμους,

1984 2511 2057 2565 Σὺ
2081 2510 2136 2564 δὲ
2160 2509 2335 2571 νοσεῖς
2369 2508 2465 2561 καὶ
2499 2510 2831 2580 στρατηγείς
2862 2509 2957 2561 καὶ
2988 2507 3273 2574 σφάττεις,

1984 2602 2100 2658 Καὶ
2140 2599 2276 2671 πρὸς
2312 2597 2592 2671 χειμῶνας
2621 2600 2679 2652 ὲν
2721 2597 2906 2668 ταυτῷ
2951 2596 3047 2651 καὶ
3080 2596 3273 2658 νόσους
3312 2595 3406 2652 καὶ
3439 2594 3581 2665 βαρο

3239 2680 3472 2755 [ϐάρους

1985 2779 2262 2852 Τριπλοῦν
2286 2776 2498 2850 ἐργάζῃ
2524 2775 2783 2847 πόλεμον,
2810 2774 3039 2847 τριττὴν
3073 2771 3297 2845 ἀρτύεις
3331 2773 3555 2845 μάχηνς

1986 2874 2080 2944 Μή
2116 2890 2197 2925 σοι
2226 2869 2626 2942 χαλκήλατοςή
2671 2867 2815 2939 χεὶρ,
2847 2865 2922 2938 μὴ
2952 2865 3210 2937 σιδηροῦς
3248 2865 3277 2919 ό
3301 2865 3519 2936 πῆχυςς

1988 2966 2081 3036 Μὴ
2105 2966 2234 3029 τοὺς
2264 2961 2561 3025 δακτύλους
2591 2962 2657 3015 ἐκ
2685 2960 2923 3031 στερρᾶς
2949 2956 3298 3029 ὲλατομήθης
3328 2957 3537 3027 πέτρας
3560 2973 3581 3033 ἱ

1989 3059 2083 3129 Μὴ
2120 3059 2233 3111 τῶν
2267 3055 2444 3125 μελῶν
2473 3054 2573 3116 τὰς
2605 3051 2849 3119 συναφὰς
2873 3050 3277 3121 ἀδαμαντίνους
3304 3050 3491 3121 ἔχειςῖ

1990 3152 2085 3221 Μὴ
2108 3149 2269 3219 σῶμα
2301 3148 2445 3201 θεῖον
2473 3145 2683 3207 ἀπαθὲς
2706 3143 2996 3214 ἀκάματον
3025 3142 3353 3215 βαστάζεις;

1914 3263 1960 3323 C
1991 3244 2135 3307 Χθὲς
2158 3239 2531 3306 ὲπανέζευξας
2555 3239 2711 3308 ἡμῖν,
2748 3237 2877 3307 χθὲς
2897 3236 3204 3307 ὲπανῆλθες
3228 3236 3367 3302 άναξ

2000 3336 2137 3391 Ἀπὸ
2174 3335 2372 3405 Συρίας
2401 3335 2501 3403 τῆς
2524 3333 2701 3404 ἁϐρᾶς
2731 3330 2841 3385 ἀπὸ
2878 3330 2979 3399 τῆς
2998 3330 3324 3394 Φοινικίδος,

2002 3430 2100 3487 Ἐκ
2123 3430 2332 3501 Φέρεπ,
2362 3427 2579 3491 Χάλεπ,
2613 3427 2709 3481 καὶ
2743 3422 2997 3495 Φαρτῶν,
3035 3423 3209 3496 αὐτῆς
3233 3426 3297 3480 ὲκ
3323 3423 3589 3480 Βαϐυλῶφ

3396 3516 3514 3593 [νος

1996 3793 2139 3847 saepe
2165 3776 2424 3845 iactatus.
2456 3776 2710 3832 imbribus
2741 3784 2987 3842 vexatus,
3024 3792 3058 3830 a
3084 3774 3282 3846 pruina
3307 3782 3358 3827 et
3382 3774 3586 3833 nivibus

1999 3866 2301 3936 infestatus,
2357 3867 2581 3931 quietem
2631 3874 2681 3919 et
2727 3881 2975 3919 somnum
3032 3863 3277 3918 membris
3341 3866 3587 3934 negasti;

2006 3980 2024 4012 ι
2070 3959 2369 4031 Palpebris.
2416 3968 2470 4012 ut
2507 3959 2634 4013 dicit
2672 3957 2986 4021 Psalmista,
3028 3970 3268 4012 somnum
3302 3973 3404 4010 non
3438 3957 3587 4010 dedi-

1997 4055 2088 4108 sti.
2139 4073 2156 4105 ι
2204 4051 2349 4106 Nam
2375 4052 2491 4106 sine
2525 4067 2675 4105 mora
2705 4052 2897 4105 iterum
2930 4051 3101 4103 hostes
3132 4051 3296 4102 armis
3329 4048 3542 4102 lacessis
3566 4062 3592 4114 ;

2001 4140 2138 4196 nihil
2182 4141 2282 4195 nisi
2312 4140 2557 4210 praelium
2604 4138 2882 4193 meditaris
2915 4145 2963 4191 et
2997 4153 3118 4191 cum
3164 4136 3310 4191 hoste
3343 4152 3592 4207 congres-

1995 4236 2216 4289 sionem.
2248 4233 2451 4287 Rursus
2476 4248 2652 4285 ensem
2678 4232 2825 4285 acuis
2847 4240 2895 4284 et
2920 4230 3166 4295 hastam;
3193 4246 3407 4285 rursum
3432 4247 3588 4286 arma

1996 4327 2192 4390 induis,
2230 4331 2442 4381 hastam
2480 4325 2665 4390 sumis,
2690 4323 2870 4377 bucleo
2897 4323 3206 4392 accingeris,
3234 4330 3282 4377 et
3315 4323 3585 4390 diadema,

2000 4420 2149 4490 regni
2174 4419 2405 4489 insigne,
2422 4418 2587 4489 capiti
2607 4417 2835 4486 imponis
2856 4432 2966 4470 una
2988 4433 3108 4469 eum
3129 4415 3280 4487 galea
3302 4417 3588 4473 horrenda.

2004 4510 2150 4567 Nam
2181 4511 2549 4582 gubernatoris
2579 4510 2831 4580 cujusque
2869 4517 2919 4562 et
2955 4511 3215 4579 prazcipue
3252 4510 3591 4579 imperatoris

313 4616 460 4670 spem
480 4607 781 4671 metumque
802 4601 998 4667 haereo,
1022 4602 1069 4656 si
1093 4602 1286 4672 agilem
1308 4611 1453 4656 tuum
1481 4604 1741 4670 animum,
1773 4605 1821 4658 si
1843 4604 1900 4658 in
1933 4645 1974 4673 η
2005 4621 2119 4661 esse
2162 4605 2330 4658 credis
2358 4620 2465 4657 non
2511 4604 2568 4657 in
2604 4601 2961 4673 voluptatibus
2995 4618 3056 4656 ac
3089 4601 3291 4655 deliciis
3328 4602 3582 4673 difﬂuere,

313 4692 731 4763 expeditionibus
779 4694 885 4750 tuis
939 4694 1170 4766 vigorem
1225 4696 1396 4751 video.
1457 4696 1527 4751 Te
1560 4699 1714 4760 enim
1771 4696 1902 4750 duce

314 4788 577 4843 exercitus
622 4797 840 4843 strenue
882 4788 1012 4859 agit,
1064 4797 1302 4860 prompte
1339 4807 1496 4846 arma
1543 4798 1763 4845 tractat.
1814 4787 1904 4845 He

307 4881 469 4949 juvat
488 4881 842 4949 contemplari
867 4881 1151 4945 satellites,
1174 4886 1370 4955 equites
1392 4885 1729 4956 sagittarios,
1755 4894 1902 4938 cata-

318 4972 592 5041 phractos,
661 4970 847 5028 leviter
921 4982 1185 5041 armatos,
1252 4976 1517 5047 frumento
1574 4992 1639 5029 ac
1705 4974 1902 5044 pabulo

317 5072 603 5131 oneratos,
663 5065 870 5137 ligneas
934 5067 1060 5122 belli
1133 5070 1447 5134 machinas,
1506 5068 1631 5123 belli
1682 5069 1902 5122 tandem

316 5156 648 5213 discrimina.
678 5157 810 5213 Cum
837 5168 1052 5231 stupore
1080 5162 1316 5233 corporis
1340 5162 1422 5216 tui
1446 5163 1695 5222 invictum
1716 5162 1900 5224 robur,

317 5248 676 5307 membrorum
736 5258 946 5304 tuorum
1004 5252 1418 5323 insuperabilem
1461 5253 1798 5323 agilitatem,
1847 5252 1902 5306 in

316 5338 589 5395 laboribus
614 5342 844 5409 ferendis
870 5346 1323 5413 perseverantiam
1355 5346 1616 5412 admiror,
1641 5351 1689 5398 et
1713 5344 1904 5398 mirari

319 5440 427 5486 non
451 5432 633 5486 desino
662 5448 680 5486 :
707 5434 904 5488 multas
934 5438 1073 5488 enim
1096 5437 1152 5489 in
1178 5436 1381 5506 prtrliis
1417 5434 1686 5491 molestias
1706 5435 1901 5500 tulisti;

320 5539 461 5592 strpe
498 5525 662 5577 nimia
703 5524 881 5578 calore
909 5536 1129 5581 vexatus
1176 5528 1344 5597 fuisti,
1385 5543 1525 5598 saepe
1555 5528 1756 5593 alsisti;
1786 5527 1902 5582 loca

317 5615 611 5681 inaccessa,
645 5626 875 5687 angusta
904 5621 1250 5689 percurristi;
1286 5620 1483 5675 multas
1525 5629 1699 5676 noctes
1726 5622 1901 5676 hiber—

317 5724 439 5773 nas.
459 5710 668 5762 aestivas
684 5710 779 5762 sub
801 5712 919 5764 divo
939 5713 1262 5783 transegisti.
1288 5715 1503 5779 esuriei,
1522 5714 1901 5768 insomniorum

318 5815 655 5870 nequaquam
689 5817 893 5879 expers,
930 5804 1155 5873 ﬂumina
1190 5807 1360 5859 multa
1390 5807 1696 5876 frementia,
1738 5809 1894 5861 undis

322 5893 527 5978 ggitnta
580 5894 736 5977 pedes
785 5904 878 5947 aut
922 5912 1079 5982 eques
1128 5898 1405 5979 traiecisti.
1457 5899 1599 5954 Licet
1643 5901 1902 5966 grandine

928 6014 963 6063 /

2006 4700 2097 4753 sed
2129 4713 2224 4767 pro
2264 4695 2487 4751 subditis
2521 4695 2802 4750 dimicare.
2850 4693 2923 4748 Te
2955 4710 3049 4749 nec
3080 4694 3314 4758 morbus,
3342 4711 3435 4749 nec
3475 4693 3592 4749 coeli

2005 4809 2102 4863 per
2134 4791 2359 4844 hiemem
2403 4799 2705 4843 testatemve
2750 4786 3088 4865 intemperies
3130 4801 3162 4839 a
3208 4784 3493 4857 pugnando
3538 4793 3591 4840 et

2004 4884 2238 4951 corporis
2268 4880 2517 4936 exercitio
2544 4885 2791 4934 avocant.

2081 4974 2229 5030 Unde
2256 4976 2417 5036 venit.
2448 4975 2761 5044 imperator,
2798 4969 2939 5042 quod
2965 4986 3059 5025 nos
3089 4970 3284 5025 morbis
3310 4970 3595 5043 afﬂigimur

2006 5076 2057 5121 et
2108 5067 2249 5122 male
2289 5081 2499 5137 semper
2544 5063 2835 5119 valemus?
2869 5062 2978 5119 Cur
3016 5072 3198 5118 ventos
3240 5064 3431 5130 fortius
3477 5065 3591 5134 spi-

2005 5168 2187 5213 rantes
2243 5167 2396 5213 caute
2443 5156 2745 5212 evitamus?
2773 5155 2847 5211 Tu
2881 5164 3115 5210 econtra
3166 5151 3285 5208 licet
3339 5166 3587 5226 a'grotus,

2005 5253 2199 5308 milites
2238 5252 2294 5306 in
2335 5268 2571 5322 pugnam
2609 5249 2757 5305 ducis
2794 5250 2865 5305 ad
2896 5249 3199 5313 victoriam,
3237 5248 3418 5302 eodem
3463 5257 3596 5309 tem-,-

2006 5350 2149 5421 poris
2183 5355 2445 5401 momento
2469 5345 2665 5401 bellum
2693 5343 2885 5416 triplex
2906 5360 3093 5415 gerens
3119 5359 3236 5397 cum
3261 5344 3451 5403 hieme.
3475 5360 3593 5398 cum

2007 5441 2187 5499 morbo
2220 5450 2269 5496 et
2300 5457 2419 5495 cum
2449 5440 2714 5504 barbaris,
2745 5438 3008 5509 triplicem
3048 5437 3329 5492 victoriam
3356 5448 3593 5504 reporta-

2008 5541 2179 5587 turns~
2235 5531 2373 5586 Num
2412 5548 2600 5586 manus
2646 5531 2737 5586 tibi
2786 5546 2933 5586 amca
2959 5529 2985 5583 ?
3029 5545 3156 5583 num
3188 5526 3459 5582 brachium
3489 5529 3594 5597 fer-

2008 5643 2154 5681 reum
2176 5624 2200 5680 7
2219 5626 2480 5697 digitosne
2498 5640 2710 5688 saxeos,
2732 5633 2780 5679 et
2812 5623 3166 5678 membrorum
3191 5619 3591 5674 articulationes

2006 5719 2141 5771 duro
2191 5717 2329 5786 geris
2373 5716 2591 5770 metallo
2638 5714 2905 5787 junctus?
2953 5712 3081 5767 Heri
3136 5712 3284 5765 nobis
3333 5727 3361 5765 e
3404 5711 3592 5773 castris

2008 5802 2179 5860 redita:
2223 5805 2369 5876 fuisti
2414 5821 2442 5858 e
2481 5805 2630 5860 molli
2666 5803 2826 5873 Syria
2868 5820 2931 5857 ac
2982 5803 3245 5867 l’hatnice,
3288 5817 3315 5854 θ
3363 5799 3586 5863 Phereb,

2007 5898 2219 5959 Chaleb,
2250 5914 2278 5953 e
2310 5896 2566 5963 Pharton,
2595 5914 2658 5952 eo:
2681 5898 2799 5957 ipsa
2822 5893 3115 5961 Babylone,
3141 5911 3244 5949 non
3260 5894 3374 5963 sine
3396 5891 3590 5975 qloriq,
