4078 6424
455 357 607 421 1365

1601 361 1923 424 SCRIPTA
1956 359 2513 424 MISCELLANEA.

3582 358 3717 424 Ibi-.6

453 456 671 545 A’bxdw,
715 474 899 547 ίδρῶν,
931 476 1028 532 καὶ
1065 477 1376 533 πνευστιῶν
1419 477 1515 533 καὶ
1555 480 1706 533 κόνει
1740 476 2030 548 πεπασμέ-
2057 477 2103 533 Α
2143 477 2231 540 Ὠς
2253 478 2410 533 ἄλλον
2447 479 2576 551 ῥοῦν
2610 478 2854 534 ὠκεανοῦ
2885 480 3015 543 τοὺς
3056 477 3184 541 σοὺς
3225 476 3454 548 ἱδρῶτας
3485 476 3640 550 λούῃ.

1818 570 1955 643 [νος.

454 653 569 724 Οὐχ
600 654 758 710 ὕδατι
785 659 1139 722 κατέπαυσας
1168 660 1268 727 τὴν
1299 662 1357 714 ὲν
1378 661 1455 732 τῷ
1485 663 1679 716 Χάλεπ
1706 660 1886 730 δίψαν,

451 744 566 797 οὐκ
595 744 769 817 ἔφθης
801 748 1226 820 ἀπομόρξασθαι
1254 749 1347 804 τὸν
1382 751 1650 823 Περσικὸν
1679 752 1906 822 ίδρῶτα,

450 836 580 891 Οὐδ’
615 835 806 909 ἆσθμα
855 841 989 910 γοῦν
1021 841 1312 908 συνέλεξας
1355 846 1419 897 ὲκ
1447 844 1555 898 τῶν
1597 847 1654 897 ὲν
1682 843 1876 913 Σύροις
1910 843 2034 914 δρό-

1786 932 1933 1007 [μων
1949 973 1965 999 .

453 1023 572 1077 οὐκ
599 1023 774 1096 ἔφθης
803 1022 1217 1078 ἀπολούσασθαι
1250 1024 1352 1096 τὴν
1379 1026 1487 1079 τῶν
1516 1027 1758 1079 Κιλίκων
1789 1026 1963 1092 κόνιν,

450 1115 591 1170 Οὐδὲ
610 1116 739 1179 τοὺς
769 1115 1211 1187 κυϐιστήσαντας
1245 1117 1481 1187 χιτῶνας
1509 1121 1565 1170 ὲν
1595 1118 1870 1190 Σαγγάρῳ

466 1206 684 1277 Ἀνέμῳ
714 1207 1111 1278 παρεξήρανας
1145 1209 1178 1279 ἢ
1212 1210 1337 1273 ταῖς
1377 1209 1578 1276 αὐγαῖς
1607 1209 1787 1278 ἡλίου.

533 1298 649 1352 Καὶ
677 1298 844 1352 πάλιν
893 1301 1067 1370 μάχαι
1112 1301 1209 1353 καὶ
1243 1303 1466 1370 στρατοὶ
1496 1303 1591 1357 καὶ
1631 1301 2036 1374 στρατοπεδαρ-

1784 1391 1950 1465 [χίαι.

453 1481 576 1534 Τίνι
607 1498 667 1534 σε
698 1480 1121 1551 παρεικάσομεν
1146 1483 1284 1553 πρὸς
1313 1484 1412 1554 τὴν
1443 1485 1781 1554 φερεπονίαν
1806 1501 1821 1551 ;

458 1573 659 1636 Ἀτλας
698 1572 838 1644 ἀνὴρ
877 1573 1178 1643 μυθεύεται
1201 1577 1316 1638 τοῖς
1350 1576 1605 1640 παλαιοῖς
1635 1575 1865 1645 βιϐλίοις

453 1667 692 1735 Μακρὰς
724 1667 936 1737 ἀνέχων
977 1668 1162 1729 κίονας
1190 1668 1285 1721 τὸν
1308 1669 1515 1739 κόσμον
1542 1668 1845 1740 ἀνεχούσας
1865 1687 1879 1701 ·

453 1758 604 1828 Πλὴν
626 1760 888 1813 κοπιάσαι
918 1758 1137 1827 λέγουσι
1167 1761 1261 1813 καὶ
1280 1760 1470 1814 τοῦτον
1501 1762 1636 1831 πρὸς
1660 1762 1722 1815 τὸ
1754 1762 1920 1832 βάρος
1947 1802 1962 1829 ,

456 1849 567 1904 Καὶ
593 1850 916 1904 καταθεῖναι
946 1850 1055 1920 ,μὲν
1086 1851 1252 1904 αὐτὸν
1281 1852 1340 1905 τὸ
1373 1852 1482 1905 τῶν
1513 1853 1711 1907 κιόνων
1743 1854 1930 1924 ἄχθος,

465 1940 872 1995 Ὺποϐάλλοντα
909 1941 954 1993 δ’
998 1942 1277 2013 Ἠρακλῆν
1305 1945 1418 2005 τοῖς
1451 1941 1628 2011 ὤμοις
1652 1943 1731 2012 τῷ
1758 1946 1969 2014 φορτίῳ

453 2032 675 2101 Muein
693 2033 890 2102 ἐκείνῳ
924 2038 1231 2103 παρασχεῖν
1267 2036 1580 2089 ἀνάπαυσιν
1601 2036 1696 2089 τοῦ
1730 2036 1916 2091 πόνου.

456 2121 527 2173 Σὺ
558 2120 617 2173 δὲ
648 2121 738 2174 τὸν
765 2120 928 2189 ὄγκον
948 2122 1165 2176 ἅπαντα.
1201 2122 1300 2192 τῆς
1331 2124 1660 2196 οἰκουμένης
1690 2125 1897 2195 φέρων,

452 2212 604 2281 Πρὸς
621 2212 679 2265 δὲ
713 2214 807 2264 καὶ
827 2214 928 2276 τὰς
955 2216 1329 2285 στρατηγικὰς
1365 2216 1575 2286 ἀνέχων
1604 2217 1932 2287 ἀχθηδόνας.

456 2304 629 2368 Μόνος
658 2306 720 2358 τὸ
750 2305 918 2376 βάρος
951 2312 1265 2377 καρτερεῖς,
1293 2309 1353 2362 ού
1387 2309 1606 2380 χρῄζων
1638 2310 2000 2376 Ἡρακλέους.

456 2398 570 2451 Καὶ
598 2402 1003 2468 καρτερήσειαξ
1033 2401 1166 2453 αὐτὸ
1189 2402 1349 2470 μέχρι
1378 2400 1608 2472 μακρῶν
1630 2403 1843 2457 αἰώνων

468 2488 606 2542 Ὑπὸ
636 2492 885 2562 στερροῖς
909 2494 1023 2554 τοῖς
1051 2490 1238 2560 μέλεσι
1264 2493 1361 2544 καὶ
1393 2496 1685 2563 καρτεροῖς
1710 2496 1825 2557 τοῖς
1844 2493 2038 2566 ὤμοις.

540 2581 892 2653 Ἐγνώκαμεν
922 2584 1192 2648 ἀνατολὴν
1225 2583 1323 2637 τοῦ
1355 2586 1685 2654 φωταυγοῦς
1715 2588 1885 2660 ἡλίου,

470 2675 631 2729 Ἀλλά
661 2678 755 2729 καὶ
784 2675 970 2729 σϐέσιν
993 2676 1088 2730 καὶ
1114 2677 1329 2747 δυσμὴν
1362 2678 1644 2749 ἐμάθομεν
1680 2682 1892 2736 ἐκείνου
1915 2699 1930 2715 ο

457 2771 568 2822 Καὶ
590 2770 696 2840 γῆν
725 2770 823 2839 μὲν
854 2769 1078 2823 ἃπασαν
1110 2773 1309 2839 αὐγαῖς
1348 2772 1579 2842 ἀφάτοις
1605 2777 1964 2843 καταυγάζει,

469 2862 637 2915 Ἀλλὰ
663 2862 762 2915 καὶ
790 2863 946 2930 νέφει
977 2864 1280 2933 κρύπτεται
1314 2867 1409 2918 καὶ
1439 2867 1718 2928 παντελῶς
1759 2870 2004 2925 ἐκλείπει
2025 2888 2041 2903 ο

372 3018 389 3031 υ
458 2954 571 3006 Καὶ
598 2953 796 3023 κάμνει
822 2954 921 3023 μὲν
945 2955 1246 3026 ἡμερινοὺς
1266 2956 1540 3027 διφρεύων
1564 2959 1689 3021 τοὺς
1723 2962 1964 3029 ἀγῶνας,

472 3044 634 3098 Ἀλλὰ
658 3046 751 3098 καὶ
778 3046 999 3099 λούεται
1025 3047 1223 3111 νυκτὸς
1248 3048 1495 3102 ὠκεανοῦ
1524 3051 1639 3113 τοῖς
1674 3051 1933 3121 ῥείθροις.

463 3136 536 3189 Σὺ
571 3136 616 3188 δ’
649 3136 959 3201 ἀνατέλλεις
994 3140 1052 3198 ἐς
1077 3137 1166 3190 ἀεὶ
1198 3139 1292 3192 καὶ
1328 3139 1483 3192 δύσιν
1514 3142 1573 3193 ού
1606 3140 1929 3209 γινώσκεις,

460 3230 603 3300 Μηδ⁹
638 3230 923 3303 ἐπιγνοίης
962 3229 1185 3285 πώποτε
1254 3232 1415 3303 μέχρι
1448 3235 1740 3302 τερμάτων
1770 3234 1919 3306 βίου’

463 3325 525 3380 Εἰ
553 3324 613 3379 δέ
649 3325 781 3379 ποτέ
803 3342 861 3379 σε
893 3323 986 3379 τοῦ
1012 3323 1209 3395 καιροῦ
1236 3325 1331 3378 καὶ
1357 3324 1653 3379 λούσασθαι
1683 3325 1891 3397 δεήσει,

462 3491 695 3552 sudore,
746 3485 986 3542 anhelitu
1035 3494 1087 3541 et
1138 3486 1374 3557 pulvere.
1425 3485 1542 3541 Non
1591 3497 1646 3541 tu
1695 3506 1834 3559 aqua
1891 3494 2032 3548 sitim

462 3578 645 3633 delesti
669 3581 724 3633 in
749 3577 944 3633 Chaleb
965 3596 986 3644 ;
1020 3579 1271 3633 sudorem
1305 3577 1581 3634 Persicum
1603 3597 1707 3636 non
1735 3586 2034 3654 exsiccasti;

465 3687 571 3723 non
597 3672 653 3724 in
686 3669 847 3739 Syria
881 3678 1169 3740 peragrata
1192 3672 1440 3741 spiritum
1473 3672 1695 3735 vitiasti,
1729 3692 1834 3730 non
1866 3680 2044 3745 pulve-

369 3768 377 3781 '
465 3778 575 3816 rem
626 3764 681 3816 in
725 3761 913 3817 Cilicia
958 3763 1288 3826 abstersisti,
1339 3779 1445 3818 non
1485 3775 1649 3820 vestes
1703 3768 1758 3822 in
1792 3768 2042 3841 Sangaro

466 3853 854 3924 madefactatas
888 3853 959 3906 ad
983 3853 1110 3907 solis
1146 3855 1322 3909 radios
1350 3856 1638 3912 siccavisti.

536 3948 619 3998 En
673 3959 805 3999 nova
849 3946 1180 4010 certamina;
1226 3947 1421 4001 iterum
1466 3951 1728 4003 exercitus
1770 3961 1936 4007 movet
1976 3955 2045 4008 ad

467 4049 650 4091 castra
696 4038 967 4090 metanda.
1009 4035 1129 4097 Cui,
1171 4054 1368 4107 quaeso,
1410 4041 1489 4092 rei
1530 4049 1680 4093 tuam
1715 4045 2040 4111 a'quiparem

465 4130 520 4181 in
554 4129 781 4196 ferendis
818 4128 1083 4182 laboribus
1133 4129 1499 4198 patientiam?
1529 4129 1705 4193 Atlas,
1738 4132 1784 4184 si
1812 4132 2047 4203 antiquis

468 4218 768 4272 auctoribus
814 4218 1100 4282 credimus,
1142 4219 1375 4271 humeris
1418 4220 1650 4288 portavit
1696 4220 1924 4289 grandes
1964 4236 2051 4274 co-

352 4328 365 4337 '
469 4314 681 4365 lumnas
730 4321 896 4365 totum
940 4310 1195 4364 mundum
1233 4327 1446 4364 sursum
1491 4319 1744 4365 tenentes.
1782 4311 1886 4377 Qui
1932 4329 2048 4365 cum

468 4405 604 4457 mole
654 4413 999 4473 premeretur,
1051 4402 1353 4467 columnas,
1394 4409 1452 4454 ut
1494 4412 1743 4466 narrant,
1781 4403 2046 4473 deposuit,

2138 573 2326 625 Ἔστιν
2354 576 2642 641 ἀκάματον
2665 573 2727 626 τὸ
2754 572 2886 643 πῦρ,
2916 571 3049 642 ὕλης
3079 571 3146 624 ἂν
3176 571 3483 641 εὐπορήσῃ.

2135 662 2281 732 Πλὴν
2309 662 2489 716 δέεται
2521 664 2618 717 καὶ
2648 662 2959 731 πνεύματος
2992 662 3084 715 τοῦ
3124 661 3605 729 συνεπιφυσῶντος

2135 755 2248 808 Καὶ
2281 754 2380 827 τὴν
2410 755 2587 826 ὁρμὴν
2619 756 2929 825 ἐγείροντος
2956 758 3057 820 τὴν
3085 753 3393 824 καυστικὴν
3420 754 3655 807 ἐκείνου·

2135 846 2429 901 Σϐέννυται
2461 847 2519 901 δὲ
2549 848 2644 900 καὶ
2670 846 2772 916 τῆς
2804 847 2980 917 ὑγρᾶς
3005 847 3420 917 ὲπιρρευσάσης
3451 844 3605 914 ὕλης.

2135 942 2210 994 Σὺ
2238 940 2292 994 δὲ
2312 941 2570 1010 πιμπρᾷς
2596 940 2723 1002 τοὺς
2758 940 3000 1002 ἀσεϐεῖς,
3038 938 3317 1008 φλογίζεις
3347 939 3475 1002 τοὺς
3495 938 3743 1003 ἀθέους,-

2135 1030 2247 1082 Kal
2276 1031 2467 1097 τήκεις
2495 1029 2628 1082 ὡσεὶ
2664 1029 2935 1099 μόλιϐδον,
2965 1028 3098 1082 ὡσεὶ
3123 1028 3381 1099 καλάμην
3414 1029 3659 1097 φλέγεις,

2137 1115 2213 1167 Οὐ
2237 1114 2456 1186 χρῄζων
2477 1114 2581 1180 ἕξω
2610 1116 2929 1185 πνεύματος
2956 1116 3052 1169 τοῦ
3087 1116 3594 1184 συνεπιφυσῶντος·

2148 1208 2338 1275 Ἀρκεῖ
2362 1224 2442 1261 σοι
2474 1207 2583 1278 γὰρ
2613 1210 2694 1273 είς
2733 1208 2922 1278 ἔξαψιν
2952 1211 3051 1280 τῆς
3068 1208 3191 1262 κατ’
3218 1210 3432 1280 ἐχθρῶν
3463 1211 3659 1280 ἐφόδου

2137 1299 2210 1353 Τὸ
2240 1300 2322 1353 σοὶ
2352 1301 2530 1365 συζῶν
2571 1301 2670 1355 καὶ
2704 1302 2973 1356 συνοικῶν
3009 1301 3152 1371 μέγα
3183 1304 3278 1357 καὶ
3301 1305 3442 1357 θεῖον
3465 1303 3721 1372 Πνεῦμα,

2149 1389 2272 1458 Ὑφ’
2299 1382 2361 1442 οὗ
2389 1392 2484 1445 καὶ
2518 1391 2873 1462 ριπιζόμενος
2906 1392 3118 1456 πάντας
3163 1393 3396 1464 ἐχθροὺς
3418 1393 3721 1462 φλογίζεις.

2138 1483 2248 1536 Καὶ
2282 1483 2464 1537 πᾶσαν
2489 1482 2596 1553 γῆν
2629 1483 2936 1552 ἀλλόφυλον
2964 1485 3062 1538 καὶ
3093 1483 3253 1537 πόλιν
3290 1483 3550 1555 ἐπινέμῃ.

2137 1573 2280 1642 Μηδ’
2317 1573 2455 1637 ὅλως
2482 1555 2613 1643 γοῧν
2646 1577 2765 1637 ταῖς
2793 1574 3037 1641 ἐθνικαῖς
3097 1574 3471 1645 σϐεννύμενος
3517 1575 3722 1630 θαλάσ-

3472 1665 3651 1739 [σαις,

2139 1756 2261 1809 Κᾶν
2301 1756 2430 1828 περὶ
2459 1756 2591 1828 μίαν
2624 1758 2883 1827 ἄμπωτιν
2916 1759 3010 1812 καὶ
3040 1759 3306 1830 χάρυϐδιν
3343 1759 3619 1831 μιχθεῖεν,

2071 1812 2111 1867 Β
2141 1812 2481 1919 Κατέρχεται
2523 1849 2619 1903 καὶ
2652 1812 2900 1919 ποταμὸς
2933 1812 3619 1923 καὶιχείμαρῤοςκῖνεῖται

2139 1940 2294 1993 Μετά
2325 1940 2558 2009 σφοδροῦ
2593 1939 2922 2012 ῥοιζήματος
2952 1942 3047 1996 καῖ
3080 1944 3180 1996 σὺν
3205 1943 3322 2008 ὀξεῖ
3342 1942 3419 2013 τῷ
3442 1942 3655 2013 δρόμῳ,

2138 2033 2248 2087 Καί
2282 2050 2385 2087 που
2418 2033 2513 2088 καὶ
2554 2033 2739 2098 λίθους
2769 2036 3013 2107 ὑποσπᾷ,
3050 2035 3332 2107 ῥιζοτομεῖ
3366 2035 3459 2088 καὶ
3485 2034 3684 2106 δένδρα
3705 2052 3721 2066 ο

2151 2122 2317 2176 Ἀλλά
2347 2141 2401 2176 τι
2423 2122 2641 2195 δένδρον
2661 2125 2922 2194 μέγιστον
2952 2126 2983 2195 ἢ
3012 2125 3359 2195 παλαμναῖος
3380 2125 3529 2189 λίθος

2139 2215 2322 2280 Mica;
2342 2216 2391 2269 εί
2418 2214 2574 2286 τύχει
2602 2216 2899 2286 προπεσὼν
2929 2217 3020 2271 τὸν
3048 2217 3176 2287 ῥοῦν
3207 2216 3577 2288 ἀναχαιτίζει.

2140 2307 2209 2360 Σὲ
2236 2307 2314 2371 δὲ,
2337 2307 2576 2378 χαρίτων
2598 2306 2865 2373 θάλασσα,
2902 2310 2997 2362 καὶ
3024 2307 3243 2379 ποταμὲ
3274 2309 3579 2379 τροπαίων,

2139 2399 2308 2453 Οὐδὲν
2335 2398 2550 2453 οὐδέπω
2583 2400 2682 2470 τῆς
2713 2401 2895 2472 ὁρμῆς
2924 2404 3024 2472 τῆς
3053 2400 3132 2464 είς
3160 2401 3260 2464 τὰς
3290 2400 3474 2472 μάχας
3500 2398 3667 2454 παύει
3688 2413 3704 2428 '

2142 2493 2218 2546 Ού
2246 2492 2602 2563 προλαϐοῦσα
2632 2495 2904 2560 κάκωσις,
2939 2494 3040 2548 οὐκ
3071 2493 3377 2564 ἐπισχοῦσα
3405 2494 3584 2558 νόσος,

2142 2587 2278 2656 Οὐχὶ
2310 2587 2505 2658 καιρὸς
2534 2586 2872 2657 χειμερινὸς,
2898 2587 2959 2641 ού
2998 2585 3262 2655 παγετὸς,
3294 2585 3395 2640 οὐκ
3434 2584 3665 2655 δμϐρος,

2143 2680 2217 2733 Ob
2249 2680 2440 2751 θέρους
2477 2679 2538 2733 τὸ
2574 2670 2928 2748 μεσαίτατον,
2953 2679 3128 2750 οὐχαί
3155 2678 3464 2749 κυνάστρου
3498 2677 3723 2748 φλόγες,

2143 2775 2219 2828 Οὐ
2242 2773 2531 2844 δυσχέρεια
2559 2773 2669 2828 τῶν
2697 2772 2854 2839 ὁδῶν,
2893 2772 3013 2842 οὐχὶ
3035 2772 3389 2841 στενοχωρία,

2156 2868 2316 2922 Ἀλλά
2339 2868 2478 2940 πρὸς
2507 2867 2668 2937 μόνον
2702 2868 2929 2936 ἀφορῶν
2959 2866 3021 2919 τὸ
3055 2867 3247 2938 χρῆμα
3278 2867 3338 2918 τὸ
3362 2864 3461 2934 τῆς
3493 2864 3677 2934 νίκης,

2142 2963 2254 3017 Καὶ
2284 2960 2423 3030 πρὸς
2455 2960 2554 3026 τὴν
2579 2958 2955 3029 ύπεραύξησιν
2974 2959 3077 3026 τῆς
3102 2956 3205 3027 σῆς
3232 2957 3636 3027 κληρονομίας,
3729 2974 3742 3001 ι

2141 3052 2356 3115 Βαίνεις
2383 3051 2459 3114 ὡς
2487 3050 2623 3103 λέων
2647 3049 2924 3111 πεποιθὼς
2958 3049 3103 3102 κατὰ
3133 3047 3243 3101 τῶν
3278 3047 3623 3117 ἀλλοφύλων,

2063 3144 2106 3202 ο
2140 3144 2367 3197 Πάντων
2392 3140 2528 3210 όμοῢ
2553 3139 2911 3209 καταφρονῶν
2942 3138 3053 3191 τῶν
3085 3138 3687 3210 παρεμποδισμάτων,”

2145 3239 2225 3309 Τῇ
2251 3235 2617 3307 συστρατήγῳ
2657 3250 2751 3287 σου
2770 3231 2988 3305 θαρρῶν
3013 3231 3270 3303 παρθένῳ
3304 3234 3396 3285 καὶ
3420 3249 3483 3285 συ
3494 3231 3721 3302 μμάχῳ,

2146 3331 2221 3384 Δι’
2251 3323 2319 3400 ἦς
2352 3330 2416 3380 ἐκ
2447 3328 2627 3396 πάσης
2647 3325 2953 3395 προσϐολῆς
2986 3326 3086 3378 σὺν
3121 3324 3299 3386 νίκαις
3328 3325 3721 3395 ὑποστρέφεις.

2141 3514 2246 3552 non
2302 3493 2517 3563 deficit;
2567 3493 2658 3546 sed
2732 3491 2990 3562 suﬁiantis
3054 3491 3246 3561 spiritu
3307 3508 3435 3561 opus
3503 3500 3579 3544 est
3633 3494 3725 3560 qui

2143 3588 2479 3643 alacritatem
2510 3584 2657 3638 illius
2695 3593 2993 3637 emortuam
3046 3583 3101 3636 in
3148 3583 3313 3636 vitam
3365 3590 3602 3647 revocet;
3636 3583 3723 3635 ubi

2146 3686 2326 3731 autem
2355 3676 2581 3729 materia
2615 3674 2833 3727 humida
2856 3673 3157 3738 accesserit,
3189 3681 3328 3725 certe
3350 3671 3723 3742 exstinguitur.

2149 3768 2226 3823 Tu
2280 3786 2397 3823 vero
2453 3769 2638 3837 impios
2694 3766 2976 3829 comburis,
3033 3766 3331 3836 conﬂagras
3388 3765 3565 3819 atheos
3599 3779 3727 3834 quos

2145 3859 2420 3932 liquefacis
2454 3862 2591 3915 sicut
2616 3858 2892 3930 plumbum
2923 3866 2973 3911 et
3000 3859 3133 3911 sicut
3157 3857 3411 3928 stipulam
3441 3858 3724 3918 consumis,

2141 3953 2383 4023 sufﬂante
2415 3951 2593 4033 aliqua
2636 3949 2849 4002 minime
2881 3962 3009 4015 opus
3054 3948 3273 4003 habens.
3322 3947 3532 4016 Sufﬁcit
3584 3949 3726 4000 enim

2145 4044 2237 4098 tibi
2278 4044 2349 4097 ad
2376 4041 2691 4113 subigendos
2722 4041 2963 4094 inimicos
3004 4055 3225 4109 magnus
3262 4039 3356 4092 Dei
3383 4037 3616 4110 Spiritus
3636 4040 3725 4110 qui

2145 4139 2311 4186 tecum
2368 4131 2492 4184 vivit
2538 4137 2587 4182 et
2632 4127 2933 4193 cohabitat,
2989 4146 3020 4182 a
3068 4144 3170 4197 quo
3221 4126 3509 4181 ventilatus
3545 4143 3727 4180 omnes

2145 4224 2316 4277 hostes
2346 4224 2628 4285 comburis,
2663 4236 2975 4290 omnemque
3004 4221 3290 4289 regionem,
3320 4234 3523 4272 omnem
3545 4217 3727 4271 urbem

2145 4323 2453 4370 exterarum
2509 4313 2780 4366 devastas.
2817 4309 3102 4379 Nunquam
3133 4311 3315 4380 igitur,
3352 4307 3467 4362 licet
3495 4308 3728 4363 maribus

2147 4405 2389 4458 barbaris
2419 4405 2475 4457 in
2504 4404 2710 4474 ﬂuxum
2760 4418 2821 4455 ac
2872 4404 3133 4472 reﬂuxum
3162 4401 3505 4469 agitantibus,
3535 4399 3728 4471 ﬂuvius

467 4511 693 4562 quarum
720 4511 851 4548 onus
885 4491 1134 4546 Hercules
1163 4508 1283 4547 cum
1311 4493 1539 4546 humeris
1565 4492 1826 4560 subiisset,
1858 4497 2046 4549 Attan-
2079 4505 2123 4560 ι)
2153 4492 2385 4545 decurrit
2439 4500 2487 4544 et
2543 4498 2750 4544 torrens
2795 4492 3017 4561 ﬂuctuat
3065 4505 3181 4542 cum
3236 4499 3390 4544 acuto
3431 4489 3654 4544 stridore
3680 4500 3729 4542 et

469 4596 570 4640 tun
602 4604 704 4640 non
739 4586 1073 4640 mediocriter
1099 4584 1404 4639 sublevavit.
1438 4585 1517 4671 Tu
1553 4595 1751 4651 autem,
1794 4588 1886 4657 qui
1912 4589 2046 4641 inte-

468 4695 621 4747 grum
674 4678 815 4731 orbis
860 4687 1127 4731 terrarum
1169 4693 1300 4730 onus
1329 4684 1534 4747 portas,
1564 4690 1613 4730 et
1643 4679 1790 4732 ducis
1831 4694 2048 4733 munere

469 4770 724 4839 fungaris,
745 4769 949 4840 pondus
962 4768 1108 4822 solus
1119 4778 1322 4838 portas,
1345 4764 1574 4821 Hercule
1600 4769 1734 4822 nihil
1760 4769 1998 4839 indigens
2027 4787 2046 4834 ;

470 4864 578 4914 imo
607 4862 676 4913 ad
726 4873 1019 4914 extremam
1050 4875 1214 4931 usque
1267 4866 1482 4913 tetatem
1516 4875 1611 4925 pro
1644 4876 1704 4912 eo
1730 4864 1867 4928 quod
1897 4869 2046 4914 tuum

469 4963 543 5006 est
576 4952 929 5007 membrorum
958 4953 1398 5022 humerorumque
1428 4950 1608 5015 robur,
1648 4960 1910 5019 portares.

541 5043 796 5099 Nouimus
811 5041 936 5096 solis
947 5041 1357 5113 splendescentis
1389 5048 1583 5100 ortum.
1602 5040 1694 5095 sed
1724 5052 1771 5094 et
1791 5042 1953 5112 ipsius
1967 5059 2051 5095 or-

471 5152 652 5191 casum
701 5144 749 5187 et
778 5135 975 5188 sociam
1018 5143 1219 5187 noctem
1248 5134 1601 5204 cognovimus.
1648 5132 1867 5187 Omnem
1898 5135 2049 5187 modo

458 5236 673 5283 terram
725 5228 922 5281 lumine
972 5225 1232 5295 ineffabili
1278 5225 1560 5289 illustrat,
1618 5227 1769 5278 modo
1831 5228 2050 5281 nubibus

470 5322 763 5376 occultatus
816 5335 1031 5389 prorsus
1094 5318 1302 5386 deficit;
1358 5327 1407 5371 et
1465 5318 1568 5371 diei
1617 5319 1825 5388 quidem
1881 5323 2052 5374 curri-

470 5414 587 5469 culo
612 5424 820 5482 peracto
852 5412 1130 5483 fatigatur,
1154 5418 1311 5466 noctu
1340 5419 1516 5464 autem
1560 5412 1613 5463 in
1644 5409 1841 5465 Oceani
1884 5414 2053 5482 ﬂuen-

474 5508 540 5559 tis
579 5504 815 5559 lavatur.
863 5502 941 5557 Tu
973 5510 1157 5557 contra
1193 5499 1269 5554 nil
1310 5499 1458 5553 aliud
1503 5515 1663 5569 quam
1699 5502 1886 5565 oriris,
1917 5519 2052 5555 nun-

471 5612 647 5668 quam-
679 5594 890 5663 occidis,
931 5595 1088 5665 idque
1139 5604 1303 5662 usque
1337 5594 1407 5644 ad
1452 5590 1573 5644 vitae
1608 5593 1883 5654 terminos,
1924 5601 1972 5646 et
2006 5596 2052 5647 si

472 5687 683 5759 quando
716 5686 901 5741 balneo
932 5701 1063 5756 opus
1111 5684 1287 5749 habes,
1321 5680 1465 5736 haud
1501 5681 1656 5734 undis
1686 5682 1931 5744 marinis,
1962 5683 2053 5735 sed

480 5778 792 5832 tuo-sudore
824 5776 1044 5833 lavaris.
1094 5776 1237 5848 Ignis
1290 5787 1394 5826 non
1446 5770 1669 5825 moritur
1725 5774 1813 5826 ubi
1853 5772 2051 5841 lignum

1014 6022 1041 6041 ἥ

2153 4598 2309 4634 cursu
2342 4582 2553 4651 rapido,
2582 4596 2716 4634 saxa
2748 4579 2979 4640 volvens,
3013 4580 3329 4651 arboresque
3348 4579 3620 4635 divellens.
3661 4578 3727 4633 At

2154 4674 2312 4727 arbor
2338 4690 2531 4743 magna
2567 4682 2660 4728 aut
2687 4689 2873 4728 saxum
2901 4673 3217 4728 sceleratum
3258 4676 3342 4727 ubi
3374 4674 3725 4735 interciderit,

2155 4766 2402 4832 reprimet
2447 4781 2679 4818 cursum.
2746 4770 2811 4820 Te
2861 4776 3071 4829 autem,
3129 4766 3435 4836 gratiarum
3487 4764 3732 4835 pelagus,

2157 4864 2475 4924 tropaeorum
2543 4859 2783 4927 ﬂumen,
2857 4859 2990 4913 nihil
3044 4857 3205 4928 plane
3273 4874 3375 4926 quo
3440 4858 3610 4910 minus
3676 4856 3729 4908 iit

2155 4945 2360 4998 hostem
2404 4962 2528 5001 ruas
2578 4949 2849 5018 impedivit
2893 4970 2903 5004 :
2938 4965 3043 5002 non
3074 4948 3291 5018 offensa,
3332 4963 3436 5000 non
3496 4948 3727 5007 niorbns,

2157 5054 2263 5091 non
2295 5049 2598 5108 tempestas,
2624 5057 2726 5093 non
2752 5041 2967 5109 glacies,
3006 5057 3109 5093 non
3158 5034 3345 5101 imber,
3393 5055 3495 5090 non
3531 5037 3732 5091 calores

2160 5132 2343 5195 aestivi,
2372 5142 2466 5186 aut
2499 5130 2630 5187 Sirii
2658 5135 2899 5203 ﬂamma.
2933 5148 3036 5185 non
3077 5135 3278 5185 viarum
3308 5134 3604 5201 asperitas;
3642 5136 3734 5183 sed

2160 5223 2439 5278 victoriam
2502 5223 2673 5279 solam
2736 5226 2797 5277 ob
2862 5225 3037 5276 oculos
3105 5224 3342 5286 habens,
3401 5232 3451 5276 et
3524 5223 3731 5289 imperii

2128 5297 2501 5386 raugm‘entum
2555 5316 2814 5370 meditans
2865 5332 2955 5370 ceu
3007 5316 3086 5369 leo
3125 5332 3246 5369 cum
3288 5312 3487 5384 ﬁducia
3544 5321 3730 5368 contra
3771 5306 3779 5313 ”

2159 5407 2485 5478 alienigenas
2516 5406 2862 5479 proﬁcisceris
2883 5449 2898 5473 ,
2926 5406 3165 5462 omnibus
3194 5405 3475 5461 obstaculis
3503 5414 3730 5459 contem—

2158 5504 2297 5569 ptis,
2352 5499 2561 5571 Virgine
2625 5501 2764 5554 socia
2812 5509 2862 5555 et
2910 5502 3314 5573 propugnatrice
3362 5497 3533 5559 ﬁsus,
3586 5500 3739 5561 cuius

2159 5592 2360 5647 auxilio
2386 5609 2451 5646 ea:
2495 5595 2638 5648 onmi
2664 5609 2780 5647 cum
2806 5593 3039 5649 hostibus
3065 5606 3341 5663 congressu
3363 5590 3523 5647 victor
3561 5603 3737 5640 rever-

2162 5685 2310 5741 teris.
