4078 6380
310 281 446 348 I367

1507 285 1910 347 THEODORI
1943 287 2352 350 PRODROMI

3433 283 3578 352 1368

374 394 559 448 Πάντα
597 393 694 464 μὲν
728 386 822 446 οὖν
873 393 1156 449 κατανοῶν
1189 390 1434 466 θάμϐους
1482 395 1594 466 ἐγὼ
1642 397 1880 470 πλιηροῦ-
1907 400 1958 464 Α
1986 405 2080 470 Είς
2101 405 2304 476 βρῶσιν
2325 404 2385 458 ού
2408 404 2518 464 τοῖς
2538 403 2894 470 γογγυσταῖς.
2921 401 3057 454 ἀλλά
3077 402 3188 466 τοῖς
3210 402 3580 473 εὐχαρίστως,

300 579 420 648 Ἰνην
448 577 546 632 νῦν
580 578 762 650 ὁρμήν
785 595 902 642 σου,
938 567 1183 649 βασιλεῦ,
1219 578 1318 650 τὴν
1350 581 1474 634 κατ’
1496 489 1882 655 ἔχθρώῑθιῗάν-

1581 673 1634 746 [θ
1643 674 1785 729 ἀνων
1796 714 1808 730 .

311 763 470 816 Ἀ),λά
505 762 602 816 καὶ
635 762 911 834 βράξομαι
938 762 1075 818 πολὺ
1101 767 1168 835 τῇ
1203 766 1352 840 λύπῃ
1386 769 1455 839 τῇ
1482 767 1707 838 καρδίᾳ,

299 855 425 909 Ὀτι
455 856 730 926 στερεῖται
760 855 926 910 πάλιν
957 872 1054 910 σου
1079 856 1180 927 τῆς
1219 857 1351 922 θέας
1386 861 1414 912 ὁ
1441 859 1573 922 λαός
1608 876 1726 924 σου,

298 947 587 1018 Στερεῖται
621 947 732 1001 τῶν
767 948 1010 1020 χαρίτων
1050 965 1147 1002 σου
1183 951 1281 1004 καὶ
1306 951 1422 1004 τῶν
1455 951 1850 1022 ὀμιλημάτων’

298 1039 410 1092 Καὶ
443 1039 584 1106 μετά
610 1041 760 1110 τρεῖς
785 1041 1073 1105 ἐνιαυτοὺς
1102 1041 1259 1111 μόλις
1294 1042 1492 1112 μικρὸν
1530 1043 1655 1096 ἰδών
1685 1058 1744 1094 σε

300 1131 439 1200 Πρὶν
459 1132 694 1186 κατιδὼν
721 1133 1073 1204 τρανότερον,
1111 1129 1272 1197 αὖθις
1303 1133 1660 1206 ἀνήρπασται
1699 1149 1782 1196 σε,

300 1225 412 1276 Kal
448 1223 588 1294 πρὸς
618 1223 716 1290 τὴν
750 1225 1108 1294 φρυκτωρίαν
1141 1242 1236 1278 σου
1273 1225 1476 1296 μικρὸν
1515 1225 1836 1287 ὲνατενίσας

303 1315 442 1387 Πρὶν
469 1315 858 1386 ὲλλαμφθῆναι
892 1315 1155 1386 καθαρῶς
1183 1315 1347 1380 εὐθὺς
1380 1314 1781 1385 ἀπετυφλώθη,

301 1407 414 1460 Kal
443 1407 573 1476 πρὶν
594 1405 841 1461 λαϐοῦσα
869 1408 994 1472 ταῖς
1026 1407 1217 1478 χερτὶν
1249 1405 1666 1476 ἀποσεσύληταί
1699 1423 1780 1472 σε,

301 1498 417 1552 Οὐκ
445 1497 650 1567 ἔφθασε
679 1497 926 1568 καθᾶραι
960 1517 1059 1552 σου
1098 1498 1199 1570 τὴν
1226 1499 1600 1571 αἱμαχθεῖσαν
1623 1498 1842 1570 σπάθην

313 1587 610 1662 Ἰσαυρικῷ
629 1629 645 1655 ,
676 1588 947 1660 Κιλικικῷ
979 1591 1074 1644 καὶ
1102 1589 1366 1662 Πάρθικῷ
1394 1590 1472 1660 τῷ
1494 1590 1698 1663 λύθρῳ,

301 1680 414 1736 Kal
442 1680 606 1735 πάλιν
628 1681 1016 1750 ήμιπάλακτον
1046 1681 1215 1754 αὐτὴν
1240 1682 1669 1752 ἀντιλαμϐάνεις

314 1773 408 1837 Ὠς
433 1773 765 1846 ἐπεμϐάφῃς
802 1774 998 1844 αἵματι
1033 1775 1105 1828 τά
1136 1775 1383 1846 πρότερα
1416 1774 1722 1846 δευτέροις.

305 1866 421 1919 Οὐκ
455 1863 655 1934 ἔφθασε
685 1864 786 1936 τὴν
822 1866 1032 1938 κόρυθα
1068 1867 1175 1938 πρὸ
1202 1866 1298 1920 τοῦ
1337 1865 1599 1937 μετώπου
1625 1866 1818 1928 θεῖναι,

303 1959 418 2012 Kal
449 1957 648 2030 μόρξαι
679 1960 801 2024 τοὺς
831 1961 1032 2030 ἱεροὺς,
1058 1961 1187 2025 τοὺς
1227 1960 1545 2032 βασιλικοὺς
1569 1961 1826 2031 ἱδρῶτας,

305 2051 418 2107 Kal
463 2051 530 2106 σὺ
563 2052 920 2124 σπασάμενος
958 2055 1155 2126 αὐτὴν,
1191 2054 1389 2120 ἄλλους
1441 2053 1626 2126 ἱδροῦν
1655 2053 1895 2107 σπουδά-

1656 2145 1831 2219 [Cum

305 2233 416 2289 Ναὶ
441 2236 556 2301 ναὶ,
588 2236 682 2292 καὶ
710 2238 769 2291 τὸ
799 2231 1145 2309 βραχύτατον
1173 2239 1274 2310 τῆς
1300 2240 1400 2309 σῆς
1433 2239 1732 2311 ἐπιδημίας

321 2327 739 2398 Ἀναριθμὴτων
760 2329 968 2400 ἔπλησε
992 2331 1094 2402 τὴν
1135 2331 1292 2385 πόλιν
1319 2349 1416 2386 σου
1441 2332 1686 2405 χαρίτων
1706 2347 1720 2362 °

313 2421 420 2472 Ἴδε
444 2435 504 2472 σε
528 2422 639 2485 πᾶς
662 2422 962 2494 ἀδικηθεὶς,
994 2425 1092 2478 καὶ
1122 2423 1475 2477 δεδικαίωται
1515 2441 1600 2476 σοι
1622 2440 1636 2455 ·

314 2511 422 2564 Ἴδε
445 2527 506 2565 σε
534 2514 644 2579 πᾶς
672 2515 996 2586 πενόμενος,
1026 2517 1120 2570 καὶ⁸
1159 2519 1243 2571 σοὶ
1273 2518 1738 2589 κατεπλουτίσθη.

323 2602 541 2670 Ἀγῶνα
570 2605 823 2669 τέθεικας
858 2607 1021 2660 καλὸν
1052 2609 1614 2680 τετραδιφρηλασίου,

314 2697 612 2766 Δημοχαρῆ
649 2698 966 2769 πανήγυριν
1001 2698 1104 2768 τῆς
1136 2700 1265 2769 ὅλης
1297 2702 1600 2767 πολιτείας,

320 2787 421 2842 "Ov
456 2787 552 2841 καὶ
580 2788 678 2858 τῆς
703 2790 959 2861 εὐτυχίας
995 2807 1112 2858 σου,
1141 2792 1406 2859 δέσποτα,
1447 2795 1641 2865 μάντιν
1669 2795 1862 2866 κρίνω,

314 2881 426 2934 Kal
449 2881 548 2951 τῆς
583 2880 890 2952 μελλούσης
924 2884 1045 2936 κατ’
1071 2882 1284 2954 ἐχθρῶν
1315 2883 1375 2949 ἐξ
1399 2885 1701 2960 ὁλοκλήρου
1725 2888 1904 2959 νίκης.

327 2971 845 3044 Ἐνυμφαγώγησας
875 2972 1149 3044 λαμπρῶς
1181 2976 1277 3029 καὶ
1309 2973 1621 3045 βασιλείους
1649 2979 1868 3049 γάμους

315 3059 440 3124 Τοῖς
470 3062 684 3126 τέκνοις
710 3101 726 3128 ,

1545 3161 1784 3235 [τέκνοις
1805 3183 1820 3198 ο

316 3248 618 3313 Βασιλικάς
648 3249 970 3319 ἒξήπλωσας
1001 3252 1261 3322 λαμπράς
1295 3253 1650 3324 δημοθοινίας
1673 3274 1688 3288 ·

319 3339 629 3412 Ἐῥρευσας
649 3341 793 3396 οἴνου
825 3346 1108 3412 ποταμοὺς
1142 3347 1223 3406 είς
1253 3345 1434 3409 πάσας
1467 3351 1565 3410 τάς
1591 3348 1897 3418 ἀμφόδους,

317 3435 646 3506 ιιροῦθηκας
666 3435 814 3491 ἆπαν
845 3437 1094 3490 πετεινδν
1129 3437 1203 3500 ὡς
1229 3439 1292 3490 ὲκ
1331 3437 1534 3508 βροχῆς
1559 3439 1756 3510 ἑτέρας

395 3593 517 3647 Ηιινσ
542 3594 720 3645 omnia
741 3592 866 3645 dum
887 3603 1060 3646 mente
1085 3592 1254 3656 volvo,
1287 3604 1550 3665 stupesco,
1577 3613 1682 3667 quo
1709 3599 1908 3662 animo,

251 3713 261 3729 ς
321 3701 426 3756 quo
469 3685 668 3752 impetu
712 3683 885 3736 hostes
921 3684 1150 3736 adoriris
1180 3724 1194 3748 ,
1247 3685 1447 3738 videns.
1500 3683 1700 3754 Magno
1733 3694 1913 3740 autem

318 3775 479 3830 simul
521 3789 743 3828 mcerore
774 3791 864 3828 cor
909 3775 1203 3839 mordetur,
1244 3779 1383 3845 quod
1415 3779 1639 3848 populus
1689 3787 1807 3832 tuus
1837 3778 1915 3832 tui

320 3868 519 3921 diutius
558 3865 767 3920 videndi
807 3865 1094 3937 voluptate,
1123 3868 1264 3937 quod
1305 3876 1392 3921 tuo
1423 3869 1754 3932 commercio,
1794 3883 1917 3922 con-

320 3963 618 4016 versatione
652 3962 924 4033 privatur.
963 3961 1064 4018 Vix
1099 3966 1238 4018 enim
1278 3981 1372 4036 per
1409 3973 1514 4018 tres
1553 3967 1704 4018 hosce
1748 3980 1916 4019 annos

323 4063 376 4105 te
405 4053 696 4122 conspexit,
733 4060 784 4106 et
824 4068 939 4106 ecce
968 4054 1160 4108 iterum
1187 4063 1235 4108 te
1259 4055 1540 4110 abeuntem
1595 4054 1757 4118 dolet,
1785 4056 1915 4124 quia

324 4155 418 4197 tua
448 4145 550 4214 ipsi
573 4143 744 4215 gloria
771 4144 880 4214 frui
927 4161 1032 4198 non
1066 4146 1226 4200 datur
1257 4147 1409 4216 cujus
1457 4149 1627 4202 nitore
1665 4146 1918 4203 mortales

324 4237 556 4306 percussi
599 4238 898 4294 catcutiunt.
922 4235 1183 4292 lieulvix
1221 4255 1399 4294 ensem
1451 4249 1621 4299 tuum.
1650 4239 1908 4303 Isaurico,

778 3064 893 3127 τοῖς
951 3063 1198 3134 ἀνεψιοῖς
1219 3103 1234 3130 ,
1265 3066 1363 3120 καὶ
1399 3068 1510 3128 τοῖς
1556 3067 1665 3122 τῶν
1693 3069 1903 3125 τέκνων
1929 3096 1975 3158 c

1986 499 2098 552 Kal
2127 501 2236 554 πᾶν
2266 496 2576 567 τετράπουν
2601 495 2835 565 βάσιμον
2858 497 3042 564 πάσης
3063 496 3344 566 θαλάσσης
3371 498 3579 568 ἄγραν,

1987 589 2273 652 ιὶαντοίοις
2306 587 2592 658 ηῠφρανας
2638 587 2790 656 ἡμᾶς
2821 586 3026 650 είδέαις
3051 585 3425 656 δωρημάτων.

1999 680 2162 734 Ἀλλά
2185 683 2285 750 τῆς
2317 680 2682 750 ἐκστρατείας
2715 695 2814 732 σου
2837 678 2900 731 τὸ
2935 677 3490 748 κατεσπουδασμένον

1991 770 2095 824 Τὸν
2127 769 2321 838 λύχνον
2347 768 2570 822 ἔσϐεσεν
2600 770 2735 840 ἡμῖν
2761 769 2858 837 τῆς
2888 766 3016 837 ὅλης
3052 767 3400 838 εὐφροσύνης
3424 782 3437 796 '

1989 861 2102 914 Kal
2132 860 2226 913 νῦν
2261 863 2318 913 ἑν
2349 859 2526 930 λύπης
2556 860 2790 928 ἀφεγγεῖ
2816 859 3238 928 περιπατοῦμεν
3269 857 3442 929 ζόφῳ.

1990 952 2138 1022 Πλὴν
2157 952 2270 1005 ἀλλ’
2301 950 2412 1018 ἐγὼ
2449 951 2554 1018 συὶ,
2587 951 2837 1018 βασιλεῦ,
2871 951 3078 1019 ἑτέρως
3107 951 3457 1021 ὑπερχαίρω,

1989 1043 2103 1095 Kal
2139 1043 2236 1112 τῆς
2259 1043 2440 1114 χαρᾶς
2473 1043 2533 1096 τὸ
2563 1042 2792 1114 μέγεθος
2827 1041 2948 1094 οὐδὲ
2976 1040 3272 1111 βαστάζειν
3303 1043 3437 1112 ἔχω,

1990 1133 2114 1188 Τῶν
2144 1133 2324 1188 πόνων
2355 1152 2450 1188 σου
2481 1134 2762 1188 κατανοῶν
2789 1133 2892 1198 τὰς
2915 1134 3162 1204 εὐτυχεῖς
3191 1133 3474 1198 ἐκϐάσεις,

1991 1227 2104 1281 Kal
2141 1227 2252 1280 τῶν
2283 1227 2692 1296 ἀγωνισμάτων
2727 1243 2821 1279 σου
2850 1223 3185 1299 προθεωρῶν
3213 1227 3279 1279 τὰ
3304 1226 3438 1294 τέλη
3457 1243 3471 1258 ·

1993 1319 2106 1374 Kal
2131 1318 2350 1388 γίνομαί
2375 1334 2457 1371 σοι
2491 1317 2771 1389 Πρόδομος
2796 1320 2824 1371 ὀ
2855 1317 3158 1388 προφητῶν
3185 1318 3475 1386 ἀκρέμων,

1996 1413 2106 1467 Kal
2136 1412 2502 1482 προφητεύων
2532 1410 2789 1481 προλαλῶ
2812 1411 2907 1464 καὶ
2941 1411 3442 1480 προανακηρύττω,

2007 1505 2099 1568 Ὠς
2125 1506 2278 1558 πᾶσα
2311 1503 2590 1574 βάρϐαρος
2614 1504 2772 1573 ίσχὺς
2805 1503 3218 1573 ὑποταγήσεται
3251 1520 3356 1568 σοι,

1998 1595 2111 1650 Καὶ
2151 1597 2257 1659 πᾶς
2287 1594 2587 1665 ἀλλόφυλος
2614 1594 2788 1665 αὐχὴν
2815 1593 3255 1664 ὑποδεχθήσεταί
3285 1611 3390 1648 σοι.

1999 1689 2191 1760 Χῶραι
2221 1688 2317 1744 καὶ
2344 1687 2552 1754 πόλεις,
2589 1687 2718 1758 ἔθνη
2743 1689 2837 1741 καὶ
2864 1689 3040 1741 πᾶσαι
3074 1685 3424 1740 δουλεύσουσί
3453 1703 3535 1740 σοι
3567 1700 3585 1720 ο

1927 1746 1969 1805 Β
2000 1746 2114 1835 Kal
2139 1781 2322 1852 θήσεις
2353 1783 2452 1851 μὲν
2479 1746 2580 1852 την
2607 1746 2838 1836 ἔπαυλιν
2866 1779 2968 1850 τῆς
3003 1779 3240 1850 σοϐαρᾶς
3267 1779 3530 1849 Περσίδος

2009 1872 2099 1936 Ὠς
2120 1871 2576 1943 ὀπωροφυλάκιον
2601 1873 2692 1925 ἐπὶ
2717 1870 3066 1939 συκυηλάτῳ,

2007 1961 2098 2024 Ὦς
2121 1961 2337 2032 ἔρημον
2352 1964 2446 2016 καὶ
2483 1961 2748 2032 ταπεινὴν
2772 1962 2979 2032 σκηνὴν
3008 1964 3065 2014 ὲν
3087 1960 3373 2030 ἀμπελῶνι
3393 1976 3408 1990 ⁸

1999 2053 2269 2121 Αύξήσεις
2292 2053 2349 2106 δὲ
2373 2054 2471 2123 τὴν
2503 2053 2754 2124 ἄμπελον
2789 2054 2889 2122 τῆς
2913 2052 3190 2120 νεωτέρας
3235 2048 3480 2120 Ῥώμης,

2001 2145 2077 2196 Τὸ
2112 2144 2298 2214 κλῆμα
2329 2147 2491 2215 μέχρι
2524 2143 2820 2198 θαλασσῶν
2859 2143 2954 2197 καὶ
2983 2143 3086 2206 τὰς
3113 2143 3482 2214 παραφυάδας

2000 2239 2294 2307 Μεγίστων
2332 2237 2460 2309 ἄχρι
2501 2238 2762 2308 ποταμῶν
2791 2237 2934 2292 κατά
2964 2234 3065 2306 τὴν
3101 2235 3460 2306 προφητείαν.

2006 2332 2200 2385 Ἔσται
2223 2331 2278 2386 δὲ
2313 2329 2439 2394 δόξα
2489 2332 2523 2400 ἡ
2553 2333 2762 2386 τούτων
2783 2329 2892 2383 τῶν
2922 2329 3060 2382 νέων
3095 2345 3190 2382 σου
3219 2327 3499 2400 τροπαίων

2017 2422 2192 2493 ’Υπὲρ
2218 2423 2318 2486 τὰς
2350 2424 2593 2494 πρώτας,
2637 2420 2884 2492 βασιλεῦ,
2918 2421 2951 2490 ἡ
2983 2422 3076 2473 νέα
3107 2421 3202 2474 καὶ
3226 2419 3478 2490 δευτέρα,

2004 2516 2117 2570 Kal‘
2148 2515 2419 2585 θρίαμϐον
2451 2513 2771 2585 παμϐόητον
2799 2513 3215 2585 ἐπιτελέσωμεν
3251 2528 3360 2576 σοι,

2006 2604 2132 2672 Οἷος
2154 2608 2370 2662 οὐδέπω
2399 2609 2626 2675 γέγονεν
2654 2608 2761 2662 ἀνὰ
2791 2607 2921 2665 τοὺς
2956 2605 3126 2658 πάλαι
3150 2604 3401 2674 χρόνους,

2006 2701 2120 2754 Οὐκ
2150 2700 2246 2752 ἐπὶ
2277 2697 2498 2770 Ῥώμης
2522 2699 2618 2766 τῆς
2651 2697 2842 2768 γραὸς,
2871 2698 2980 2751 οὐδ’
3002 2697 3088 2750 ἐπ’
3111 2697 3283 2765 αὐτῆς
3324 2693 3596 2758 Ἑλλάδος·

2007 2790 2182 2854 Κάγὼ
2219 2790 2264 2844 δ’
2286 2793 2314 2844 ό
2345 2789 2520 2843 ταῦτα
2543 2790 2872 2860 προσλαλῶν
2907 2789 3002 2844 καὶ
3031 2791 3563 2858 προανακηρύσσων,

2007 2881 2237 2946 Βίϐλους
2264 2883 2617 2953 ὲγγράψομαι
2651 2881 2855 2944 πολλὰς
2888 2881 2999 2936 τῶν
3025 2880 3135 2934 σῶν
3166 2883 3456 2934 ἐπινικίων

2019 2975 2371 3047 Ἐμμέτρους
2396 2974 2512 3044 ἅμα
2542 2975 2638 3029 καὶ
2667 2974 2864 3039 πεζὰς,
2886 2966 2961 3028 ὧν
2987 2973 3020 3043 ἡ
3050 2973 3275 3043 φροντίς
3299 2988 3391 3041 μοι
3408 2971 3596 3040 γέμει.

2079 3068 2254 3139 Βούλῃ
2276 3067 2460 3138 φωνὴν
2479 3066 2860 3138 προδρομικὴν
2875 3068 3096 3128 καὶτοῖς
3119 3064 3336 3135 ἐχθροῖς
3359 3063 3558 3132 ἀφήσω
3579 3079 3596 3128 ;

2007 3159 2334 3226 Γεννήματα
2356 3158 2468 3212 τῶν
2495 3157 2744 3228 ἐχιδνῶν,
2771 3157 2872 3228 ἠδη
2899 3159 3235 3227 μετανοεῖτε,

2017 3253 2260 3320 Ἥγγικε
2287 3249 2398 3321 γὰρ
2420 3249 2516 3302 καὶ
2548 3248 2686 3320 πρὸς
2718 3249 2864 3318 ὑμᾶς
2893 3248 2928 3317 ἡ
2960 3248 3079 3300 θεία
3113 3245 3385 3317 βασιλεία,

2018 3343 2079 3397 Ὅ
2103 3341 2330 3412 νικητὴς
2366 3345 2393 3394 ὁ
2422 3341 2712 3410 Κομνηνδς
2745 3339 3015 3407 δεσπότης
3059 3340 3317 3405 Ἰωάννης
3343 3351 3358 3369 ⁶

2021 3437 2222 3504 Ἐγγὺς
2251 3435 2383 3504 ἡμῖν
2407 3435 2435 3486 ὁ
2472 3433 2722 3502 γεωργὸς
2758 3431 2920 3495 αὐτὸς
2961 3432 2988 3484 ὁ
3019 3431 3367 3501 στεφηφόρος

2018 3595 2293 3660 obtulisti;
2328 3594 2420 3649 sed
2443 3595 2583 3664 quod
2631 3601 2813 3649 castra
2856 3593 3056 3658 iugiter
3094 3592 3347 3662 sequeris,
3402 3590 3603 3647 lwtitite

2019 3688 2196 3742 lumen
2239 3688 2514 3753 exstinxit,
2543 3689 2620 3740 ita
2657 3697 2712 3740 ut
2736 3688 3201 3754 inpraesentiarum
3239 3685 3380 3740 luctu
3415 3686 3601 3755 ineffa-

2023 3779 2116 3832 bili
2151 3793 2479 3847 premamur.
2536 3775 2639 3832 Sed
2670 3789 2746 3831 est
2771 3817 2786 3842 ,
2815 3795 2845 3832 o
2872 3779 3185 3846 imperator,
3227 3758 3364 3845 quod
3395 3791 3604 3830 summo

2016 3873 2313 3946 perfundar
2343 3873 2565 3942 gaudio,
2592 3873 2808 3943 quando
2832 3888 3012 3930 rerum
3044 3883 3256 3926 tuarum
3295 3885 3604 3941 prosperum

2015 3975 2214 4022 statum
2231 3965 2444 4018 intueor
2461 3973 2510 4018 et
2536 3965 2886 4017 certaminum
2904 3972 3116 4016 tuorum
3140 3960 3302 4029 finem
3324 3961 3604 4024 conspicio.

2017 4059 2151 4113 Ecce
2169 4075 2195 4112 e
2224 4055 2518 4114 Prodromo
2545 4057 2633 4126 qui
2683 4072 2823 4118 sum,
2848 4055 3226 4126 prophetarum
3251 4053 3441 4122 aliquis
3461 4053 3534 4120 ﬁo
3551 4052 3605 4106 id

2016 4151 2306 4220 pra'dicens
2349 4148 2492 4219 quod
2523 4148 2693 4201 omnis
2734 4149 2810 4202 vis
2845 4147 3200 4202 barbarorum
3245 4145 3342 4200 tibi
3391 4143 3604 4198 subdita

2018 4242 2146 4308 erit,
2194 4255 2348 4293 omne
2401 4239 2596 4294 collum
2661 4239 3018 4308 alienigenum
3063 4237 3158 4290 tibi
3208 4235 3602 4306 subjugabitur.

322 4328 528 4393 Cilicio,
570 4325 818 4382 Parthico
847 4345 1035 4382 cruore
1091 4347 1388 4399 aspersum,
1419 4331 1632 4385 lavacro
1682 4346 1913 4401 purgare
2025 4331 2090 4386 Et
2137 4348 2318 4385 revera
2384 4332 2622 4400 regiones
2673 4338 2721 4382 et
2770 4329 2920 4384 urbes
2975 4329 3066 4382 tibi
3125 4328 3353 4380 servient
3407 4333 3454 4378 et
3505 4323 3607 4378 vil-

328 4421 498 4486 licuit,
532 4430 581 4475 et
609 4437 723 4473 ecce
773 4421 963 4475 iterum
1015 4423 1253 4493 stringis,
1296 4439 1428 4477 novo
1476 4439 1595 4476 eum
1653 4426 1914 4490 sanguine
1949 4426 1990 4480 D
2021 4423 2127 4479 lam
2152 4425 2402 4494 fastuoste
2436 4422 2634 4476 Persia:
2662 4436 2821 4488 pones
2843 4430 2897 4474 ut
2928 4419 3228 4490 pomarium
3254 4417 3454 4486 [ictibus
3478 4431 3606 4469 con.

327 4510 935 4583 respersurus.Caleam
958 4513 1050 4566 tibi
1081 4514 1145 4566 de
1172 4515 1346 4584 capite
1373 4513 1580 4568 demere
1613 4521 1660 4568 et
1678 4515 1922 4567 sudorem
2023 4515 2206 4574 situm,
2251 4514 2383 4566 sicut
2424 4511 2705 4564 tentorium
2737 4508 2932 4566 humile
2978 4511 3030 4563 in
3088 4508 3263 4562 vinea.
3316 4505 3394 4560 Tu
3428 4513 3607 4557 autem

330 4605 528 4674 regium
554 4610 793 4666 sanctum
826 4603 890 4655 de
919 4603 1092 4672 fronte
1121 4605 1416 4674 abstergere
1441 4606 1526 4658 vix
1548 4604 1718 4667 licuit,
1740 4615 1786 4656 et
1800 4604 1921 4674 jam

331 4715 490 4753 novos
508 4697 618 4750 abis
634 4694 953 4750 collecturus
967 4698 1200 4750 sudores.
1228 4695 1347 4751 Non
1368 4705 1416 4750 te
1433 4699 1565 4768 fugit
1584 4705 1782 4768 quanto
1797 4712 1918 4766 θητι-

328 4790 440 4848 dio,
465 4789 591 4841 dum
619 4787 761 4840 inter
777 4802 872 4840 nos
896 4790 1196 4853 morabare,
1225 4796 1395 4842 totam
1419 4791 1599 4842 urbem
1617 4789 1917 4860 repleveris.

336 4880 648 4950 Quicunque
685 4880 740 4932 in
787 4879 912 4948 jure
941 4896 1036 4934 suo
1081 4879 1235 4934 lwsus
1265 4888 1312 4934 te
1345 4881 1498 4944 adiit,
1531 4891 1620 4936 tuo
1647 4881 1796 4936 ltetus
1827 4882 1919 4935 ad-

256 5031 268 5040 .
331 4974 574 5043 jumeuto
617 4971 845 5025 recessit.
889 4971 1114 5028 Accessit
1153 4971 1222 5024 ad
1264 4981 1314 5026 te
1343 4987 1534 5042 egenus
1562 5011 1576 5035 ,
1638 4989 1698 5026 ac
1725 4973 1922 5027 ditatus

337 5071 430 5124 abs
461 5080 508 5124 te
549 5086 785 5123 reversus
820 5077 919 5123 est.
973 5069 1254 5124 Certamen
1306 5067 1627 5138 proposuisti
1655 5067 1921 5136 egregium

301 5163 721 5232 ‘quadrigarum
749 5160 818 5214 ad
845 5161 1246 5214 delectationem
1281 5159 1484 5228 populi.
1521 5157 1661 5210 Bene
1683 5158 1773 5210 tibi
1801 5158 1922 5209 hinc

341 5266 615 5318 auguror;
642 5250 771 5318 felix
801 5266 1033 5314 namque
1063 5251 1167 5300 eris
1196 5258 1243 5300 et
1266 5263 1330 5304 ex
1360 5247 1593 5299 hostibus
1625 5247 1920 5312 triumpha-

339 5341 440 5394 liis.
487 5339 655 5393 Filios
694 5350 812 5392 tuos
849 5349 896 5392 et
941 5341 1082 5408 filios
1124 5338 1361 5407 filiorum
1406 5338 1695 5408 splendidis
1727 5338 1919 5404 nuptiis

329 5432 598 5500 junristi;
651 5433 960 5487 lautissimis
1015 5432 1266 5502 populum
1303 5432 1524 5499 dapibus
1573 5429 1838 5496 excepisti,
1873 5440 1919 5481 et

337 5527 444 5578 viui
480 5526 649 5591 ﬂat-iis
677 5523 1070 5578 multitudinem
1101 5525 1437 5579 humectasti.
1465 5523 1657 5576 Misisti
1686 5521 1918 5575 volucres

337 5619 470 5669 sicut
500 5631 593 5683 per
626 5617 861 5682 pluviam
897 5632 998 5670 nou
1045 5617 1520 5676 murmurantibus,
1557 5614 1648 5667 sed
1686 5612 1919 5679 beneﬁcii

341 5707 679 5771 plenioribus,
733 5716 782 5762 et
832 5709 1197 5781 quadrupedes
1251 5709 1486 5762 marinos
1519 5705 1670 5762 dulce
1717 5705 1913 5759 donum

2026 4605 2239 4674 augebis
2283 4604 2492 4656 vineam
2525 4617 2670 4656 nova:
2724 4600 2936 4667 Romae;
2966 4607 3297 4654 sarmentum
3341 4611 3505 4666 usque
3535 4597 3605 4650 ad

2026 4709 2196 4755 mare,
2231 4692 2552 4761 propagines
2584 4705 2747 4760 usque
2775 4690 2844 4742 ad
2880 4689 3118 4743 maxima
3139 4689 3387 4759 flumina,
3423 4701 3610 4740 secuno

2025 4784 2146 4835 dum
2179 4782 2533 4852 prophetiam.
2573 4780 2692 4834 Erit
2740 4790 2919 4834 autem
2948 4780 3118 4849 gloria
3164 4776 3397 4833 secunda
3422 4777 3608 4830 horum

2026 4882 2344 4940 tropteorum
2372 4874 2546 4943 major
2573 4874 2745 4942 prima
2766 4913 2780 4934 ,
2811 4880 2859 4924 et
2893 4871 3216 4940 triumphum
3247 4871 3300 4924 in
3341 4878 3483 4922 tuum
3517 4866 3609 4919 ho-

2026 4979 2206 5017 norem
2239 4964 2567 5032 parabimus,
2592 4963 2804 5033 qualem
2829 4963 3124 5018 antiquitas
3163 4976 3267 5014 non
3312 4959 3468 5022 vidit,
3503 4973 3607 5011 non

2036 5057 2228 5119 Roma,
2269 5073 2371 5109 non
2401 5056 2604 5111 (ἐνατία
2631 5064 2797 5108 vetus.

2097 5148 2207 5217 Ego
2243 5157 2419 5200 autem
2449 5147 2536 5214 qui
2565 5147 2673 5200 haec
2695 5147 2946 5216 praedico,
2976 5145 3147 5199 multa
3174 5141 3447 5197 volumina
3480 5154 3609 5209 poe-

2025 5241 2126 5292 tico
2169 5251 2261 5293 aut
2317 5237 2544 5307 pedestri
2592 5254 2834 5291 sermone
2861 5245 3087 5292 exarata
3145 5249 3454 5305 compartum
3505 5241 3609 5284 tua:

2026 5333 2200 5387 laudis
2228 5332 2404 5398 plena.

2112 5425 2262 5478 Visne
2294 5441 2374 5478 me
2411 5423 2694 5487 Prodromi
2724 5439 2900 5476 vocem
2928 5420 3156 5474 inimicis
3203 5432 3404 5488 quoque
3437 5415 3610 5467 inten-

2024 5519 2145 5570 dere
2173 5517 2197 5569 Ρ
2229 5517 2508 5571 Cenimina
2540 5515 2870 5584 viperarum,
2923 5509 3282 5581 paenitentiam
3313 5508 3490 5576 agite;
3541 5503 3608 5556 ad

2021 5627 2108 5662 vos
2177 5610 2316 5661 enim
2364 5622 2568 5677 quoque
2616 5620 2836 5674 regnum
2880 5600 3324 5671 appropinquavit
3369 5595 3608 5654 caeleste;

2019 5701 2312 5756 Cunmenus
2373 5698 2536 5754 victor
2577 5697 2824 5754 dominus
2867 5693 3099 5748 Joannes
3160 5706 3322 5759 prope
3375 5703 3468 5745 nos
3498 5693 3608 5744 stat
