4078 6394
456 568 528 622 Ἣ
561 560 873 633 Χαλεπίτην
899 559 1161 629 πόλεμον,
1192 556 1225 627 ἢ
1253 551 1549 625 Σεζερίτην
1570 548 1750 619 νίκην,

458 653 534 712 Ἢ
564 675 619 711 τι
646 656 758 710 τῶν
806 649 1231 723 άπειροπληθῶν
1262 643 1626 716 Κομνηνικῶν
1659 638 1959 712 τροπαίων,

468 749 749 808 ’Λνὲπνεις
776 743 876 813 τὴν
895 744 1174 813 ἀφήγησιν
1202 739 1344 809 ὑπὲρ
1371 735 1534 790 αὐτὸν
1565 733 1731 803 ἀέρα,

467 837 759 907 Ἐσκίρτας
777 837 892 897 τοῖς
934 831 1300 900 ἀκούσμασιν,
1332 827 1573 898 ἠγάλλου
1598 824 1700 894 τὴν
1726 820 1987 891 καρδίαν,

455 929 596 982 Mill
628 925 882 999 οηλάζων
911 923 1101 993 ἔλεγες
1128 922 1224 976 καὶ
1250 921 1490 990 τρώγειν
1523 913 1832 985 ἀμϐροσίαν

458 1021 570 1077 Kal
601 1020 805 1092 νέκταρ
829 1020 972 1073 θεῖον
996 1016 1094 1072 καὶ
1121 1016 1378 1088 τερπνὸν,
1415 1012 1622 1085 βρῶσιν
1644 1006 1824 1061 αὐτῶν
1869 1002 2036 1071 ἀγγέ-

1576 1150 1595 1167 ,
1786 1096 1927 1170 [λων
1949 1110 1963 1124 ·

457 1202 571 1257 Kal
590 1203 852 1272 λήγοντος
868 1199 963 1255 τοῦ
1002 1201 1276 1268 λέγοντος,
1319 1195 1577 1267 ἡθύμεις,
1611 1191 1963 1261 ἠγανάκτεις.

457 1294 570 1347 Kal
595 1276 927 1365 παρεκάλεις
954 1291 1044 1345 τὸν
1071 1290 1262 1361 εἱρμὸν
1290 1285 1627 1341 ἀναλαϐόντα
1652 1282 1858 1349 λέγειν.

458 1384 720 1448 Τοιοῦτος
750 1381 820 1457 ἦς
854 1387 988 1455 περὶ
1020 1385 1170 1455 ἡμᾶς
1211 1384 1270 1436 ἐν
1296 1379 1473 1450 νεαρῷ
1490 1378 1565 1449 τῷ
1592 1377 1769 1447 χρόνῳ
1790 1391 1804 1406 ’

463 1477 582 1530 Νῦν
610 1476 667 1530 δὲ
697 1476 892 1547 παρὼν
919 1476 1016 1530 καὶ
1054 1472 1361 1543 συμπαρὼν
1388 1470 1536 1540 αὐτῷ
1576 1468 1655 1536 τῷ
1682 1465 2035 1536 στεφηφόρῳ,

463 1571 574 1625 Kal
606 1569 860 1642 καθορῶν
887 1568 1178 1628 αὐτότατος
1200 1565 1368 1619 αὑτοῦ
1404 1566 1502 1627 τὰς
1534 1561 1891 1631 στρατηγίας,

461 1663 574 1717 Kal
600 1661 818 1732 βλέπων
854 1661 1101 1729 ὄμμασιν
1131 1658 1314 1718 αὐτοῖς
1342 1655 1442 1719 τὰς
1463 1654 1550 1708 ἐπ’
1579 1654 1819 1716 ἐκείναις
1858 1650 2035 1714 νίκας,

462 1756 545 1806 Τὰ
576 1754 697 1808 καθ’
722 1752 938 1824 ἡμέραν
967 1752 1212 1823 τρόπαια
1240 1750 1334 1805 καὶ
1360 1749 1459 1812 τὰς
1484 1744 1876 1817 ἀνδραγαθίας,

462 1846 574 1914 Τὴν
596 1845 704 1899 τῶν
727 1844 898 1898 ἐθνῶν
932 1843 1270 1908 ὑπόπτωσιν,
1302 1842 1405 1910 τὴν
1436 1837 1690 1894 εὔκλειαν
1723 1834 2032 1904 Ῥωμαίων,

392 1956 397 1959 ·
462 1937 687 1991 Βλέπων
716 1938 807 1991 καὶ
833 1937 936 2005 γῆν
964 1934 1059 1989 καὶ
1090 1935 1373 1989 θάλασσαν
1404 1933 1498 1986 καὶ
1539 1928 1737 2000 λίμνας
1765 1926 2039 1995 δουλωμέο

1825 2016 1968 2090 [νας,

461 2121 680 2188 Λίμνας
702 2119 800 2184 τὰς
831 2118 1228 2189 ἀπειροϐαθεϊς
1269 2116 1371 2178 τὰς
1405 2109 1934 2184 ἀπειροθαλάσσους,

468 2211 574 2264 Kal
603 2210 702 2273 τὰς
739 2210 1163 2281 ἀπειροπόλιδας
1196 2209 1294 2261 καὶ
1322 2205 1423 2269 τὰς
1445 2200 1935 2275 ὰπειρανθρώπους

356 2373 365 2384 ο
465 2303 578 2367 Τὰς
601 2303 732 2373 πρὶν
759 2301 929 2357 ὲθνῶν
955 2302 1046 2355 καὶ
1064 2300 1345 2371 Περσικὰς
1367 2298 1461 2352 καὶ
1489 2296 1685 2365 μοίρας
1704 2289 2039 2359 ἀλλοφύλωνο

464 2393 581 2447 Νῦν
615 2394 672 2448 δὲ
691 2394 791 2464 τῆς
826 2392 1046 2463 Ῥώμης
1077 2394 1170 2445 καὶ
1200 2391 1408 2446 πιστῶν
1427 2391 1522 2444 καὶ
1544 2388 1742 2457 λάχους
1772 2384 2042 2454 ἡμετέρου

464 2487 575 2540 Kal
611 2486 805 2550 δούλας
836 2486 935 2555 τῆς
969 2484 1321 2556 Κομνηνικῆς
1345 2483 1562 2554 ἀμάχου
1593 2478 1936 2539 δυναστείας,

464 2579 577 2633 Kal
613 2579 709 2633 τοῦ
735 2578 968 2651 στεῤῥοῦ
993 2577 1297 2648 βραχίονος,
1324 2577 1415 2630 καὶ
1443 2577 1540 2645 τῆς
1562 2572 1731 2642 ἁδρᾶς
1756 2571 2038 2638 παλάμηςο

477 2671 603 2724 ’Enl
632 2671 690 2724 δὲ
717 2670 930 2734 τούτοις
958 2669 1182 2740 θεωρῶν
1208 2668 1305 2722 καὶ
1328 2666 1427 2728 τὰς
1461 2663 1702 2717 Κιλίκων
1734 2660 1919 2722 πόλεις

472 2763 572 2827 ’Άς
604 2761 899 2830 γενομένας
924 2760 1204 2830 πάρεργον
1226 2760 1293 2829 τῇ
1325 2755 1592 2827 βασιλέως
1626 2750 1831 2824 σπάθῃ,

467 2851 679 2921 Πέρσαι
709 2850 966 2914 λαθόντες
995 2849 1252 2920 ἔκλεψαν,
1276 2845 1667 2916 ἐπανηγμένας
1702 2841 1886 2903 πάλιν,

468 2943 581 2996 Καὶ
610 2944 746 3014 πρὸς
766 2944 865 3014 τὴν
890 2944 1052 3013 χεῖρα
1070 2941 1164 2995 τοῦ
1187 2941 1361 3011 Θωμᾶ
1380 2939 1544 2992 πάλιν
1572 2933 2042 3006 ὑποστραφείσας,

470 3036 681 3104 Ὀνπερ
711 3035 1010 3088 ἀπόστολον
1039 3032 1149 3102 ἐγὼ
1183 3032 1276 3087 τοῦ
1310 3031 1577 3103 βασιλέως
1600 3028 1762 3094 λέγω,

468 3127 544 3178 Οὐ
574 3126 696 3179 Δίδυ
708 3144 829 3197 μον,
859 3127 967 3180 οὐδ’
996 3127 1227 3181 ἄπιστον
1248 3125 1387 3179 κατὰ
1416 3124 1618 3192 Θωμᾶν
1644 3121 1735 3173 τὸν
1761 3118 2003 3190 πρῶτον,

1656 419 2063 494 ΤΗῈΟΒΟΒΙ
2104 417 2512 482 PRODROMI

2065 533 2116 590 Α
2140 535 2248 589 Τὸν
2276 532 2524 606 βρυχμδν
2554 528 2650 583 τοῦ
2688 527 2904 589 λέοντος
2930 520 3025 577 τοῦ
3054 513 3598 606 μονοκρατορὲοντος,

3582 364 3671 459 ίῖῗ
3686 362 3732 456 2'

2148 604 2285 696 'Ygo“
2303 604 2364 680 οὗ
2388 604 2484 678 καὶ
2512 621 2713 691 πέτραι
2738 618 3035 689 ῥήγνυνται
3062 612 3157 665 καὶ
3181 608 3426 663 θάλασσα
3453 604 3733 673 φοϐεῖται..

2135 718 2249 773 Kal
2277 716 2470 790 ῥεῖθρα
2490 714 2681 782 τέμνει
2707 706 2994 776 ποταμῶν,
3021 705 3112 758 καὶ
3144 702 3297 756 πᾶσα
3325 699 3395 767 γῆ
3423 697 3731 749 κλονεῖται..

2137 810 2323 868 Ταῦτα
2362 807 2485 862 καθ’
2522 789 2672 875 ὤραν
2696 801 2921 871 θεωρῶν
2951 799 3048 852 καὶ
3087 793 3258 848 πλείω
3287 791 3492 843 τούτων
3520 788 3677 844 ἄλλα.

2135 904 2384 975 Γέγηθας
2421 900 2583 969 μόνος
2612 895 2699 950 ἐπ’
2731 894 2939 955 αὐτοῖς,
2986 890 3146 961 μόνος
3180 885 3395 955 τρυφᾷς
3426 885 3489 975 τῇ
3521 880 3641 950 θέᾳ.

2135 972 2538 1066 Οὒ-μεταδίδως
2570 986 2669 1043 τοῦ
2700 982 2873 1041 καλοῦ
2910 981 2989 1053 τῷ
3020 981 3161 1050 φίλῳ
3196 995 3291 1031 σου
3336 972 3681 1044 Προδρόμῳς

2135 1088 2212 1143 Οὐ
2244 1082 2499 1141 κοινωνὸν
2537 1080 2636 1150 τῆς
2666 1077 2861 1148 ἡδονῆς
2886 1073 3052 1128 αὐτὸν
3082 1066 3572 1138 παραλαμϐάνειςς

2135 1182 2211 1234 Οεύ
2243 1174 2610 1249 παροτρύνεις
2650 1173 2733 1235 sl;
2763 1167 3009 1239 γραφὰς,
3049 1163 3111 1218 οὐ
3145 1158 3438 1230 παρορμᾷς
3460 1157 3548 1249 είς
3580 1154 3727 1206 στοίν

3458 1246 3646 1319 [χουςε

2136 1363 2251 1416 Οὔκ
2278 1358 2476 1429 ἀκονᾷς
2506 1357 2607 1426 τὴν
2632 1351 2884 1422 γλῶττάν
2919 1363 3022 1417 μου
3046 1344 3140 1399 xal
3164 1328 3357 1412 θήγεις
3389 1356 3489 1404 μου
3513 1337 3573 1429 τὸ
3599 1335 3737 1388 στός-

3514 1425 3647 1498 [μοις

2139 1539 2333 1593 Καίτοι
2363 1535 2655 1606 γινώσκων
2684 1548 2750 1602 με
2776 1528 2959 1591 καλῶς
2983 1526 3090 1580 ἀπὸ
3127 1521 3338 1595 μακροῦ
3361 1520 3457 1574 τοῦ
3480 1518 3682 1591 χρόνον

2142 1632 2239 1684 Ἓν
2257 1627 2415 1683 τοῦτο
2440 1625 2600 1696 μόνον
2625 1623 2857 1677 πνέοντα
2888 1620 3014 1682 τοὺς
3042 1615 3307 1687 βασιλέως
3336 1612 3563 1680 ὕμνους,

2140 1724 2308 1788 Ὅθεν
2333 1721 2429 1775 καὶ
2462 1716 2662 1785 στίχων
2694 1714 2787 1767 καὶ
2818 1711 3003 1781 σχεδὸν
3031 1708 3130 1761 καὶ
3153 1703 3499 1774 πεζαιτὲρων
3520 1702 3719 1769 λόγων,

2139 1815 2367 1879 Βίϐλους
2395 1809 2593 1883 μυρίας
2625 1805 2930 1877 εἴργασμαι
2954 1801 3049 1855 καὶ
3077 1800 3278 1869 τόμους
3320 1793 3733 1865 άμφιγράφοιιςλ

2071 1879 2109 1931 Β
2141 1879 2524 1979 Κηρύττοντας
2543 1900 2612 1953 τὰ
2638 1897 2877 1962 τρόπαια
2908 1897 3003 1963 τῆς
3028 1890 3222 1944 τούτου
3254 1886 3532 1958 βασιλείας
3561 1899 3576 1913 ·
3676 1936 3686 1942 ,

2136 2000 2358 2070 Μικρὲς
2392 1994 2490 2065 μὲν
2524 1984 2643 2044 οἶδα
2674 1988 2767 2041 καὶ
2810 1985 3007 2045 στενὰς
3040 1981 3177 2051 πρὸς
3205 1980 3303 2049 τὴν
3341 1974 3508 2031 αὐτοῦ
3535 1974 3741 2041 όιξίαδο,⁸

2140 2069 2518 2148 Οὐκγὲλλιπῶς
2552 2084 2609 2137 δὲ
2634 2081 2734 2151 τῆς
2760 2078 2899 2148 ἐμῆς
2922 2074 3146 2143 λογικῆς
3181 2069 3391 2141 ἰσχύοςο

2140 2178 2455 2252 Κεφάλαιόν
2489 2193 2578 2247 μοι
2604 2174 2705 2242 τῆς
2729 2169 2979 2243 γραφῆς,
3002 2164 3299 2234 κεφάλαιον
3320 2158 3413 2214 τοῦ
3445 2159 3632 2227 λόγου,

2140 2275 2326 2346 Μηδὲν
2348 2272 2514 2333 ἐάσας
2536 2267 2799 2338 τρόπαιον
2822 2263 2914 2315 τοῦ
2944 2254 3237 2329 Κομνηνοῦ
3271 2252 3561 2310 δεσπότου,

2143 2344 2324 2434 Ὅπερ
2362 2364 2422 2417 ού
2452 2360 2671 2433 γράψῃς
2702 2355 2841 2428 πρὸς
2872 2354 3042 2423 ἡμᾶς,
3063 2352 3202 2420 ὅπερ
3226 2347 3326 2400 οὐκ
3361 2344 3626 2413 ἀφηγήσῃ
3649 2357 3663 2372 ·

2154 2458 2242 2520 Ὠς
2275 2433 2341 2509 ἂν
2370 2457 2435 2508 ὲκ
2464 2451 2559 2506 σοῦ
2590 2448 2965 2519 λαμϐάνοντες
2987 2441 3084 2502 τὰς
3117 2437 3376 2508 ἀφορμὰς
3407 2435 3517 2489 τῶν
3552 2433 3741 2498 λόγων

2143 2549 2479 2617 Αὖξάνωμεν
2500 2542 2571 2598 τὰ
2589 2542 2921 2612 γράμματα,
2954 2532 3319 2605 πληθύνωμεν
3346 2530 3446 2589 τὰς
3474 2526 3693 2597 βίϐλους

2150 2643 2250 2705 Ἀς
2278 2634 2608 2709 ἱστοροῦμεν
2631 2634 2937 2705 γράφοντες
2963 2627 3093 2696 περὶ
3119 2624 3213 2679 τοῦ
3253 2620 3518 2692 βασιλέως
3542 2635 3556 2650 ο

2144 2734 2257 2788 Καὶ
2283 2733 2594 2802 γράφοιμεν
2624 2728 2704 2790 είς
2731 2726 2976 2786 ἅπαντας
3008 2721 3105 2790 τῆς
3138 2717 3321 2789 βιοτῆς
3350 2713 3446 2767 τοῦ
3475 2713 3669 2783 χρόνου

2146 2800 2441 2897 Τροπαίοις
2472 2819 2713 2891 τρόπαια
2741 2813 2974 2886 λαμπρά
3014 2808 3468 2881 προσγράφοντες
3508 2805 3603 2857 nul
3648 2800 3738 2856 νί-

3495 2896 3655 2967 [κας·

2146 3006 2357 3075 Μέχρις
2390 3002 2419 3056 ό
2445 3001 2741 3072 κράτιστος
2767 2995 2995 3067 βλαστὸς
3026 2996 3125 3063 τῆς
3157 2994 3308 3063 ἱερᾶς
3331 2989 3621 3062 πορφύρας
3712 3033 3716 3036 ‹

2159 3098 2217 3151 Ὀ
2242 3094 2527 3165 Κομνηνδς
2560 3094 2626 3145 ὲκ
2665 3086 2978 3160 Κομνηνοῠ,
3015 3086 3285 3153 δεσπότης
3313 3086 3377 3135 ὲκ
3402 3081 3647 3167 δεσπότοι
3677 3119 3703 3143 ς

479 3174 731 3274 ἈπλοῦνΓ
747 3174 929 3274 δὲ’καὶ
1426 3174 1524 3270 τὸν
1548 3213 1769 3286 χριστὸν
1795 3174 2007 3281 ἰξυρίού
2027 3229 2040 3241 ·
2070 3212 2115 3271 C,
2147 3187 2366 3286 Ῑαιξτης
2392 3181 2692 3286 ξατάρξειε
2722 3180 2823 3286 ﬁl;
2850 3178 2953 3286 (ξπί
2970 3177 3161 3286 MP?“
3183 3175 3290 3286 gi"
3311 3174 3534 3286 fxim”-

470 3315 613 3383 Πρὸς
644 3314 705 3367 δν
729 3313 800 3367 τὰ
828 3304 1128 3383 κλέμματα
1160 3310 1382 3382 Περσῶν
1412 3308 1572 3362 πάλιν
1605 3303 2005 3374 ἀντεπανῆλθε,

470 3408 796 3478 Τρεσάντων
819 3406 921 3477 τὴν
948 3403 1226 3474 ἐγγύτητα
1260 3402 1356 3456 τοῦ
1385 3400 1531 3455 θείου
1558 3396 1848 3470 βασιλέως,

472 3500 582 3552 Kal
606 3499 707 3568 τὴν
741 3500 923 3551 ἐκεῖσε
953 3495 1187 3565 πάροδον
1209 3493 1318 3548 τῶν
1339 3493 1513 3546 ταῦτα
1544 3490 1910 3558 κατεχόντων,

473 3589 587 3643 Kal
616 3585 1013 3658 προφυγόντων
1042 3588 1107 3638 ὲκ
1139 3586 1308 3655 σοφῆς
1335 3582 1566 3651 ἀρίστης
1599 3576 1915 3650 προμηθίας

472 3742 643 3800 genua
680 3730 974 3801 prostratos
1007 3730 1100 3777 aut
1151 3721 1208 3775 in
1246 3718 1533 3781 Bacbenos,
1562 3717 1831 3779 Tarsinos,
1864 3712 2051 3768 Antio-

471 3822 707 3883 chenses,
744 3826 837 3872 aut
880 3818 934 3870 in
964 3814 1157 3870 bellum
1217 3812 1624 3884 Chalepiticum,
1666 3819 1756 3862 aut
1793 3809 1847 3862 in
1891 3806 2047 3861 victo-

475 3912 615 3964 riam
660 3907 1024 3985 Seueriticam,
1055 3912 1147 3958 aut
1182 3904 1406 3974 denique
1436 3903 1490 3956 in
1523 3900 1734 3955 laudem
1763 3897 2052 3969 triumpho-

474 4018 593 4055 rum
614 4018 646 4055 a
671 3998 952 4053 Comnenis
982 4003 1374 4067 reportatorum
1406 3993 1609 4065 aliquid
1630 3992 1951 4056 cecinissem,
1993 3998 2050 4042 tu

473 4082 634 4165 super"
661 4092 859 4148 aethera
891 4089 1274 4153 collaudabas;
1301 4097 1357 4142 tu
1388 4086 1508 4142 larto
1541 4087 1699 4140 corde
1736 4083 1922 4138 audita
1947 4101 2047 4153 pa-

474 4184 721 4258 negyride
763 4181 1088 4246 exsultabas,
1114 4189 1161 4235 et
1201 4178 1356 4233 melle
1380 4178 1751 4247 ambrosiaque
1787 4175 1939 4234 vesci.
1971 4174 2053 4227 di-

474 4280 754 4347 vinumque
773 4281 978 4339 nectar,
1007 4271 1320 4343 angelorum
1349 4268 1588 4331 delicias,
1607 4267 1820 4321 sorbere
1850 4264 2053 4336 gloria-

473 4371 639 4437 baris,
681 4376 733 4423 et
764 4367 977 4439 quando
1017 4355 1263 4420 laudibus
1304 4363 1429 4429 ﬁnis
1474 4363 1853 4433 imponeretur.
1905 4374 2047 4429 aegro

476 4459 678 4527 ferebas
713 4459 889 4513 animo
909 4465 960 4510 et
993 4455 1061 4510 ad
1084 4456 1218 4509 idem
1241 4454 1581 4525 repetendum
1611 4452 1902 4507 excitabas.
1940 4449 2047 4504 Ta-

2149 3278 2337 3334 Ταῦτα
2371 3273 2678 3346 μὲν.γράφε
2705 3271 2843 3342 np);
2864 3269 2984 3339 ἐμὲ,
3013 3269 3154 3340 προς
3195 3266 3255 3319 δὲ
3276 3265 3368 3318 τὸν
3391 3263 3741 3334 στεφηφόρονι

2148 3370 2288 3439 Λέγε
2317 3367 2440 3422 καθ’
2471 3365 2648 3436 ὥραν,
2675 3361 2938 3427 δυσωπῶ,
2974 3360 3041 3413 τὰ
3074 3360 3174 3427 τῆς
3208 3358 3346 3428 ὲμῆς
3376 3357 3567 3418 πενίας
3659 3423 3677 3433 ς

2146 3455 2255 3524 *Ης
2299 3476 2390 3529 μοι
2426 3459 2521 3510 καὶ
2551 3457 2713 3525 μόνος
2739 3450 3025 3522 πρόϐολος,
3054 3443 3123 3521 ἦς
3146 3446 3492 3518 κυϐερνήτης
3520 3445 3660 3516 βίου.

2151 3548 2262 3617 Ἦς
2306 3566 2397 3623 μοι.
2424 3547 2548 3611 θεὸς
2585 3544 2726 3617 μετά
2757 3544 2915 3608 Θεὸν,
2945 3538 3013 3612 ἦς
3054 3558 3147 3610 μοι
3172 3538 3320 3609 ζωῆς
3346 3537 3573 3607 ταμίας,

2148 3715 2254 3788 [ide
2294 3706 2573 3766 inclaruit.
2609 3703 2689 3757 Ad
2717 3717 2834 3755 eum
2876 3699 3165 3754 Persarum
3205 3697 3348 3767 furta
3388 3704 3743 3760 reverterunt,

2148 3804 2451 3863 timentium
2489 3794 2829 3867 imperatoris
2860 3793 3027 3847 divini
3066 3792 3488 3862 proximitatem,
3530 3799 3578 3844 et
3608 3807 3737 3861 pru-
3802 3802 3815 3811 ‘

2147 3898 2332 3951 denter
2358 3889 2520 3944 leonis
2552 3885 2853 3940 monarclue
2876 3884 3113 3953 rugitum
3144 3882 3456 3935 evitantium
3487 3882 3577 3950 qui
3600 3897 3735 3935 saxa

2145 3986 2301 4057 ﬁndit
2335 3991 2386 4039 et
2416 3979 2651 4036 maribus
2686 3979 2930 4031 timorem
2959 3976 3159 4045 injicit,
3197 3976 3477 4045 ﬂuminth
3522 3990 3735 4029 cursum

2147 4085 2291 4133 secat
2340 4080 2389 4129 et
2427 4086 2634 4126 omnem
2694 4076 2896 4122 terram
2951 4066 3196 4135 percutit.
3235 4065 3360 4118 Haec
3393 4065 3571 4119 videns
3614 4082 3743 4120 cum

2154 4167 2400 4241 plurimis
2440 4162 2560 4219 aliis
2588 4160 2730 4216 solus
2764 4160 2973 4230 gavisus
3011 4173 3062 4211 es
3099 4167 3147 4211 et
3180 4156 3478 4226 spectaculo
3503 4156 3730 4219 Letaris,

2151 4280 2246 4319 nec
2270 4278 2390 4317 cum
2451 4258 2743 4314 Prodromo
2766 4244 2955 4309 'amico
2992 4253 3349 4309 communicas
3366 4252 3396 4321 ξ
3432 4250 3625 4306 Gaudii
3657 4255 3732 4305 tui

2150 4369 2256 4407 non
2301 4351 2433 4422 facis
2475 4343 2833 4420 participem?
2879 4359 2982 4396 non
3034 4343 3103 4395 ad
3137 4343 3431 4413 scripturas
3488 4344 3743 4412 pervesti-

2147 4446 2353 4515 gandas
2392 4437 2732 4497 exhortaris?
2777 4453 2832 4491 os
2864 4450 3038 4489 meum
3064 4441 3114 4487 et
3141 4433 3380 4504 linguam
3414 4450 3518 4487 non
3548 4434 3738 4488 acuis?

477 4525 542 4606 lis
589 4550 797 4621 quidem
836 4566 963 4620 erga
1011 4564 1104 4602 nos
1150 4548 1297 4618 prius
1347 4563 1487 4600 eras.
1521 4544 1678 4599 Nunc
1718 4552 1895 4598 autem
1937 4558 2048 4597 una
2079 4545 2126 4605 υ
2153 4537 2399 4590 Attamen
2444 4549 2471 4588 e
2512 4531 2666 4601 longo
2695 4537 2929 4598 tempore
2977 4525 3135 4596 probe
3173 4526 3279 4579 scis
3315 4541 3395 4578 me
3423 4525 3748 4594 imperatori.

473 4660 595 4698 cum
628 4645 947 4712 imperatore
972 4642 1198 4695 versaris
1226 4649 1271 4694 et
1306 4640 1407 4693 tuis
1441 4638 1582 4693 vides
1616 4637 1780 4692 oculis
1810 4644 2042 4707 quantas

476 4730 568 4784 ille
624 4729 759 4784 bello
806 4745 886 4783 res
941 4735 1280 4798 exsequatur,
1332 4733 1459 4796 quot
1511 4727 1760 4779 victorias
1812 4731 2044 4795 reportet

476 4819 608 4872 adeo
627 4825 683 4871 ut
706 4824 1045 4871 externarum
1082 4815 1356 4868 nationum
1375 4813 1632 4868 invidiam
1664 4819 1927 4883 provocet,
1954 4810 2043 4863 ubi

476 4908 678 4975 Romae,
707 4910 945 4979 inquam,
982 4906 1207 4978 gloriam
1240 4913 1599 4975 augescenlem
1645 4904 2043 4968 animadvertis,

475 5012 618 5052 nunc
648 4997 826 5050 orbem
863 5004 1150 5053 terrarum.
1185 5007 1332 5047 mare
1360 5000 1409 5046 et
1449 4991 1593 5046 lacus
1628 4992 1873 5052 domitos,
1899 4992 2046 5044 inco-

478 5087 547 5142 lis
579 5086 811 5148 orbatos,
855 5087 943 5157 qui
983 5084 1250 5157 quondam
1297 5082 1724 5152 alienigenarum
1770 5081 2049 5134 nationum

478 5194 606 5247 pars
641 5177 825 5248 aliqua
864 5177 1099 5248 fuerant;
1143 5191 1280 5228 nunc
1323 5174 1430 5227 haec
1465 5172 1646 5226 omnia
1677 5171 1855 5225 Romae
1883 5179 1933 5224 et
1961 5172 2045 5225 in-

480 5265 628 5319 victa:
655 5264 876 5334 familia:
901 5262 1179 5319 Comnena:
1205 5262 1483 5315 servientia
1507 5260 1757 5314 obtueris.
1777 5259 2049 5315 Prwterea

482 5355 707 5412 Cilicum
753 5358 904 5411 urbes
934 5357 1128 5427 aspicis
1173 5370 1304 5423 quas
1347 5353 1510 5406 armis
1540 5352 1896 5422 imperatoriis
1924 5350 2019 5405 sub
2038 5379 2053 5390 -

485 5456 637 5501 actas
685 5462 924 5510 noveras,
968 5452 1017 5498 et
1048 5460 1178 5514 quas
1220 5440 1399 5497 Perste
1432 5441 1573 5495 malo
1607 5440 1727 5494 dolo
1760 5448 2054 5510 rapuerant

488 5553 551 5591 ac
586 5547 765 5606 postea
802 5536 896 5590 sub
933 5533 1163 5597 Thomw,
1204 5548 1359 5605 quem
1385 5531 1724 5602 imperatoris
1753 5527 2053 5600 apostolum

486 5629 748 5690 existimo,
780 5627 1036 5681 ditionem
1068 5625 1293 5679 redactae
1321 5631 1465 5680 sunt.
1508 5621 1612 5678 Sed
1646 5638 1751 5676 non
1783 5622 1848 5676 de
1888 5620 2059 5691 Didy-

488 5733 575 5771 mo
611 5719 873 5785 veterique
905 5715 1123 5774 Thoma.
1167 5715 1439 5769 incredula
1484 5712 1580 5767 illo
1616 5713 1821 5784 loquor,
1862 5712 1955 5767 sed
1993 5712 2057 5765 de

488 5822 551 5862 eo
593 5808 681 5879 qui
728 5822 932 5861 morum
969 5806 1306 5876 simplicitate
1353 5822 1416 5862 ac
1456 5813 1685 5876 spectata
1730 5806 1785 5860 in
1832 5804 2056 5858 Dom'no

2147 4624 2389 4679 laudibus
2405 4618 2718 4678 celebrando
2744 4616 2967 4684 mirifice
2985 4632 3203 4687 operam
3230 4630 3432 4670 navare
3459 4624 3506 4668 et
3528 4631 3748 4670 sexcen-

2144 4726 2225 4772 tos
2260 4717 2461 4789 poetico
2503 4730 2566 4769 ac
2622 4710 2852 4784 pedestri
2902 4723 3146 4761 sermone
3185 4707 3541 4776 composuisse
3579 4706 3741 4760 libros

2147 4810 2537 4875 triumphorum
2578 4800 3053 4873 iMperatoriorum
3101 4798 3339 4862 nuntios,
3363 4797 3539 4866 ipsius
3576 4798 3748 4865 maje_

2145 4908 2283 4957 state
2333 4897 2756 4966 haudquaquam
2810 4893 3018 4964 dignos,
3068 4889 3158 4944 sed
3206 4889 3297 4959 qui
3330 4890 3380 4943 vi
3423 4888 3596 4959 logica
3632 4906 3740 4943 non

2147 4999 2351 5047 carent.
2406 4988 2474 5044 Et
2528 4986 2781 5043 Comneni
2826 4984 3038 5055 quidem
3089 4982 3292 5035 domini
3327 4983 3625 5052 triumphus
3681 4983 3748 5037 in.

2149 5084 2261 5154 ipso
2295 5081 2450 5135 initio
2488 5075 2907 5139 memorabitur;
2955 5073 3058 5127 tuis
3097 5081 3272 5125 autem
3296 5071 3533 5126 consiliis
3553 5071 3741 5140 conﬁsi

2152 5172 2411 5228 librorum
2433 5183 2710 5222 numerum
2741 5165 3073 5234 augebimus,
3104 5163 3160 5215 in
3200 5161 3385 5230 quibus
3408 5162 3751 5230 imperatoris

2153 5277 2236 5315 res
2260 5270 2418 5331 gesta:
2445 5257 2742 5318 tradentur,
2790 5252 2937 5308 nullo
2968 5253 3158 5306 omisso
3199 5268 3300 5319 quo
3334 5252 3441 5305 vita
3481 5251 3596 5317 ejus
3624 5249 3748 5303 illu-

2153 5352 2317 5409 strari
2341 5351 2501 5422 possit
2530 5346 2797 5417 triumpho
2828 5363 2891 5399 ac
2924 5343 3169 5407 victoria,
3194 5341 3356 5395 donec
3390 5340 3590 5410 optima
3623 5357 3749 5409 pro~

2158 5441 2229 5495 les
2258 5456 2428 5496 sacrae
2468 5454 2741 5509 purpurw,
2772 5435 3074 5492 Comnenus
3105 5448 3133 5486 e
3171 5431 3459 5497 Comneno,
3503 5430 3753 5485 dominus

2158 5549 2185 5587 e
2207 5532 2419 5586 domino
2451 5542 2607 5585 terra:
2644 5529 2739 5582 toti
2773 5528 2838 5582 ab
2867 5535 2987 5582 ortu
3033 5525 3161 5580 solis
3198 5541 3361 5595 usque
3407 5527 3475 5581 αλ
3505 5539 3751 5581 occasum

2160 5631 2358 5696 regnet.
2391 5622 2517 5678 Haec
2549 5622 2677 5677 mihi
2697 5621 2901 5675 scribas
2929 5619 3111 5681 velim,
3139 5624 3190 5671 et
3222 5616 3455 5689 qualibet
3480 5618 3611 5670 hora
3638 5618 3744 5670 im.-

2161 5715 2398 5787 peratori
2442 5713 2504 5766 de
2550 5727 2666 5767 mea
2706 5717 3019 5781 paupertate
3065 5708 3326 5773 loquaris,
3365 5714 3550 5761 contra
3585 5724 3751 5776 quam

2162 5803 2305 5859 solus
2346 5803 2588 5864 defensor
2614 5810 2661 5854 et
2704 5801 2822 5858 vita
2867 5801 3156 5854 sospitator
3192 5809 3241 5852 et
3270 5798 3552 5853 secundum
3579 5794 3749 5851 Deum
