4078 6416
284 463 309 531 1
321 468 429 533 373

1458 488 1782 552 SCRIPTA
1819 494 2378 564 MISCELLANEA.

3412 501 3547 570 1374

291 582 357 693 L0
372 586 686 693 ,κομντίνδξ
709 588 772 643 ὲκ
800 590 1111 693 Κρμνονοῢ.
1138 595 1409 693 δεσπότης
1439 603 1503 656 ἐκ
1531 603 1822 661 δεσπότου.
1895 617 1939 672 Α
1971 612 2293 686 Ἔμπλησον
2322 616 2505 670 πᾶσαν
2527 615 2749 687 ἀγυιάν,
2782 617 3065 690 ἔμπλησον
3094 618 3279 683 πᾶσαν
3307 618 3492 693 χώραν
3508 660 3532 681 ,τ

281 676 470 732 Ταῦτα
498 682 591 733 καὶ
620 684 759 751 μόνα
798 684 1055 752 πέποιθα,
1091 689 1227 759 πρὸς
1261 692 1452 748 τοῦτον
1491 697 1811 754 άποσλέπω.

279 765 384 820 ’Δν
415 763 571 832 οὗτος
601 770 752 843 δώσῃ
791 790 882 843 μοι
909 778 1129 844 φαγεῖν,
1165 778 1276 849 ἔχω
1309 782 1370 835 τδ
1404 781 1504 855 ζῇν
1530 787 1625 839 καὶ
1661 788 1828 841 πάλιν
1852 805 1867 820 ·

281 858 384 913 “Av
413 860 469 913 δὲ
495 861 569 931 μὴ
599 861 769 936 δὼσῃ,
795 867 1113 939 φθείρομαι,
1143 872 1281 939 πρὸς
1306 872 1443 945 ᾅδην
1479 878 1798 932 καταϐαίνω
1816 896 1832 912 ο

282 951 359 1005 Οὐ
387 952 497 1023 γὰρ
519 955 823 1028 ἐπίσταμαι
851 962 1083 1025 πολλοὺς
1108 964 1381 1029 δεσπότας
1402 969 1473 1040 λέν
1495 970 1573 1038 τῷ
1601 970 1726 1041 βίῳ.

280 1042 513 1112 Λόγισαι
552 1045 718 1126 πόσον
748 1049 984 1121 ἔκδημος
1010 1055 1037 1105 ὁ
1062 1054 1321 1124 βασιλεὺς
1351 1059 1586 1130 ὑπάρχει

282 1134 398 1188 Καὶ
418 1136 586 1190 πόσον
618 1142 810 1209 χρόνον
841 1142 1049 1213 ἔρημος
1078 1146 1106 1198 ὁ
1140 1147 1461 1219 Πρόδρομος
1500 1154 1869 1222 πραγμάτων.

280 1225 466 1297 Αὐτῆς
498 1229 556 1282 δὲ
585 1232 792 1299 μᾶλλον
815 1237 915 1304 τῆς
945 1236 1093 1309 ζωῆς
1121 1239 1303 1294 αὐτῶν
1334 1242 1443 1295 τῶν
1472 1245 1813 1312 ἀναγκαίων.

283 1316 424 1377 Εἶτα
450 1322 775 1395 φθαρείσης,
832 1327 1115 1401 ἄνθρωπε,
1156 1333 1258 1405 τῆς
1304 1335 1554 1409 γλώττης
1581 1338 1678 1392 τοῦ
1730 1340 1868 1411 Προ-

1548 1430 1795 1504 [δρόμου.

295 1508 524 1582 Ἔτέρ-ιν
546 1512 697 1583 εὖροι
727 1514 812 1580 τίς
840 1516 899 1571 ιν
923 1519 993 1589 γῇ
1024 1517 1200 1592 ταύτῃ
1228 1522 1666 1595 παρισουμένην,

283 1602 399 1655 Καὶ
429 1602 698 1672 σχετικῶς
727 1605 1078 1676 κηρύσσοντα
1107 1608 1201 1663 τὸν
1230 1610 1617 1678 αὐτοκράτορά
1647 1631 1751 1683 μου
1779 1633 1794 1682 ;

284 1694 404 1749 Οὐκ
428 1690 608 1765 οἶμαι,
650 1695 758 1751 κᾶν
788 1702 1164 1769 παραφρονῶν
1186 1702 1376 1756 τοῦτον
1404 1702 1550 1758 λαλῶ
1563 1705 1657 1758 τὸν
1690 1704 1866 1775 λόγον.

284 1830 346 1888 l'.
383 1835 500 1910 Τοῦ
522 1836 712 1910 αὐτοῦ
740 1839 830 1910 sic
857 1838 976 1905 τὴν
1000 1839 1098 1892 ἐπὶ
1128 1840 1206 1909 τῇ
1229 1842 1453 1896 ἁλώσει
1493 1842 1604 1910 τῆς
1635 1847 1870 1898 Καστα-

362 1908 550 1981 ιιόνος
588 1906 890 1981 ἑξέτιν-[κίον
948 1906 1211 1976 πρόοδοῦ
1256 1912 1363 1965 τοῦ
1428 1906 1871 1981 αὐτοκράτορος

1979 701 2153 775 Ἥχου
2195 706 2514 778 κυμϐάλωι,
2543 711 2839 781 μουσικῆς,
2871 715 3071 775 παντὸς
3103 710 3315 782 ῥυθμοῦ
3338 713 3434 766 καὶ
3451 712 3551 783 μέο

1973 889 2087 944 Καὶ
2119 890 2211 942 τὸν
2245 889 2591 961 σκηπτοῦχον
2625 891 2865 964 ὕμνησον
2888 894 2948 948 ὲν
2977 895 3132 968 πάσῃ
3158 802 3473 967 dogmati;

2044 980 2114 1035 Ὦ
2139 982 2294 1046 πόλις
2332 982 2510 1049 πόλις,
2558 984 2844 1058 Ῥωμαῖκὴ
2873 988 3048 1053 πόλις,
3091 989 3343 1042 Αὐσόνων
3370 988 3547 1049 πόλις,

1974 1069 2163 1145 Εὖρες,
2202 1075 2445 1145 βραδέως
2469 1074 2734 1146 εὕρηκας.
2777 1074 2934 1149 εὗρες
2978 1078 3077 1149 ὀψὲ
3116 1079 3214 1133 καὶ
3249 1079 3409 1147 μόλις

1972 1167 2077 1220 Τὸν
2111 1166 2319 1238 κόσμον
2344 1185 2460 1232 σου,
2489 1168 2583 1222 τὸν
2613 1169 2819 1240 ῥύστην
2847 1186 2967 1236 σου,
3017 1170 3112 1224 καὶ
3133 1169 3223 1224 τδν
3257 1168 3550 1237 ὲκδικητήν

3343 1271 3477 1310 σου⁶

3343 1274 3438 1310 σου
3460 1271 3477 1285 ο

1986 1348 2329 1416 Ἐξάπλωσον
2361 1349 2488 1413 τοὺς
2521 1351 2686 1420 ὅρους
2726 1367 2823 1404 σου
2850 1391 2866 1416 ,
2914 1349 3190 1406 πλάτυνον
3230 1256 3333 1410 τάξ
3379 1346 3547 1408 αὐλάς

3327 1437 3478 1510 ξσου,

1972 1528 2055 1583 Τὰ
2079 1530 2230 1600 μήκη
2286 1546 2403 1595 σου,
2437 1530 2505 1585 τὰ
2540 1530 2720 1598 πλάτη
2765 1547 2885 1594 σου.
2937 1540 3035 1587 και
3078 1532 3149 1587 τὰ
3197 1529 3555 1603 σχοινίσματά

3322 1620 3446 1694 [σου
3467 1635 3481 1650 '

1984 1715 2073 1776 Ὧς
2106 1714 2296 1784 κέδρος
2321 1712 2457 1784 ὕψου
2485 1715 2759 1786 κορυφὴν,
2789 1714 2866 1779 ὡς
2893 1714 3138 1786 ἄμπελος
3174 1714 3405 1785 εύρύνου
3428 1728 3443 1743 ⁸

1973 1802 2109 1878 Αἶρε
2147 1805 2287 1878 πρὸς
2321 1805 2522 1861 κύκλον
2550 1806 2649 1878 τὴν
2693 1806 2890 1877 ὀφρὺν,
2925 1806 3144 1860 ἀπείλει
3182 1808 3297 1870 τοῖς
3336 1806 3553 1877 ἐχθροῖς

3338 1896 3484 1969 [σου,

362 1954 454 1961 ’⁷⁷⁷
482 1954 547 1988 '2'
590 1954 869 1993 """"""
948 1954 1190 1991 "r:"""
1259 1954 1358 1965 'V"
1428 1954 1760 1979 "v'vul’w'v
1803 1954 1862 1978 V‘a
3338 1954 3359 1969 ⁸

361 1993 550 2060 κυρου
610 1978 908 2060 ’ζωαιςνομ
940 1996 1048 2033 του
1109 1981 1460 2050 Κομνηνοῦ,
1539 1954 1871 2052 δεκάσττχα
1903 1954 1944 2011 Β
1985 1989 2269 2060 Ἀρίστευε
2302 1989 2446 2044 κατὰ
2480 1991 2729 2059 Περσῶν,
2760 1991 3081 2059 φαιδρύνου,
3109 1988 3418 2060 μεγαλύνου
3438 2004 3455 2022 ’

363 2047 647 2102 πολιτικὰ
684 2047 812 2112 τοῖς
835 2047 1073 2117 δήμοις.

370 2163 507 2217 Ἀπὸ
536 2163 855 2234 Προδρόμου
890 2165 1230 2236 Ηρόδρομος,
1254 2165 1476 2236 οίκὲτης
1505 2166 1602 2221 ἀπ’
1629 2167 1870 2231 οἰκέτου,

297 2254 433 2309 ’Λπδ
454 2255 641 2324 λογίου
666 2256 849 2324 λόγιος
878 2258 1057 2331 ταῦτα
1079 2258 1427 2329 καρποφορῶ
1460 2275 1542 2311 σοι
1568 2272 1583 2288 °

297 2346 358 2401 Ὀ
395 2347 712 2418 Πρόδρομος
737 2347 815 2419 τῷ
844 2347 1059 2417 βασιλεί
1080 2349 1177 2402 καὶ
1218 2348 1296 2419 τῷ
1327 2349 1535 2423 χριστῷ
1562 2347 1797 2419 Κυρίου,

297 2438 361 2492 '0
384 2440 570 2504 δοῦλος
590 2439 670 2510 τῷ
695 2439 1012 2505 δεσπόζοντι
1037 2441 1133 2495 καὶ
1151 2440 1231 2510 τῷ
1252 2440 1649 2514 κυριαρχοῦντι
1666 2458 1682 2472 ·
1732 2482 1737 2499 .

297 2531 358 2586 Ὀ
386 2532 569 2601 λόγιος
606 2531 685 2602 τῷ
710 2533 951 2602 μάλιστα
980 2534 1284 2604 τιμήσαντι
1302 2534 1395 2587 τὸν
1423 2533 1584 2602 λόγον
1603 2550 1618 2566 ο

284 2625 362 2679 To
384 2625 442 2679 δὲ
469 2626 998 2697 καρποφορούμενον
1029 2627 1124 2680 καὶ
1153 2628 1569 2698 προσαγόμενόν
1599 2644 1693 2696 μοι

284 2718 497 2788 Στίχων
522 2717 767 2782 δεκάδες,
794 2718 1037 2790 βασιλεῦ,
1070 2719 1368 2774 πολιτικῶν
1400 2721 1495 2773 καὶ
1525 2719 1764 2775 τούτων’

298 2811 459 2882 ᾭδῆς
494 2810 552 2865 δὲ
577 2811 734 2883 φέρει
766 2811 1006 2882 μίμησιν
1041 2808 1248 2885 ἑκάστη
1278 2813 1388 2866 τῶν
1413 2812 1656 2868 δεκάδων

287 2904 414 2968 Τοῖς
445 2904 648 2974 πέρασι
685 2905 798 2967 τοῖς
830 2905 1037 2974 ἑαυτῆς
1067 2905 1582 2976 συναπαρτιζομένη
1604 2920 1635 2977 ’γ

290 2997 494 3050 ’Ἄκουε
524 2996 659 3065 γοῦν
684 3014 786 3066 μου
816 2999 916 3066 τὴν
951 2997 1119 3068 ᾠδὴν,
1153 2998 1319 3051 ἄκουε
1343 2998 1451 3050 τῶν
1480 2992 1764 3068 ᾀσμάτων.

359 3089 433 3146 *Ω
459 3092 642 3164 δεῦρο,
682 3094 839 3158 πόλις
865 3093 1118 3163 εὐτυχὴς,
1149 3086 1193 3146 ὦ
1227 3092 1415 3161 δεῦρο,
1451 3092 1546 3145 νέα
1585 3090 1800 3162 Ῥώμη,

290 3187 577 3258 ’Υμνησον
607 3187 701 3242 τὸν
730 3185 1004 3255 δεσπότην
1038 3202 1158 3249 σου,
1185 3184 1277 3237 τὸν
1301 3182 1685 3254 αὐτοκράτορά
1716 3199 1837 3247 σου,

1982 2081 2282 2136 ’Υπόταττε
2314 2083 2376 2134 τὸ
2406 2083 2707 2154 βάρϐαρον,
2730 2083 2876 2149 νίκα,
2909 2082 3328 2154 τροπαιοφόρει,

1971 2175 2083 2230 Καὶ
2108 2175 2349 2245 κήρυττε
2382 2176 2495 2237 τοῖς
2535 2174 2655 2244 μεθ’
2692 2176 2843 2245 ἡμᾶς
2872 2175 2966 2229 τὸν
2994 2173 3200 2228 τούτων
3240 2172 3517 2245 παροχᾰι.

2057 2266 2388 2331 Ἀνέτειλας,
2415 2265 2698 2330 ἀνέτειλας
2726 2267 2980 2337 λαμπρὸν
3010 2269 3075 2322 ὲκ
3102 2267 3203 2337 τῆς
3226 2263 3393 2337 ἑῴας,

1972 2358 2135 2413 Ἥλιε
2164 2357 2298 2423 θεῖε,
2334 2357 2579 2429 βασιλεῦ,
2616 2359 2711 2413 καὶ
2732 2359 3010 2430 δᾳδουχεῖς
3048 2358 3149 2428 τὴν
3179 2356 3393 2412 κτίσιν⁶

1972 2447 2114 2519 Οὐχὶ
2140 2447 2376 2513 λουθεὶς,
2398 2448 2474 2512 ὼς
2501 2449 2654 2520 ἥλιος
2681 2447 2928 2503 ὠκεανοῦ
2958 2451 3072 2511 τοῖς
3112 2447 3373 2519 ῥείθροις,

1986 2539 2150 2595 Ἀλλὰ
2170 2539 2388 2604 λουθείς
2418 2557 2511 2597 σου
2544 2543 2658 2605 τοῖς
2706 2542 2927 2612 χρυσοῖς
2962 2540 3108 2611 ὑπὲρ
3136 2538 3295 2611 ήμῶν
3326 2538 3514 2606 ἱδρῶσι
3533 2551 3553 2571 ⁵

1972 2632 2084 2686 Καὶ
2114 2630 2210 2684 νῦν
2232 2631 2639 2702 ἀγαλλιώμενος
2667 2633 2743 2694 ῶς
2765 2633 2943 2708 γίγας
2973 2631 3315 2703 προοδεύεις,

1973 2723 2057 2777 Τὰ
2075 2722 2132 2777 δὲ
2156 2721 2387 2793 λαμπρά
2414 2740 2510 2777 σου
2543 2724 2786 2794 τρόπαια
2819 2723 3009 2794 κύκλῳ
3029 2723 3322 2795 δορυφορεί
3356 2738 3444 2776 σοι
3470 2738 3483 2754 ⁶

1986 2815 2055 2869 Ἥ
2089 2813 2240 2879 πόλις
2266 2814 2322 2868 δὲ
2354 2817 2716 2887 προσυπαντᾷ
2754 2815 2849 2868 καὶ
2877 2812 3314 2885 περιπτύσσεται
3346 2829 3432 2880 σε,

1979 2905 2117 2976 Ὀλη
2148 2905 2289 2975 καλὴ
2321 2905 2419 2959 καὶ
2442 2906 2748 2978 τηλαυγὴς,
2781 2907 2875 2975 ὅλη
2905 2906 3397 2977 λελαμπρυσμὲνη,

1978 2997 2177 3060 Ἀλυος
2214 2997 2452 3068 ῥείθροις
2483 3002 2598 3061 τοῖς
2634 3000 2824 3062 καλοῖς
2854 3001 3046 3068 ὥσπερ
3078 2996 3444 3052 ἀπολουθεῐσα

1977 3089 2087 3142 Καὶ
2119 3089 2334 3159 δέχεταί
2365 3107 2445 3154 σε,
2474 3089 2721 3160 βασιλεῦ,
2752 3091 3021 3159 ἀγκάλαις
3053 3089 3427 3159 ήπλωμέναις.

2050 3176 2120 3232 ’Ὠ
2153 3181 2331 3244 πόλις,
2361 3181 2515 3244 πόλις
2551 3182 2805 3253 εὐτυχὴς,
2842 3177 2888 3236 ὦ
2929 3182 3114 3250 Ῥώμη
3152 3182 3341 3253 Ῥώμη
3374 3182 3494 3247 νέα,

288 3280 396 3335 Τὸν
417 3282 648 3351 ρύστην,
669 3278 761 3334 τὸν
780 3276 1005 3349 σωτῆρά
1023 3293 1141 3342 σου,
1163 3275 1367 3328 καὶτὸν
1394 3273 1717 3344 ὑπέρμαχόν
1743 3290 1837 3326 σου
1856 3289 1868 3302 ·
1899 3291 1942 3353 C
1989 3273 2371 3341 Ἐπαλαιώθης
2406 3276 2499 3328 ὑπ’
2529 3276 2766 3347 ἐχθρῶν,
2810 3276 2998 3345 ἐγένου
3026 3277 3193 3346 γραῖα
3241 3274 3451 3346 Ῥώμη,

300 3371 627 3441 Ἀγκάλισαί
647 3388 743 3425 σου
765 3369 860 3423 τδν
891 3369 1028 3432 υίδν,
1056 3368 1255 3437 στέψον
1284 3366 1378 3419 τὸν
1405 3365 1597 3436 κύριόν
1629 3381 1744 3430 σου,

288 3465 550 3519 Ἀπαταν
573 3465 734 3535 χεῖρα
761 3461 1063 3533 βάλλουσαν
1099 3458 1197 3512 καὶ
1221 3457 1358 3512 πόδα
1387 3455 1726 3527 βεὸλημένον
1751 3470 1765 3485 ο

288 3559 540 3612 Κάλεσον
569 3555 700 3616 τοὺς
721 3553 1012 3614 κατοίκους
1034 3566 1152 3616 σου,
1172 3548 1328 3601 κάλει
1352 3547 1429 3623 ,τὰ
1451 3546 1751 3617 θρέμματά
1778 3561 1874 3600 σου

290 3650 453 3705 Κατὰ
476 3647 687 3719 σειρὰς,
715 3649 862 3699 κατὰ
892 3643 1089 3713 φυλὰς,
1109 3642 1205 3695 καὶ
1232 3640 1296 3710 δή
1307 3655 1442 3710 μους
1465 3639 1556 3692 καὶ
1581 3637 1874 3708 φρατρίας·

293 3813 412 3868 vitae
435 3816 674 3863 servator
702 3813 779 3861 est
801 3803 1098 3860 Comnenus
1126 3820 1153 3858 e
1178 3802 1720 3870 Contneno,dominus
1745 3818 1771 3855 e
1795 3801 1891 3855 do-

294 3906 460 3964 mino.
477 3900 574 3956 Hic
588 3900 744 3954 unica
767 3914 885 3975 spes
909 3913 1026 3951 mea
1046 3898 1157 3951 :hic
1171 3899 1217 3951 si
1230 3897 1358 3951 mihi
1375 3897 1757 3951 nutrimentum
1771 3894 1887 3956 dat,

296 3993 578 4056 revivisco;
602 3989 684 4043 sin
705 3988 897 4049 minus,
922 4001 1034 4038 ecce
1058 4001 1213 4055 pereo
1235 3994 1283 4038 et
1304 3988 1360 4038 in
1384 3983 1578 4039 Orcum
1597 3982 1848 4038 descendo
1870 3999 1892 4049 ,'

297 4104 403 4143 non
419 4085 560 4139 enim
608 4080 802 4137 multos
832 4079 889 4132 in
933 4078 1087 4138 terris
1124 4077 1363 4131 dominos
1411 4092 1681 4147 cognosco.
1704 4073 1892 4129 Consi-

298 4179 424 4235 dera
453 4185 709 4247 quantum
737 4172 984 4242 temporis
1010 4172 1300 4241 imperator
1331 4169 1464 4223 absit
1490 4178 1540 4223 et
1563 4174 1888 4238 quantopere

297 4271 624 4325 Prodromus
663 4283 696 4320 a
727 4265 948 4336 negotiis
991 4264 1272 4316 destitutus
1303 4262 1453 4315 rebus
1491 4259 1560 4314 ad
1608 4258 1882 4315 vivendum

300 4361 605 4419 necessariis
639 4359 907 4429 indigeat;
958 4362 1161 4425 postea,
1212 4355 1388 4417 homo,
1443 4340 1723 4408 Prod'mmi
1774 4348 1881 4402 lin-

300 4473 406 4528 gua
451 4463 716 4515 emortua,
759 4451 878 4521 quis
905 4448 1028 4504 huic
1055 4444 1287 4501 similem
1326 4444 1558 4499 inveniet
1586 4456 1704 4513 qum
1731 4442 1884 4495 bene-

299 4543 416 4604 pale
433 4542 704 4596 dominum
726 4554 901 4592 meum
928 4533 1252 4589 annuntiet?
1282 4530 1542 4603 Equidem
1574 4547 1680 4585 non
1706 4528 1885 4592 credo,

303 4635 513 4696 tametsi
539 4634 616 4688 sic
637 4630 850 4702 loquens
871 4628 1119 4683 amentia:
1143 4625 1472 4683 incriminer.

303 4751 377 4809 Χ.
406 4746 758 4820 ——Ejnsdem
806 4744 868 4820 in
903 4744 1315 4820 promissionem
1366 4744 1762 4820 tr‘iump‘natern
1778 4744 1860 4820 oo

381 4802 791 4876 mini'JOannis
829 4802 1095 4868 Cu'nmeni
1138 4816 1264 4879 post
1309 4812 1523 4879 captam
1543 4802 1896 4879 _C_astamonis

377 4874 683 4952 civitatem,
705 4900 930 4942 carmen
961 4874 1368 4953 decasjllabum
1397 4876 1510 4937 τοῖς
1538 4874 1754 4942 δήμοις.

381 5008 422 5060 A
451 5005 788 5060 Pracursore
828 5013 1152 5070 praecursor,
1185 5013 1215 5049 a
1256 5008 1405 5047 servo
1447 5004 1649 5051 servus,
1679 5003 1711 5040 a
1750 4987 1901 5039 docto

305 5100 491 5155 doctus
507 5097 618 5151 hac
648 5093 740 5148 tibi
766 5090 925 5163 οσον-ο
944 5105 1009 5144 ac
1028 5088 1167 5149 dico,
1192 5085 1501 5140 Proreursor
1517 5078 1836 5150 imperatori
1853 5085 1903 5133 et

307 5198 467 5244 uncto
516 5184 754 5249 Domini,
773 5196 953 5237 servus
974 5177 1318 5249 gubernatori
1339 5192 1402 5229 ac
1431 5172 1699 5243 regnanti,
1723 5169 1905 5224 doctus

268 5284 273 5287 ⁴
308 5280 463 5350 eiqui
476 5276 828 5332 eruditionem
852 5271 1023 5342 magis
1045 5266 1168 5322 aliis
1193 5268 1443 5322 wstimat.
1467 5264 1598 5329 Qum
1622 5269 1802 5315 autem
1827 5259 1906 5329 of-

312 5369 772 5441 fero,imperator,
792 5378 973 5419 versus
987 5363 1113 5414 item
1133 5367 1257 5413 sunt
1277 5355 1479 5417 politici
1506 5357 1616 5410 suis
1646 5353 1904 5408 limitibus

310 5460 854 5530 circumscripti.Jam
874 5454 1049 5524 accipe
1069 5467 1286 5506 carmen
1315 5456 1364 5502 et
1388 5456 1605 5502 cantum
1633 5445 1904 5500 nostrum!

383 5558 674 5621 Adesdum,
722 5553 849 5608 urbs
879 5550 1029 5623 felix.
1077 5563 1212 5602 nova
1251 5545 1441 5609 Roma,
1484 5542 1691 5597 celebra
1737 5541 1908 5594 domi-

314 5664 441 5711 num
482 5655 633 5701 tuum
691 5641 1135 5710 potentissimum,
1191 5636 1545 5694 liberatorem,
1585 5632 1907 5686 salvatorem

316 5755 378 5797 ac
409 5743 856 5809 propugnatorem
903 5739 1071 5784 tuum.
1117 5725 1475 5797 Complectere
1522 5721 1694 5788 ﬁiium
1737 5730 1907 5780 tuum,

316 5846 514 5887 corona
565 5828 843 5881 dominum
895 5833 1068 5882 tuum,
1127 5818 1370 5873 manibus
1416 5815 1737 5887 pedibusque
1785 5827 1909 5882 ape-

1984 3365 2227 3418 KatéOau
2262 3365 2387 3431 τοὺς
2423 3366 2742 3438 πλοκάμους
2781 3385 2875 3422 σου
2898 3406 2914 3432 ,
2950 3366 3185 3422 κατέθου
3233 3366 3332 3435 τὴν
3368 3367 3567 3435 στολήν

3366 3473 3483 3510 σου.

3366 3473 3483 3510 σου.

1994 3548 2137 3602 Ἀλλ’
2163 3544 2322 3619 εὗρες
2352 3552 2554 3619 κράτος
2592 3553 2806 3623 ἄμαχον
2836 3552 3118 3622 γενναίαν,
3142 3554 3272 3608 νέαν
3304 3456 3499 3622 ρξὒμην

1985 3638 2092 3691 Τὸν
2117 3640 2401 3712 ῥωμαλέον
2427 3642 2636 3698 ἄνακτα
2665 3643 2933 3716 δεσπότην
2950 3632 3219 3716 Ἶωάννην
3242 3659 3258 3673 ο
3347 3685 3357 3695 .

1999 3805 2160 3872 vicos,
2193 3815 2361 3864 totam
2404 3810 2668 3882 regionem
2708 3812 3069 3881 cymbalorum
3094 3825 3222 3864 sono
3248 3824 3312 3862 ac
3349 3808 3573 3878 strepitat
3645 3816 3665 3838 *ί

2000 3898 2163 3968 reple,
2213 3916 2277 3954 ac
2320 3901 2532 3954 musicis
2584 3901 2953 3954 instrumentis
2997 3917 3062 3955 ac
3109 3898 3348 3953 cantibus
3395 3898 3574 3952 omnia

1997 3999 2239 4044 resonent
2258 3993 2311 4045 in
2335 3993 2586 4046 honorem
2609 3994 2937 4061 sceptrigeri.

2067 4079 2112 4142 Ο
2145 4082 2266 4136 urbs
2296 4081 2484 4148 Roma,
2515 4083 2789 4142 Ausonum
2816 4090 2996 4152 caput.
3034 4080 3297 4136 invenisti.
3332 4094 3448 4134 sero
3475 4078 3570 4132 de-

1990 4190 2156 4237 mum,
2189 4173 2297 4226 'sed
2339 4179 2517 4227 tamen
2562 4172 2811 4226 invenisti
2854 4171 3108 4226 mundum
3142 4178 3310 4232 tuum,
3376 4166 3576 4222 libera-

1988 4266 2156 4312 torem
2208 4268 2393 4322 tuum,
2441 4257 2854 4328 justiﬁcatorem
2905 4268 3092 4322 tuum;
3156 4257 3411 4329 terminos
3460 4261 3576 4306 tnos

1991 4348 2189 4418 profer,
2226 4346 2381 4401 aulas
2416 4355 2533 4409 tuas
2564 4345 2834 4416 ampliﬁca
2874 4355 2923 4399 et
2958 4344 3247 4399 secundum
3285 4357 3465 4396 omnes
3497 4341 3576 4393 di-

1993 4438 2290 4492 mensiones
2345 4437 2674 4507 magniﬁca;
2718 4435 2970 4492 exalteris
3017 4439 3151 4491 sicut
3195 4435 3403 4494 cedrus,
3442 4433 3577 4487 sicut

1992 4527 2111 4581 vitis
2160 4525 2451 4596 amplieris.
2485 4523 2778 4596 Supercilia
2804 4541 3015 4578 sursum
3060 4539 3182 4592 age,
3217 4522 3441 4575 inimicis
3472 4522 3578 4574 tuis

1995 4615 2236 4681 minare;
2283 4615 2474 4668 Persas
2504 4616 2649 4669 vince
2680 4621 2730 4666 et
2762 4613 2945 4667 lwtare
2992 4612 3207 4677 animo;
3245 4610 3424 4680 subige
3459 4609 3583 4664 bar-

941 4738 1315 4797 rocessionem
1366 4730 1762 4801 triumphalem
1792 4727 1879 4801 do-

1997 4700 2208 4765 barum,
2237 4703 2560 4773 triumphum
2590 4702 2654 4756 de
2672 4703 2785 4773 ipso
2813 4717 2931 4772 age.
2957 4709 3007 4754 et
3042 4699 3262 4771 posteris
3286 4697 3584 4767 benefacto—

2002 4808 2113 4846 rem
2145 4793 2424 4847 annuntio.

2073 4882 2205 4939 Cum
2235 4881 2516 4953 splendore
2544 4897 2608 4935 ex
2640 4881 2854 4940 Oriente
2884 4879 3133 4942 illumisti,
3153 4881 3465 4948 imperator,
3501 4875 3583 4928 sol

2004 4975 2200 5038 divine,
2235 4981 2293 5027 ut
2328 4974 2586 5047 mundum
2616 4974 2730 5026 luce
2765 4985 2875 5033 .tua
2931 4971 3228 5034 collustres,
3294 4983 3398 5022 non
3444 4964 3582 5021 lotus

2004 5066 2214 5136 quidem
2247 5066 2383 5120 sicut
2409 5064 2488 5119 sol
2510 5066 2564 5118 in
2593 5064 2792 5120 Oceani
2819 5064 3057 5133 fluentis,
3089 5061 3181 5116 sed
3207 5059 3398 5114 sudore
3418 5072 3583 5112 aureo

2006 5175 2102 5230 pro
2126 5159 2271 5213 nobis
2296 5158 2562 5212 madidus.
2590 5157 2696 5212 Sed
2721 5166 2768 5210 et
2818 5170 2958 5208 nunc
2985 5155 3217 5208 maxime
3261 5153 3391 5206 sicut
3437 5150 3584 5222 gigas

2006 5253 2264 5320 procedis,
2297 5260 2344 5304 et
2369 5248 2647 5320 splendida
2680 5258 2729 5302 te
2758 5246 2988 5315 undique
3041 5252 3244 5315 trapaza
3287 5240 3585 5295 circumsti—

2009 5352 2158 5416 pant.
2197 5341 2330 5398 Urbs
2358 5343 2563 5395 interea
2596 5341 2688 5394 tibi
2741 5339 2950 5392 obviam
2990 5338 3030 5392 it
3067 5335 3407 5406 amplexum,
3462 5347 3585 5385 cum

2010 5435 2155 5487 omni
2186 5450 2285 5486 sua
2349 5429 2739 5501 pulchritudine
2787 5444 2851 5482 ac
2882 5426 3182 5498 splendore,
3218 5430 3268 5477 et
3301 5422 3452 5493 quasi
3493 5420 3585 5476 ab-

2010 5526 2123 5580 luta
2155 5525 2387 5593 limpidis
2417 5523 2592 5589 undis,
2616 5530 2667 5576 et
2691 5531 2761 5586 te,
2785 5522 3097 5592 imperator,
3129 5517 3324 5588 apertis
3355 5513 3584 5569 brachiis

2008 5616 2479 5686 circumplectitur.

2083 5709 2128 5766 0
2165 5709 2286 5763 urbs
2314 5707 2641 5775 felicissima,
2677 5705 2847 5760 Roma
2872 5721 3006 5760 nova
3026 5720 3046 5770 ;
3072 5706 3334 5757 senectute
3379 5706 3428 5750 te
3462 5694 3594 5767 afﬂi-

2009 5807 2201 5855 xerunt
2241 5798 2442 5852 inimici
2480 5797 2601 5861 tui;
2651 5811 2789 5849 cana
2837 5794 2981 5863 facta
3024 5805 3116 5854 es;
3172 5787 3437 5842 cincinnos
3482 5798 3593 5835 una

319 5935 482 5984 rare;
516 5933 707 5973 vernas
737 5926 851 5969 tuos
882 5911 1119 5982 appella,
1145 5918 1303 5964 natos
1337 5917 1454 5963 tuos
1473 5921 1602 5960 voca
1624 5903 1912 5958 secundum
2012 5910 2129 5948 cum
2192 5901 2328 5947 veste
2387 5890 2709 5961 deposuisti;
2752 5889 2846 5944 sed
2894 5888 3030 5943 vires
3072 5887 3315 5947 invictas,
3362 5887 3592 5934 recentes

327 6011 515 6086 tribus,
562 6010 804 6065 nationes
836 6014 885 6061 et
917 6001 1404 6075 confraternitates.
1462 5996 1654 6056 Omnes
1689 5990 1910 6065 impleto

2013 5996 2062 6045 et
2112 5985 2272 6045 simul
2320 5984 2590 6041 dominum
2645 5983 2925 6049 Joannem,
2979 5981 3164 6052 fortem
3222 5979 3589 6046 imperatorem
