4078 6398
1927 287 2082 305 ’θ’-’⁵

519 390 659 454 1375

508 509 623 562 Kal
647 508 811 590 πάλιν
841 511 1050 583 ἥϐησον
1074 515 1150 581 ὡς
1187 517 1336 588 πρὶν,
1365 520 1459 574 καὶ
1487 521 1636 590 γίνου
1673 524 1768 579 νέα

507 600 613 653 Τὸν
636 589 934 674 βόστρυχον
966 605 1293 677 ὲκπέτασον,
1337 589 1590 684 ἑνδύθητι
1622 589 1936 688 πορφύραν,

509 695 583 748 [Ie
593 695 814 765 ριὸαλοῦ
845 699 937 752 τὸν
963 704 1253 775 στολισμὸν
1284 707 1490 762 ἐκεῖνον
1510 710 1602 764 τὸν
1624 712 1850 782 ἀρχαῖον
1872 732 1886 746 '

509 788 832 860 Κοσμήθητι
858 792 918 845 τὸ
943 795 1253 865 πρόσωπον,
1283 799 1506 871 λούθητι
1529 804 1589 856 τὸ
1617 806 1862 875 σαρκίον,

509 879 620 932 Καὶ
644 881 834 948 φαίνου
857 883 952 936 νέα
977 886 1074 939 καὶ
1103 889 1263 960 καλὴ,
1295 891 1392 945 καὶ
1426 894 1597 965 τέρπε
1626 897 1752 958 τοὺς
1773 897 2044 966 ὁρῶντας.

591 969 837 1042 Ἐπῆραν
860 975 1066 1042 πάντες
1095 983 1336 1050 ποταμοὶ
1368 986 1551 1052 φωνὰς
1597 987 1799 1053 αὐτῶν,
1838 990 1944 1058 ὲπῆ
1956 1007 2078 1060 ραν,

508 1061 621 1125 Τάς
656 1063 754 1129 σάς
789 1067 1280 1140 άνακηρύττοντες,
1300 1061 1558 1144 δέσποτα,
1579 1084 1934 1152 στρατηγίας.

511 1152 718 1227 Ἴστρος
741 1157 841 1228 βοᾷ
870 1160 972 1230 τὴν
994 1161 1148 1232 ίσχύν
1189 1181 1306 1230 σου,
1345 1162 1588 1240 Σάγαριξ
1621 1172 1763 1240 μέγα
1793 1175 2004 1245 κράζει,

510 1246 783 1316 Ὄμνυσιν
807 1251 979 1316 Ἀλυς
1004 1256 1078 1325 μὴ
1102 1255 1228 1310 ἰδεῖν
1251 1257 1339 1311 ἒτε
1349 1278 1439 1328 ρον
1466 1261 1708 1338 βασιλέα,

506 1335 620 1399 Τὰς
648 1337 816 1408 ὖχθας
850 1342 1198 1412 παραθέοντα
1237 1349 1331 1402 καὶ
1372 1335 1600 1407 πίνοντα
1636 1355 1728 1408 τοῦ
1763 1359 2004 1431 ῥείθρου,

507 1427 569 1481 El
596 1430 670 1500 μὴ
697 1431 790 1484 τὸν
825 1437 1317 1511 πορφυροσλάστην
1339 1442 1608 1516 δεσπότην
1657 1427 1934 1524 Ἰωάννην,

506 1520 659 1589 Μηδὲ
695 1522 992 1594 Ῥωμαίοις
1017 1528 1184 1601 μέχρι
1208 1549 1301 1586 σου
1339 1535 1440 1605 τὴν
1461 1537 1634 1609 ῥάχυν
1664 1520 2036 1616 ὑποστρῶσαι²

505 1611 660 1678 Μηδὲ
690 1614 1036 1686 πορθμεῦσαι
1061 1619 1303 1693 λάφυρον
1333 1626 1588 1684 τοσοῦτον
1614 1631 1676 1686 ὲκ
1713 1611 2004 1705 Περσίδος·

505 1703 616 1756 Kal
654 1706 856 1778 γέγηθε
889 1708 991 1779 τῆς
1025 1710 1243 1783 ὲθνικῆς
1271 1717 1614 1790 ἀπαλλαγεὶς
1633 1703 1898 1794 δουλείας,

505 1795 618 1849 Kal
648 1799 732 1851 σοὶ
766 1800 1031 1858 δουλεύων
1070 1804 1166 1860 τοῦ
1197 1806 1413 1877 λοιποῦ,
1459 1813 1552 1868 καὶ
1587 1814 1686 1886 σὴν
1717 1819 2073 1888 προσκλύζων

1775 1910 2002 1984 [χώραν.

571 1974 643 2034 ’Ὠ
670 1981 882 2055 Ῥώμη,
901 1988 1058 2054 πόλις
1081 1991 1375 2062 εὐδαίμων,
1405 1997 1612 2071 πόλιςὴ
1639 1974 2072 2074 Κωνσταντίνου,

507 2073 848 2146 Στολίσθητι,
883 2082 1184 2151 περισαλοῦ
1213 2087 1419 2156 χιτῶνα
1452 2091 1825 2162 πεπλυμένον,

513 2163 802 2232 Ὕπόδεξαι
833 2170 923 2223 τὸν
949 2174 1200 2246 νικητὴν,
1233 2177 1384 2244 δέξαι
1403 2181 1498 2234 τὸν
1524 2181 1772 2252 βασιλέα,

506 2252 615 2306 Kal
643 2257 1026 2328 cobgﬁpﬁnac
1057 2264 1185 2330 τοὺς
1216 2268 1454 2339 χρυσοῦς
1478 2267 1561 2336 οἷς
1593 2274 1895 2347 ἐξηγόρασέ
1920 2295 2002 2346 σε,

515 2344 874 2419 Ἀπόμορξον,
905 2353 1189 2426 ἀπόμαξον
1221 2361 1285 2415 ἐκ
1314 2362 1408 2416 τοῦ
1443 2365 1650 2436 χρυσοῦ
1679 2344 1967 2436 μετώπου,

501 2436 733 2510 Φίλησον
765 2444 890 2507 τοὺς
917 2445 1297 2520 δεσποτικοὺς,
1337 2456 1463 2520 τοὺς
1493 2462 1843 2527 πανωραίους
1886 2463 2076 2535 πόδας,

504 2523 645 2592 Τοὺς
669 2532 948 2601 είρηναίαν
976 2551 1060 2590 σοι
1093 2539 1238 2612 ζωὴν
1263 2523 1808 2618 εὐαγγελιζομέ-νους.

505 2619 610 2672 Σοῦ
633 2620 796 2693 χάριν
820 2627 968 2680 νόσοι
996 2628 1245 2699 σώματος
1274 2635 1352 2706 τῷ
1373 2637 1588 2706 βασιλεῖ
1613 2642 1708 2696 καὶ
1732 2645 1884 2701 πόνοι
1910 2663 1926 2679 ο

504 2708 609 2813 ἰοῦ
642 2711 803 2813 χάριν
831 2717 1002 2813 μάχαι
1028 2722 1124 2776 καὶ
1152 2728 1376 2796 στρατοὶ
1403 2731 1497 2785 καὶ
1523 2739 2021 2813 στρατοπεδαρχίαι

517 2797 732 2897 Ἐκσοῦ
762 2803 819 2856 δὲ
840 2805 942 2875 τὴν
971 2807 1279 2883 άντίχαριν,
1319 2817 1462 2890 πλὴν
1483 2797 1995 2897 τῆς-εὐχαριστίάς.

572 2889 673 2952 Δός
697 2907 810 2960 μοι,
828 2897 991 2951 Δαυῖδ
1007 2901 1300 2974 κιθαρῳδὲ,
1327 2911 1500 2980 μικρά
1525 2889 1620 2968 σου
1650 2889 2070 2993 των-ᾀσμάτων,

504 2980 578 3085 1H
615 2984 679 3085 σὺ
719 2989 911 3057 παρὼν
939 2993 1174 3061 άλάλαζε
1199 3000 1369 3056 ταῦτα
1387 3004 1467 3076 τῷ
1499 3006 1716 3076 βασιλεῖ
1745 2980 1889 3085 μονό

502 3071 597 3172 Ιιῖἰς
624 3074 758 3146 ὕψος
780 3081 1128 3156 άναδέϐηκας
1149 3091 1306 3162 ἑῷον,
1325 3071 1678 3172 τροπαῄιοῦχε,

498 3165 892 3264 θ-ίχμαλωσίαν
917 3177 975 3232 ὲν
1005 3180 1155 3253 αὐτῷ
1184 3185 1387 3260 πολλὴν
1425 3165 1820 3264 ᾐχμαλωτίσω,

501 3254 736 3357 lenaee;
763 3262 975 3357 δόματα
1005 3272 1217 3327 πολλῶν
1236 3254 1540 3350 ἀνθρώπων
1562 3254 1905 3357 ἀλλοφύλων,

501 3343 711 3414 Πάντες
733 3352 782 3404 οῖ
817 3355 1002 3424 πίονες
1036 3362 1136 3434 τῆς
1170 3366 1275 3436 γῆς
1309 3343 1790 3450 προσκεκυνήκάσί
1818 3343 1924 3438 σοί.

494 3517 761 3574 invenisti.
803 3518 930 3574 1am
972 3523 1044 3577 ad
1089 3533 1326 3584 teneram
1377 3541 1587 3590 atatem
1659 3539 1772 3596 redi
1825 3552 1876 3597 et
1938 3559 2074 3598 nova

497 3608 667 3665 Roma
694 3613 811 3680 ﬁeri
843 3631 991 3670 cures
1012 3633 1036 3684 ;
1064 3620 1329 3680 cincinnos
1352 3630 1628 3698 concinna,
1672 3651 1964 3704 purpuram
1991 3640 2074 3694 in-

497 3702 624 3764 due,
681 3703 956 3774 antiquum
1002 3710 1272 3769 circumda
1330 3719 1612 3787 amictum;
1673 3723 1861 3793 faciem
1909 3743 2065 3796 orna,

495 3808 686 3862 corpus
708 3795 828 3850 lava
854 3835 870 3860 ,
904 3813 1037 3856 nova
1067 3810 1118 3856 et
1146 3803 1381 3874 formosa
1427 3827 1714 3882 appareas,
1761 3825 1810 3871 et
1835 3817 2068 3875 videntes

497 3892 549 3938 te
577 3885 801 3944 delecta.

569 3975 912 4036 Sustulerunt
963 3999 1139 4040 vocem
1164 4003 1318 4044 suam
1353 4005 1531 4047 omnes
1576 3996 1726 4065 ﬂuvii
1747 4034 1762 4061 ,
1796 4012 2069 4054 armorum

494 4073 705 4123 tuorum
724 4070 972 4129 honorem
989 4075 1336 4136 celebrantes.
1349 4080 1488 4137 Ister
1505 4085 1748 4142 virtutem
1775 4097 1924 4144 tuam
1947 4106 2071 4160 pro-

491 4158 728 4228 clamat,
765 4163 985 4235 Sagaris
1015 4167 1128 4224 alta
1158 4187 1278 4226 voce
1306 4171 1527 4242 clamat,
1557 4176 1724 4250 Halys
1744 4180 1899 4250 jurat
1932 4158 2067 4237 nun-

490 4272 658 4326 quam
694 4274 750 4312 se
775 4261 959 4317 vidisse
1006 4265 1378 4336 imperatorem
1417 4273 1564 4341 ripas
1606 4289 1768 4340 suas,
1821 4277 1956 4332 sicut
1985 4285 2062 4345 tu,

493 4357 899 4416 praetereuntem
945 4363 995 4409 et
1046 4358 1139 4428 qui
1189 4374 1255 4415 ea:
1287 4362 1400 4428 ipso
1446 4362 1654 4430 biberit,
1677 4374 1771 4420 aut
1813 4367 2064 4425 Romanis

493 4441 631 4493 sicut
665 4449 721 4496 tu
746 4444 1026 4502 victoriam
1065 4451 1352 4518 arripuerit
1374 4461 1466 4508 aut
1502 4463 1711 4510 tantam
1734 4459 1972 4527 prwdam
1999 4476 2063 4514 ea:

1707 411 2113 479 THEODORI
2149 423 2556 490 PRODROMI

3617 438 3763 504 1376

1810 527 2023 598 Ῥώμη.
2117 539 2157 595 Α
2197 535 2499 610 Ἐξέτεινας
2533 547 2632 618 τὴν
2660 547 2905 618 ἄμπελον
2937 550 3038 621 τῆς
3062 549 3333 621 νεωτέρας
3379 549 3598 622 Ῥώμης

2185 631 2259 684 To
2289 633 2476 704 κλῆμα
2510 639 2672 710 μέχρι
2705 641 3011 709 θαλασσῶν,
3045 642 3260 707 καὶτὰς
3288 645 3652 714 παραφυάδας

2184 723 2478 792 Μεγίστων
2505 730 2634 800 άχρι
2658 733 2924 804 ποταμῶν
2952 734 3128 805 πέρας
3156 735 3339 789 αὐτῶν
3368 737 3584 790 ἀλύων·

2195 816 2284 877 '0;
2315 821 2689 889 προστεθεῖεν,
2731 823 2977 894 βασιλεῦ,
3004 827 3200 892 αἰῶνες
3233 831 3298 899 τῇ
3327 828 3441 902 ζωῇ
3471 847 3587 887 σου.

2268 907 2496 977 Ἀκούω,
2528 911 2638 966 θεῖε
2675 915 2922 985 βασιλεῦ,
2959 917 3301 989 κυνηγεσίων
3336 921 3568 990 νόμους·

2179 999 2375 1072 Χρόνῳ
2404 1002 2504 1070 μὲν
2539 1004 2754 1079 κάπρον
2786 1009 2943 1065 λάϐοι
2979 1027 3082 1076 τις,
3117 1012 3212 1065 καὶ
3240 1012 3379 1084 μετὰ
3414 1011 3635 1084 μόχθων
3662 1013 3764 1067 πό-

3524 1100 3682 1174 [σων,

2180 1180 2372 1252 Χρόνῳ
2399 1183 2443 1236 δ’
2471 1185 2734 1254 άγρεύσοι
2768 1189 3035 1257 πάρδαλιν
3064 1193 3157 1245 καὶ
3188 1191 3256 1244 δι’
3287 1193 3509 1264 ἐνέδρας
3536 1193 3715 1263 πόσης
3734 1207 3751 1224 ”

2179 1272 2254 1326 Τὸ
2279 1274 2369 1326 σὺν
2397 1275 2452 1328 δὲ
2484 1276 2640 1331 τοῦτο
2669 1279 2915 1351 θήραμα,
2941 1281 3002 1335 τὸ
3029 1284 3354 1353 κννηγέσιόν
3390 1303 3484 1339 σου

2180 1361 2409 1434 Μικρῶν
2437 1367 2537 1435 μὲν
2567 1368 2730 1438 ἔργον
2759 1371 3005 1442 ἡμερῶν,
3040 1373 3152 1428 ἀλλ’
3181 1376 3344 1446 ἔργον
3378 1375 3547 1437 ὅντως
3572 1374 3754 1446 μέγα¹

2178 1455 2342 1519 Πόλις
2370 1458 2656 1515 ἁλίσκεται
2703 1461 2893 1533 πολλὴ,
2928 1467 3020 1519 καὶ
3057 1466 3297 1536 φρούρια
3333 1469 3642 1538 κρατεῖται,

2180 1546 2288 1600 Kal
2322 1549 2584 1617 μυριάδες
2614 1551 2836 1624 ἄπειροι
2866 1556 3094 1626 Περσῶν
3120 1557 3620 1626 δουλαγωγοῦνται,

2177 1636 2288 1690 Καὶ
2311 1639 2592 1709 φάλαγγες
2632 1641 2940 1713 Ῥωμαϊκαὶ
2979 1647 3268 1713 πεζεύουσι
3289 1649 3382 1704 τὸν
3419 1651 3608 1717 Ἀλυν,

2178 1730 2287 1784 Kal
2321 1731 2622 1801 σύμπασαν
2646 1734 2926 1806 ληΐζονται
2965 1737 3064 1808 τὴν
3096 1739 3398 1809 ἀντιπέραν
3430 1740 3616 1810 χώραν
3643 1758 3656 1772 ·

2179 1819 2337 1874 Οὕτω
2370 1821 2625 1894 θηρεύειν
2663 1825 2870 1894 ἔμαθεν
2901 1829 2929 1881 ὁ
2964 1829 3252 1899 Κομνηνδς
3275 1829 3573 1902 δεσπότης.

2110 1897 2151 1953 Β
2251 1915 2430 1969 Πολλά
2462 1917 2585 1987 μὲν,
2641 1919 2752 1972 θεῖε
2803 1897 3062 1990 βασιλεῦ,
3102 1897 3196 1974 καὶ
3246 1922 3318 1976 τά
3366 1897 3759 1992 στρατεύματά

3529 2012 3649 2086 [σου
3668 2030 3685 2046 ο

2185 2098 2297 2153 Kal
2335 2099 2389 2153 τί
2415 2100 2524 2172 γὰρ
2551 2099 2584 2167 ἢ
2617 2104 3007 2173 στρατεύματα
3035 2103 3133 2172 τῆς
3158 2103 3552 2174 κραταιότητός
3583 2121 3716 2166 σονς

2188 2187 2356 2242 Ἀλλο
2383 2191 2444 2243 τὸ
2490 2190 2585 2244 νῦν
2626 2191 2964 2262 κατόρθωμα
2999 2195 3252 2264 κρεῖττον
3284 2194 3466 2264 χειρὸς
3510 2194 3761 2264 ἁπάσης.

2185 2280 2350 2344 Πόλις
2399 2281 2641 2351 τοσαύτη
2695 2285 2792 2354 τὴν
2828 2285 3000 2356 ίσχὺν,
3033 2285 3095 2338 τδ
3132 2285 3382 2356 μέγεθος,
3434 2284 3536 2357 τὴν
3581 2286 3761 2352 θέσιν,

2186 2371 2476 2438 Τοσούτοις
2513 2374 2702 2446 κύκλῳ
2735 2376 2942 2446 τείχεσι
2968 2377 3512 2450 ὲμπεριειλημμένη,

2197 2465 2407 2538 Ἀόρνις
2431 2465 2564 2536 άλλη
2591 2467 2687 2520 καὶ
2718 2468 2918 2532 παντὸς
2943 2467 3253 2540 ὑψηλοτέρα
3292 2469 3502 2540 βέλους,

2193 2560 2497 2630 Ἀναιμωτὶ
2542 2560 2898 2630 προστίθεται
2945 2563 3059 2624 τοῖς
3102 2562 3249 2632 ὅροις
3281 2562 3393 2614 τῶν
3429 2561 3754 2632 Ῥωμαίων·

2185 2652 2293 2706 Kal
2323 2650 2504 2715 πόλεις
2534 2649 2691 2706 άλλαι
2713 2651 3005 2721 Περσικαὶ,
3041 2652 3137 2704 καὶ
3174 2651 3414 2723 φρούρια
3450 2651 3644 2722 μυρία,

2184 2743 2294 2798 Kal
2327 2742 2530 2814 πλῆθος
2560 2739 2933 2812 ἀναρίθμητον
2972 2743 3267 2812 αὐτομολεῖ
3297 2743 3593 2814 βαρϐάρων
3614 2759 3629 2774 ·

2184 2837 2395 2899 Ὄντως
2417 2833 2553 2888 Θεοῦ
2583 2833 2644 2887 τδ
2664 2834 2932 2905 τρόπαιον
2960 2834 3056 2889 καὶ
3081 2835 3248 2906 τύχης
3280 2835 3644 2905 Κομνηνίδος.

2260 2923 2321 2977 '0
2347 2922 2446 2993 μὲν
2475 2922 2786 2994 προφήτης,
2827 2922 2916 2976 Ἐν
2948 2923 3134 2996 Ῥαμᾷ
3163 2923 3337 2994 φωνὴ,
3361 2925 3549 2995 φησὶν,
3581 2921 3754 2992 ἠκούε-

3511 3015 3639 3087 [σοη
3660 3030 3678 3048 ⁸

2193 3104 2336 3174 Ἐγὼ
2374 3104 2420 3159 δ’
2447 3103 2721 3171 άλαλάξας
2743 3105 2804 3159 τὸ
2838 3105 3005 3175 ῥητὸν
3037 3108 3134 3161 καὶ
3169 3107 3529 3178 παρῳδήσας,
3565 3107 3708 3172 λέγω
3735 3124 3748 3136 ·

2195 3196 2284 3251 Ἐν
2313 3197 2634 3268 Κασταμόνι
2665 3197 2766 3268 τὴν
2801 3197 2986 3270 φωνὴν
3013 3199 3219 3266 ταύτην
3254 3199 3680 3269 ἐξακουσθῆναι,

2103 3265 2144 3319 C
2181 3284 2382 3356 Περσὶς
2407 3287 2476 3339 τὰ
2503 3265 2671 3340 τέκνα
2699 3265 2986 3351 κλαίουσα,
3028 3287 3103 3358 μὴ
3131 3265 3597 3361 παρακαλουμένη
3625 3307 3638 3321 ⁸

2179 3376 2263 3430 Τὰ
2288 3375 2389 3448 μιν
2416 3375 2527 3448 γὰρ
2560 3376 2984 3449 ἐζωγρήθησαν,
3014 3380 3151 3434 ἀλλὰ
3183 3381 3228 3433 δ’
3260 3380 3675 3451 αὐτομολοῦσιν,

2174 3538 2300 3610 pisti
2315 3554 2334 3602 ;
2368 3543 2645 3608 magnates
2677 3545 2833 3593 terrae
2854 3537 2946 3592 tibi
2969 3553 3141 3609 genua
3165 3541 3448 3610 ﬂexerunt.
3471 3541 3547 3596 Tu
3603 3560 3751 3600 novis

2171 3627 2351 3684 Romae
2377 3629 2535 3682 vitem
2565 3629 2844 3683 extendisti
2868 3630 2937 3682 ad
2969 3645 3115 3683 mare
3143 3645 3304 3700 usque
3331 3639 3381 3684 et
3414 3633 3655 3688 surculos
3679 3639 3749 3689 ad

2169 3721 2430 3775 maximos
2485 3734 2650 3790 usque
2697 3721 2880 3790 fluvios
2944 3723 3294 3792 propagasti;
3347 3739 3512 3789 quare
3562 3728 3741 3788 etiam,

2164 3815 2475 3878 imperator,
2514 3811 2636 3866 vita:
2686 3819 2792 3866 tuae
2845 3813 2976 3866 anni
3008 3815 3152 3866 aucti
3179 3822 3320 3867 sunt.

2239 3899 2397 3965 Novi,
2447 3902 2564 3956 dive
2623 3902 2940 3972 imperator,
2987 3905 3278 3959 venationis
3333 3904 3495 3975 leges.
3541 3907 3744 3976 Aprum

2167 3994 2284 4064 quis
2316 3999 2456 4048 certo
2502 3997 2752 4063 temporis
2794 3995 2967 4064 spatio
3009 3995 3202 4062 capiet,
3255 4011 3349 4050 nec
3403 3998 3519 4049 sine
3551 4013 3745 4066 magno

2162 4084 2376 4150 sudore,
2415 4085 2544 4139 item
2565 4083 2837 4155 pardalim
2876 4101 2980 4138 nou
3005 4085 3120 4139 sine
3153 4103 3349 4157 magna
3379 4095 3495 4140 arte
3535 4105 3598 4141 ac
3623 4087 3757 4158 dolo.

2163 4176 2467 4248 prehendet.
2505 4173 2656 4240 Quod
2683 4183 2739 4228 tu
2768 4178 2974 4231 venaris
3015 4192 3312 4246 paucarum
3352 4179 3557 4233 dierum
3615 4196 3746 4248 opus

2161 4269 2321 4339 idque
2341 4266 2542 4338 grande
2569 4275 2668 4331 est,
2695 4266 2820 4320 urbs
2843 4283 3038 4338 magna
3072 4268 3303 4337 capitur,
3328 4269 3520 4322 moenia
3565 4285 3746 4324 ascen-

2161 4360 2385 4425 duntur,
2409 4359 2719 4413 innumerus
2751 4355 3040 4414 Persarum
3069 4361 3326 4414 exercitus
3351 4362 3408 4415 in
3438 4363 3742 4417 servitutem

2161 4450 2455 4520 redigitur;
2476 4447 2732 4505 Romana:
2755 4448 2986 4520 legiones
3018 4448 3196 4519 Halyn
3241 4452 3520 4522 trajiciunt
3551 4460 3599 4506 et
3629 4467 3744 4507 om-

497 4526 714 4584 Perside
742 4533 998 4591 retulerit.
1024 4537 1226 4596 Idcirco
1260 4539 1476 4599 [wtatur
1496 4561 1550 4600 se
1570 4519 1874 4604 servitutem
1919 4552 2062 4622 apud

2168 4519 2289 4594 nem
2312 4555 2340 4593 e
2372 4539 2580 4610 regione
2602 4546 2804 4594 terram
2853 4538 2994 4609 ferro
3025 4547 3074 4592 et
3118 4541 3238 4610 igne
3275 4550 3506 4597 vastant.
3548 4542 3744 4612 Hujus-

490 4630 698 4676 exteros
723 4625 948 4680 evasisse
975 4636 1024 4684 et
1049 4637 1198 4685 tuum
1244 4649 1463 4705 regnum
1510 4636 1709 4694 alluere
1736 4640 1837 4696 sibi
1876 4642 2063 4698 datum

491 4725 622 4764 esse.
1538 4750 1541 4753 '

565 4801 764 4858 Onova
810 4803 1001 4874 Roma,
1063 4811 1186 4865 urbs
1246 4812 1542 4885 fortunata,
1582 4819 1766 4874 civitas
1803 4820 2063 4877 Constan-

493 4895 612 4955 tini,
645 4895 802 4948 indue
831 4903 880 4950 te
910 4899 1076 4966 pallio
1106 4911 1352 4972 purgato,
1382 4905 1562 4960 saluta
1586 4909 1852 4976 victorem,
1882 4912 2062 4967 saluta

489 4985 860 5055 imperatorem
919 5001 968 5045 et
1021 4994 1268 5050 sudorem
1316 5013 1537 5052 aureum
1570 5017 1673 5071 quo
1704 5011 1753 5056 te
1816 5007 2058 5068 redemit,

492 5074 750 5146 absterge,
801 5079 1027 5147 frontem
1081 5100 1304 5142 auream
1344 5089 1600 5160 absterge,
1655 5093 1807 5162 pedes
1861 5094 2061 5149 domini

490 5165 569 5217 tui
586 5165 959 5235 pulcherrimos
980 5173 1152 5239 basia,
1173 5179 1264 5246 qui
1286 5177 1451 5231 vitam
1479 5180 1757 5248 paciﬁcum
1783 5182 1874 5236 tibi
1897 5200 2061 5238 evan-

487 5254 740 5324 geiizant.
778 5258 872 5315 Tui
912 5266 1088 5332 gratia
1136 5267 1428 5336 imperator
1481 5269 1685 5323 morbos
1745 5285 1806 5324 ac
1853 5269 2058 5326 labores

485 5348 728 5414 spernit;
763 5352 840 5404 tui
891 5369 1014 5425 ergo
1047 5372 1251 5426 pugnas
1289 5364 1448 5427 atque
1494 5374 1672 5412 omnes
1701 5358 1825 5414 belli
1852 5360 2058 5417 labores

485 5435 768 5504 exantlat;
802 5451 1014 5510 gratum
1053 5447 1154 5516 ipsi
1180 5447 1358 5518 itaque
1387 5449 1628 5502 animum
1649 5450 1895 5513 prwbeto.

563 5525 646 5580 Da
684 5529 834 5596 mihi,
865 5531 1035 5588 David
1062 5537 1366 5605 citharoedo,
1400 5545 1607 5609 partem
1656 5539 1892 5610 aliquam
1928 5560 2057 5596 can-

488 5616 711 5670 ticorum
735 5627 964 5687 tuorum,
993 5633 1107 5688 aut,
1124 5627 1170 5679 si
1189 5627 1362 5692 malis,
1383 5628 1694 5698 imperatori
1717 5646 1829 5684 meo
1857 5631 2056 5686 occine.

490 5703 576 5786 Tn
607 5709 935 5765 Occidentem
961 5713 1182 5783 signifer
1211 5719 1595 5782 transcurristi,
1637 5718 1826 5774 multos
1889 5723 2058 5790 capti-

475 5787 580 5870 ⁵υθέ
605 5797 791 5866 fecisti,
822 5819 854 5856 a
881 5804 1122 5875 plurimis
1166 5811 1394 5866 externis
1445 5810 1680 5881 gentibus
1737 5812 1879 5869 dona
1911 5830 2056 5869 acce-

2165 4633 2309 4686 modi
2326 4640 2544 4685 venator
2577 4638 2653 4685 est
2677 4630 2973 4686 Comnenus
3006 4631 3248 4687 dominus
3279 4643 3476 4689 noster.

2240 4719 2398 4774 Multi
2433 4728 2557 4774 sunt
2611 4720 2724 4783 tibi,
2787 4722 3076 4787 imperator
3122 4722 3315 4786 divine,
3368 4725 3650 4788 exercitus,
3690 4737 3741 4780 et

2164 4813 2395 4882 undique
2421 4810 2678 4865 militibus
2705 4818 2755 4863 te
2775 4813 3028 4880 stipatum
3051 4813 3220 4867 video.
3255 4813 3403 4869 Nihil
3441 4824 3530 4869 tua
3564 4818 3742 4887 majus

2160 4905 2488 4974 fortitudine.
2547 4904 2678 4960 Urbs
2723 4906 3014 4976 fortissima
3052 4918 3103 4961 et
3144 4909 3510 4977 magnitudine
3537 4919 3587 4963 et
3637 4911 3742 4966 loci

2159 5004 2358 5050 natura
2399 5006 2446 5050 et
2483 4997 2734 5051 moenibus
2786 4999 2989 5053 invictis
3021 5007 3070 5053 et
3103 4999 3379 5053 altioribus
3414 5018 3575 5071 quam
3618 5019 3739 5072 qua:

2160 5086 2322 5140 telum
2351 5103 2604 5157 superare
2641 5086 2842 5150 valeat,
2889 5089 3032 5142 nullo
3064 5093 3324 5161 sanguine
3347 5090 3512 5159 effuso
3536 5095 3590 5146 in
3633 5093 3741 5147 Ro-

2163 5191 2443 5228 manorum
2476 5175 2728 5230 ditionem
2759 5178 2920 5233 cedit.

2228 5267 2361 5320 Alia:
2385 5281 2589 5336 quoque
2624 5264 2849 5322 Persica:
2871 5269 3047 5332 urbes,
3070 5275 3316 5323 sexcenta
3359 5268 3602 5332 castella,
3656 5271 3742 5324 in-

2158 5353 2316 5422 ﬁnita
2347 5355 2566 5426 denique
2592 5357 2945 5412 barbarorum
2979 5360 3260 5413 multitudo
3315 5360 3367 5412 in
3403 5367 3496 5413 tua
3553 5369 3736 5414 castra

2155 5446 2478 5517 perfugiunt,
2524 5447 2632 5504 Deo
2669 5451 2744 5504 sic
2775 5449 2979 5505 volente
3005 5466 3068 5504 ac
3096 5449 3483 5507 Comnenorum
3519 5453 3740 5522 fortuna

2147 5535 2397 5600 juvante.

2230 5628 2517 5702 Propheta,
2549 5634 2616 5690 In
2631 5633 2827 5700 Rama,
2847 5638 3038 5705 inquit,
3061 5650 3162 5690 vos:
3180 5635 3366 5690 audita
3385 5645 3482 5701 est,
3509 5638 3579 5692 ad
3599 5639 3740 5706 quod

2155 5739 2248 5793 ego
2280 5734 2484 5780 mutato
2526 5729 2735 5782 nomine
2767 5737 2816 5782 et
2853 5727 3343 5794 loco,Castamone,
3383 5730 3519 5794 dico,
3550 5729 3736 5784 eadem

2153 5813 2251 5869 illa
2284 5831 2382 5870 vos;
2411 5817 2595 5874 audita
2631 5829 2710 5874 est
2747 5833 2766 5874 :
2794 5818 2970 5875 Persis
3001 5827 3153 5874 natos
3186 5833 3305 5872 suos
3334 5819 3467 5886 ﬂens
3501 5829 3550 5874 et
3589 5820 3736 5876 sola-
