4078 6386
289 301 426 364 13η

293 415 471 468 ’Λλλα
501 412 546 465 δ’
581 409 762 464 αὐτῶν
798 408 1072 463 ἀπέθανον
1106 408 1164 460 ὲν
1191 405 1423 476 στόματι
1448 408 1752 480 μαχαίρας.

287 505 464 559 Φυόοῦ
495 521 609 574 μοι,
631 503 743 556 πᾶν
769 503 830 554 τδ
860 499 1158 571 βάρϐαρον,
1185 499 1260 570 μὴ
1278 499 1458 571 πάθης
1483 501 1552 555 τὰ
1573 500 1863 570 Περσίδος,

291 597 357 650 Οἱ
392 596 641 657 πίνοντες
671 593 766 646 τοῦ
797 593 1092 662 Τίγρητος,
1123 591 1174 643 oi
1204 591 1451 655 πίνοντες
1476 591 1571 645 τοῦ
1598 592 1816 658 Νείλου,

290 688 356 741 0i
380 686 518 755 πρὸς
546 685 760 754 δυσμὰς
807 683 1092 747 Αἰθίοπες,
1127 683 1175 734 οί
1206 683 1343 753 πρὸς
1375 683 1550 751 αὐγὰς
1579 682 1756 751 ἡλίου,

291 778 358 836 Οἱ
394 781 490 832 τοῦ
529 779 744 848 βορείου
769 776 1057 847 κλίματος,
1088 774 1241 846 ἢτοῦ
1271 776 1618 847 νοτιωτέρου.

363 874 426 924 ’Ὡ
443 872 623 941 δεῦρο,
648 870 804 934 πόλις
821 868 1156 938 Κασταμὼν,
1170 869 1352 940 δεῦρο,
1383 868 1672 940 Ῥωμαίων
1687 870 1864 936 πόλις,

288 967 517 1036 Χρόνων
557 964 774 1017 πολλῶν
798 963 1068 1034 ἀπόδημε,
1103 963 1286 1033 φυγὰς
1321 963 1550 1035 μακρῶν
1581 964 1828 1018 αἰώνων·

291 1057 405 1112 Ποῦ
441 1056 606 1127 μέχρι
633 1055 728 1110 νῦν
760 1056 1104 1119 ἀπεπλάνας,
1143 1053 1248 1108 ποῦ
1285 1056 1448 1124 μέχρι
1477 1053 1572 1108 νῦν
1608 1055 1830 1122 mare:

288 1152 417 1218 Πῶς
449 1152 858 1224 ἐκαρτέρησας,
883 1151 1031 1216 εἰπὲ,
1067 1151 1168 1221 τῆς
1206 1150 1434 1220 Ῥώμης
1461 1147 1825 1218 χωρισθῆναι,

287 1247 402 1301 Kal
433 1245 782 1316 συναφθῆναι
809 1247 924 1308 τοῖς
963 1245 1201 1316 ἐχθροῖς,
1240 1242 1467 1313 μιγῆναι
1501 1243 1615 1309 τοῖς
1661 1238 1868 1310 βαρϐά-

1611 1331 1788 1404 [ροιςς

294 1429 359 1482 Ὢ
392 1427 578 1500 δεῦρο,
610 1429 707 1482 καὶ
731 1427 946 1498 φιλήσω
970 1444 1056 1492 σε,
1096 1426 1194 1480 καὶ
1221 1425 1630 1498 περιπτύξομαί
1657 1441 1716 1478 σε
1740 1439 1754 1454 °

299 1521 360 1574 Ὀ
397 1521 670 1590 κρατερὸς
701 1520 811 1590 γὰρ
841 1518 1097 1590 βασιλεὺς
1125 1519 1514 1572 ὲπανεσώσατό
1559 1535 1638 1578 σε,

289 1614 400 1666 Kal
442 1613 504 1666 σὲ
539 1614 654 1674 τοῖς
696 1613 809 1674 σοῖς
840 1611 1129 1664 ἀπέδωκεν
1175 1615 1240 1662 ἐκ
1288 1611 1397 1662 τῶν
1439 1608 1656 1680 ἐχθρῶν
1685 1608 1866 1679 ἀρπά-

1629 1699 1752 1772 [σας
1775 1714 1789 1730 ⁸

285 1792 359 1872 ’ῼ
389 1800 483 1854 καὶ
516 1800 575 1853 τὸ
607 1799 970 1870 χαριστήριον
1000 1797 1203 1860 ἀπόδος
1233 1796 1532 1866 εὐφημίας,

295 1889 388 1954 Ὦς
423 1892 719 1961 ῥυσαμένῳ
755 1907 814 1942 σε
847 1891 1055 1960 πικρᾶς
1085 1886 1436 1958 βαρϐαρικῆς
1468 1886 1738 1950 δουλείας.

361 1983 521 2036 Ἥλιε
553 1983 685 2048 θεῖε,
720 1979 942 2051 βασιλεῦ
977 1981 1256 2051 φωσφόρε,
1295 1978 1623 2048 σελασφόρε,

299 2063 650 2142 ’Ᾱπέκρυψας
675 2075 768 2128 τὸν
802 2074 976 2144 ἥλιον,
1003 2071 1228 2143 λάμψας
1259 2072 1341 2134 είς
1371 2070 1476 2141 γῆν
1509 2070 1652 2142 ἑῴαν
1672 2087 1685 2103 ·

287 2169 361 2222 Σὺ
393 2167 526 2237 γοῦν
550 2168 741 2221 λοιπὸν
774 2165 1058 2228 ἀνάτελλε.
1098 2167 1161 2219 σὺ
1187 2165 1318 2234 γοῦν
1340 2164 1702 2229 ἀκτινοϐόλει,

288 2261 400 2333 Τὴν
428 2260 505 2314 ἕω
531 2258 940 2328 καταπύρσευε,
977 2258 1226 2328 δᾳδοῦχε,
1254 2256 1354 2324 τὴν
1389 2258 1652 2328 ἑσπέραν,

290 2354 558 2416 Κάκεῖνος
583 2353 658 2412 ὼς
698 2351 966 2422 παρήλιος
995 2350 1080 2403 σοὶ
1101 2346 1584 2417 παρανατελλέτω.

292 2449 464 2516 ’Δφες
484 2446 620 2510 τοὺς
640 2445 866 2509 ῑππους,
900 2443 1043 2513 ἥλιε,
1071 2440 1345 2511 κατάϐηθι
1371 2441 1465 2495 τοῦ
1489 2441 1704 2512 δίφρου,

299 2538 360 2592 '0
395 2538 773 2606 στρατηλάτης
797 2535 1052 2605 βασιλεὺς
1078 2532 1479 2604 ἀρματηλάτης
1504 2533 1648 2588 ἔστω
1671 2551 1688 2567 ο

289 2631 405 2685 Ούκ
435 2631 722 2699 ὲκσπασθῇ
759 2630 856 2696 τῆς
885 2628 1141 2696 ἄντυγος,
1181 2627 1242 2679 οὐ
1273 2625 1422 2696 ῥίψει
1455 2626 1556 2689 τὰς
1581 2626 1762 2696 ἡνίας,

287 2722 364 2776 Οὐ
396 2723 537 2793 πέσῃ
567 2721 704 2790 πρὸς
745 2721 1048 2790 Ἠριδανὸν,
1079 2718 1140 2771 οὐ
1175 2718 1285 2789 γάρ
1330 2720 1448 2772 ἐστι
1479 2720 1726 2784 Φαέθων,

300 2811 445 2864 Ἀλλ’
466 2806 574 2864 οἶδε
610 2811 814 2880 νόμους
844 2808 1101 2880 ἱππικῆς,
1135 2805 1243 2863 οῐδε
1275 2810 1454 2874 καλῶς
1487 2811 1762 2867 ἱππεύειν.

371 2900 696 2972 ’Υόρίστρια
726 2900 821 2975 καὶ
848 2900 1094 2970 μοιχαλὶς
1125 2900 1237 2970 ἑῴα
1259 2900 1584 2971 κληρουχία,

290 2993 483 3067 Χήραν
522 2994 758 3064 στνγνὴν
803 2992 1064 3063 ἑώρακας
1107 2993 1207 3064 τὴν
1242 2991 1536 3048 δέσποιναν
1587 3009 1682 3046 σου
1732 2994 1869 3048 Ῥώο

1635 3084 1791 3157 [μην.

289 3179 402 3234 Kal
430 3179 624 3249 χεῖρας
659 3172 802 3247 ἦρας
827 3174 948 3229 κατ’
976 3173 1146 3243 αὐτῆς
1170 3173 1613 3246 ἐλευθεροβοῶσα
1634 3193 1650 3207 ι

304 3271 596 3342 ’Δπέδρας,
629 3269 1048 3338 ἀποπέφευγας,
1092 3266 1352 3337 μετέϐης,
1386 3267 1736 3338 μετῳκίσθης

292 3431 425 3489 tium
451 3446 554 3484 non
578 3429 900 3496 admittens;
930 3430 1028 3485 alii
1050 3431 1192 3486 enim
1212 3430 1312 3486 vivi
1335 3431 1474 3501 capti
1502 3437 1660 3496 sunt,‘
1682 3431 1776 3484 alii
1801 3431 1871 3485 ad

287 3518 487 3572 hostem
512 3519 841 3588 perfugiunt,
879 3526 938 3570 ut
966 3519 1212 3574 omittam
1252 3534 1338 3573 eos
1389 3519 1478 3588 qui
1519 3518 1662 3588 ferro
1702 3520 1872 3589 perie-

288 3617 434 3662 runt.
483 3608 621 3664 Cave
670 3625 733 3662 ne
788 3610 927 3663 idem
980 3611 1117 3681 quod
1149 3611 1421 3677 barbaros,
1459 3611 1598 3683 quod
1627 3612 1871 3666 Persiam

287 3701 576 3766 interemit,
615 3701 706 3756 tibi
736 3701 940 3755 malum
966 3703 1193 3767 eveniat,
1225 3709 1274 3756 et
1303 3703 1442 3774 quod
1499 3705 1702 3775 experti
1748 3709 1873 3758 sunt

289 3794 379 3861 qui
409 3791 628 3862 Tigrim,
663 3793 754 3862 qui
787 3791 969 3846 Nilum
1001 3792 1201 3858 bibunt,
1259 3792 1556 3864 Ethiopes,
1583 3793 1875 3849 Occidentis

289 3895 447 3954 atque
462 3883 689 3940 Orientis
709 3885 915 3950 incola',
942 3887 1131 3957 quique
1155 3884 1224 3938 ad
1241 3886 1646 3957 septentrionem
1668 3898 1879 3942 austra-

288 3986 424 4025 tesve
455 3971 642 4043 plagas
671 3982 928 4041 spectant.
1061 4031 1066 4034 ,

357 4066 547 4118 Adesto
578 4066 724 4128 mihi,
782 4063 1070 4118 Castamon
1120 4065 1328 4129 civitas,
1381 4063 1550 4118 Roma
1582 4065 1705 4118 urbs
1753 4081 1872 4133 qua

286 4157 456 4210 multo
514 4157 702 4211 abhinc
737 4167 969 4227 tempore
994 4166 1146 4212 extra
1183 4167 1231 4211 te
1278 4159 1448 4227 posita
1500 4158 1663 4227 fugax
1700 4175 1869 4225 erras,

283 4247 368 4301 dic
391 4246 477 4300 ubi
508 4255 776 4300 terrarum
808 4247 1076 4309 hucusque
1116 4263 1169 4300 es
1231 4245 1468 4316 vagata?
1521 4248 1612 4316 qui
1669 4247 1874 4315 factum

1443 294 1769 355 SCRIPTA
1807 293 2365 362 MlSCELLANEA.

3398 303 3540 370 1378

1888 419 1937 477 Α
1977 411 2310 485 ’Δλάστορας
2346 414 2442 469 καὶ
2465 413 2740 487 πονηροὺς
2770 413 3090 481 συνδούλους
3127 418 3457 489 ὲνυμφεύσω
3481 438 3496 454 '

1981 503 2136 557 Ἐπεὶ
2153 505 2201 559 δ’
2229 508 2414 578 ἐκείνη
2438 507 2536 580 τὴν
2577 508 2816 579 στυγνὴν
2844 509 3081 565 ἀπέθετο
3115 513 3368 585 χηρείαν,

1967 594 2081 648 Kal
2106 597 2197 649 τὸν
2222 596 2364 667 ἑῷον
2403 601 2499 652 καὶ
2529 600 2795 670 κοσμικόν
2823 600 3094 672 δεσπότην
3122 604 3468 677 ὲνυμφεύθη,

1968 687 2232 760 Εὐρέθης,
2290 690 2486 761 ἧχθης,
2545 692 2840 764 κέκαρσαι,
2892 693 3257 767 συνείρχθης,
3308 698 3542 768 ἐμαστί-

3279 787 3463 861 [κθης.

1969 870 2135 934 Δίκας
2161 873 2398 944 ὑπέσχες
2433 874 2522 928 καὶ
2555 877 2746 941 ποινὰς
2777 876 2879 947 τῆς
2909 879 3008 946 σῆς
3031 879 3394 949 ἀποστασίας,

1971 963 2080 1016 Kal
2119 968 2186 1036 τῇ
2229 967 2490 1038 δεσποίνῃ
2527 972 2855 1038 προσκυνεῖς
2885 972 2919 1040 ἡ
2959 971 3122 1038 δούλη
3158 972 3321 1026 πάλιν
3352 973 3542 1044 δούλη.

2041 1059 2247 1126 Περσὶς
2279 1061 2544 1130 ἀλάστορ,
2576 1061 2797 1126 ἀλιιζὸν,
2829 1064 3146 1134 ἀρπάκτορ,
3178 1065 3466 1137 αίμοϐόρε,

1968 1148 2334 1222 Σκυλεύτρια,
2369 1153 2686 1226 φονεύτρια,
2711 1154 2901 1208 κακῶν
2927 1155 3170 1224 ἀπείρων
3209 1159 3417 1229 μήτηρ,

1973 1239 2218 1310 Ἐμαθες
2248 1239 2330 1306 οἷς
2358 1262 2466 1316 περ
2501 1246 2723 1307 ἔπαθες,
2750 1244 2924 1313 ἔγνως
2951 1246 3016 1298 ἐκ
3044 1246 3153 1300 τῶν
3185 1250 3402 1301 οἰκείων

1969 1330 2096 1388 Οίον
2127 1335 2298 1389 κακὸν
2324 1336 2385 1390 τὸ
2424 1336 2690 1406 πολεμεῖν
2723 1339 2818 1389 καὶ
2853 1336 2914 1390 τὺ
2943 1337 3228 1390 σκυλεύειν
3263 1338 3470 1404 πόλεις,

1969 1428 2079 1482 Kal
2109 1414 2274 1482 πόσον
2303 1429 2469 1483 πόνον
2502 1431 2732 1500 φέρουσι
2757 1431 2878 1492 ταῖς
2901 1431 3197 1500 μητρικαῖς
3228 1430 3476 1501 ἀρδείαις

1979 1519 2372 1589 Ἐκσπὼμενα,
2417 1521 2716 1590 συρόμενα,
2743 1519 3082 1590 κτιννύμενα
3107 1521 3175 1573 τὰ
3201 1519 3400 1591 βρέφη.

1969 1612 2144 1666 Πόσαι
2170 1612 2282 1682 γὰρ
2317 1611 2416 1666 νῦν
2443 1613 2540 1666 καὶ
2581 1613 2725 1666 κατά
2761 1611 2822 1664 σὺ
2858 1613 3100 1684 μητέρες
3139 1613 3470 1681 ἀτεκνοῦσι;

1968 1703 2077 1757 Kal
2109 1703 2251 1757 πόσα
2287 1704 2451 1756 τέκνα
2480 1703 2579 1775 τὴν
2611 1702 2792 1772 Θηλὴν
2820 1703 3045 1772 ζητοῦσι
3070 1705 3170 1773 τὴν
3209 1703 3512 1776 μητρῴανς

1968 1797 2080 1851 Kal
2109 1796 2324 1865 νύμφαι
2374 1795 2502 1860 τοὺς
2555 1793 2855 1866 ὁμόζυγας,
2906 1795 3004 1849 καὶ
3051 1793 3271 1865 νύμφας
3313 1797 3363 1850 oi
3405 1815 3546 1868 νυμ-

3293 1885 3430 1958 [φίοι
3449 1904 3466 1954 ;

1977 1977 2346 2050 Ἐπέστρεψεν
2373 1978 2400 2030 ό
2423 1978 2586 2041 πόνος
2620 1993 2718 2031 σου
2751 1976 2968 2040 πάντως
2997 1978 3076 2039 εις
3109 1977 3350 2048 κεφαλήν
3383 1996 3499 2036 σου.

2038 2072 2271 2142 Κροῖσος
2300 2070 2392 2124 τὸν
2428 2070 2598 2124 ’Ᾱλυν
2620 2069 2838 2136 διαϐὰς,
2873 2070 2949 2133 ὡς
2979 2068 3228 2137 λέγουσιν
3255 2073 3304 2124 oi
3335 2071 3504 2142 λόγοι,

1967 2165 2078 2234 Τὴν
2108 2163 2302 2218 ἑαυτοῦ
2336 2164 2604 2218 κατέλυσε
2640 2163 2890 2232 μεγάλην
2921 2160 3193 2228 ἐξουσίαν,

1979 2256 2313 2326 Ἀπατηθεὶς
2337 2256 2414 2325 τῷ
2447 2257 2668 2326 δαίμονι
2698 2255 2791 2308 καὶ
2829 2253 2910 2324 τῷ
2939 2254 3180 2326 χρησμῷ
3209 2255 3286 2327 τῷ
3315 2255 3541 2327 πλάκῳ·

1968 2346 2042 2398 Τὸ
2067 2344 2159 2399 σὺν
2181 2345 2238 2398 δὲ
2266 2344 2364 2397 νῦν
2390 2343 2781 2416 στρατόπεδον,
2813 2344 3148 2414 σκηπτοῦχε,
3180 2345 3542 2416 τροπαιοῦχε,

1973 2437 2117 2509 [iam
2146 2437 2237 2492 τὸν
2268 2437 2436 2492 ’Ἅλυν
2467 2437 2665 2491 διαϐὰν
2695 2438 2791 2489 καὶ
2819 2438 2939 2491 κατ’
2963 2436 3175 2508 ἐχθρῶν
3197 2437 3470 2509 ὁρμῆσαν,

1983 2529 2187 2600 ’Δρχὴν
2209 2529 2476 2582 κατέλυσε
2508 2527 2732 2598 πολλὴν,
2765 2528 2901 2580 ἀλλά
2931 2528 3028 2597 τὴν
3051 2529 3154 2597 τῆς
3186 2529 3471 2598 Περσίδος.

1973 2622 2047 2674 Οὐ
2073 2623 2181 2692 γὰρ
2211 2620 2484 2694 ἐθάρρησε
2528 2620 2765 2692 χρησμῷ
2799 2621 2921 2674 οὐδὲ
2954 2621 3136 2688 λοξαῖς
3172 2622 3476 2692 μαντείαις,

1987 2711 2148 2768 Ἀλλὰ
2182 2713 2279 2784 τῆς
2305 2713 2654 2784 Θεομήτορος
2675 2717 2740 2784 τῇ
2771 2713 2893 2784 θείᾳ
2926 2714 3240 2785 συμμαχίᾳ,

1973 2807 2085 2860 Kal
2115 2809 2181 2878 τῇ
2218 2806 2355 2876 πρὸς
2384 2807 2473 2860 τὸν
2500 2808 2862 2861 παντάνακτα
2901 2807 3087 2861 πίστει
3115 2807 3211 2862 τοῦ
3255 2808 3544 2880 βασιλέως,

1975 2903 2085 2955 Kal
2114 2903 2215 2973 τῆς
2250 2901 2516 2966 Περσίδος
2552 2899 2770 2970 ἔκαμψε
2801 2901 2891 2952 τὸν
2917 2899 3122 2970 ὑψηλὸν
3157 2901 3384 2972 αὐχένα.

2044 2993 2153 3047 Ναὶ
2182 2995 2272 3048 ναὶ
2300 2994 2426 3056 τοὺς
2461 2995 2699 3063 Πέρσας,
2724 2989 2970 3060 βασιλεῦ,
2999 2994 3087 3045 ναὶ
3107 2995 3231 3054 τοὺς
3263 2991 3551 3063 ὑπερηφά-

3304 3080 3473 3154 [νους,

1970 3175 2078 3228 Ναὶ
2123 3177 2214 3230 ναὶ
2251 3175 2377 3240 τοὺς
2422 3173 2874 3242 ἀθεσμήσαντας,
2915 3176 3007 3228 ναὶ
3058 3174 3149 3227 val
3183 3175 3315 3236 τοὺς
3357 3174 3552 3246 ἀχαρί-

3262 3264 3472 3337 [στους.

1977 3429 2123 3494 disti,
2179 3435 2228 3481 et
2285 3443 2473 3482 manus
2537 3427 2832 3483 licentiosas
2867 3436 3052 3483 contra
3113 3444 3232 3482 eam
3260 3429 3549 3487 sustulisti:

1979 3519 2250 3588 aufugisti,
2273 3519 2580 3585 surripuisti
2612 3527 2681 3584 te,
2731 3524 2787 3573 in
2831 3518 3000 3574 aliam
3046 3521 3221 3575 abiisti
3263 3520 3548 3587 coloniam,

1977 3625 2094 3663 cum
2120 3611 2278 3666 servis
2310 3612 2566 3680 perversis
2595 3612 2912 3666 connubium
2935 3613 3229 3667 instituisti.
3263 3612 3553 3685 Postquam

1970 3719 2091 3757 vero
2163 3702 2261 3757 illa
2333 3703 2542 3774 lugubri
2615 3703 2870 3758 viduitate
2933 3705 3172 3775 deposita
3240 3707 3554 3778 imperatori

1974 3794 2201 3851 Orientis
2219 3798 2501 3866 nupsisset,
2522 3804 2578 3849 tu
2601 3813 2629 3850 e
2653 3796 2764 3851 loco
2782 3799 3083 3852 abscondito
3102 3806 3374 3867 protracta
3399 3810 3552 3857 tonsa

1976 3903 2052 3952 es,
2088 3888 2143 3940 in
2184 3887 2395 3941 vincula
2449 3887 2706 3957 conjecta,
2739 3888 2961 3956 fustibus
2991 3905 3146 3954 caesa,
3172 3891 3547 3958 condemnata,

1967 3980 2189 4050 denique
2214 3980 2516 4048 defectionis
2539 3989 2642 4035 tua:
2665 3995 2844 4050 poenas
2867 3981 3022 4045 dans,
3046 3991 3168 4034 ante
3193 3985 3376 4037 heram
3401 3994 3550 4038 tuam

1967 4085 2133 4124 serva:
2172 4070 2398 4139 formam
2422 4071 2644 4125 induens
2673 4073 2724 4124 in
2753 4085 2926 4140 genua
2952 4070 3267 4140 procumbis.

2040 4159 2332 4215 Persarum
2389 4162 2536 4214 natio
2584 4162 2842 4225 scelesta,
2873 4162 3156 4230 jactatrix,
3209 4178 3551 4233 rapax.cru-

1974 4249 2105 4306 delis
2127 4292 2142 4316 ,
2179 4251 2471 4322 praedatrix
2491 4291 2506 4318 ,
2537 4251 2850 4321 sanguinem
2892 4251 3108 4315 sitiens,
3141 4253 3377 4305 omnium
3441 4269 3555 4307 nia-

285 4344 362 4390 est
397 4346 454 4388 ut
485 4344 636 4390 extra
663 4333 887 4390 Romam
911 4352 1024 4390 esse
1054 4345 1102 4390 et
1136 4338 1362 4391 inimicis
1405 4337 1746 4406 barbarisque
1767 4338 1866 4390 im—
1889 4353 1948 4415 D
1974 4343 2143 4398 lorum
2172 4345 2285 4414 fons
2312 4352 2361 4398 et
2381 4353 2588 4408 .mater,
2616 4346 2761 4398 exiis
2791 4361 2909 4415 quia
2957 4360 3115 4413 passa
3144 4360 3197 4398 es
3223 4344 3343 4414 jam
3391 4346 3552 4416 probe

287 4427 491 4481 misceri
530 4427 698 4481 satius
757 4427 1018 4482 duxeris?
1054 4426 1167 4482 Huc
1207 4430 1406 4490 adesto,
1451 4436 1509 4481 ut
1554 4427 1704 4481 basia
1771 4429 1866 4484 tibi

286 4524 445 4582 atque
475 4513 778 4584 complexus
835 4513 976 4568 dem.
1013 4514 1388 4586 Magnanimus
1439 4531 1670 4585 namque
1704 4517 1868 4586 impe-

289 4613 438 4656 rator
477 4611 524 4656 te
569 4603 834 4657 salvatam
891 4621 923 4657 a
964 4604 1269 4658 discrimine
1332 4607 1435 4659 tuis
1494 4606 1738 4659 reddidit.
1797 4605 1868 4660 Ei

288 4697 448 4765 igitur
505 4704 682 4766 grates
749 4713 812 4750 ex
867 4698 1053 4750 intimo
1101 4699 1280 4751 animo
1333 4698 1581 4768 repende,
1615 4699 1754 4769 quod
1803 4713 1868 4752 ex

288 4803 478 4842 amara
510 4789 756 4842 servitute
797 4796 846 4841 te
876 4789 1099 4858 feliciter
1128 4791 1342 4858 eripuit.
1479 4782 1487 4802 ¹

364 4879 546 4933 Divine
580 4882 894 4946 imperator,
939 4880 1038 4943 sol,
1099 4880 1303 4949 lucifer,
1349 4889 1404 4933 tu
1437 4880 1602 4934 solem
1652 4882 1869 4935 abscon-

287 4972 433 5035 disti,
502 4972 720 5044 plagam
766 4958 1424 5035 orientalenrillustrasti,
1481 4989 1620 5028 nunc
1681 4990 1867 5028 rursus

290 5063 506 5128 lucesce,
545 5065 726 5118 radios
752 5081 966 5118 rursum
998 5065 1200 5131 emitte,
1255 5063 1524 5119 Orientem
1573 5068 1775 5134 pariter
1805 5084 1868 5120 ac

289 5136 625 5206 Occidenteni
655 5151 769 5220 face
825 5160 918 5204 tua
956 5150 1234 5214 collustra,
1290 5151 1428 5206 alter
1475 5169 1596 5206 vero
1643 5154 1725 5208 sol
1777 5155 1868 5207 tibi

286 5244 531 5298 satellitis
561 5250 819 5314 appareat
843 5242 978 5295 loco.
996 5240 1216 5295 Dimitte
1241 5258 1420 5311 equos,
1436 5243 1537 5309 sol,
1561 5261 1588 5298 e
1605 5261 1763 5298 curru
1782 5246 1888 5304 de-_

288 5340 495 5400 stende,
527 5338 635 5391 dux
668 5337 895 5391 militum
923 5337 1214 5406 imperator
1248 5344 1444 5399 noster,
1476 5338 1745 5390 ascendat.
1773 5338 1870 5391 Hic

288 5433 428 5486 enim
460 5449 563 5486 non
594 5449 622 5485 e
647 5432 766 5486 sede
791 5429 1064 5484 delabetur
1096 5437 1190 5482 aut
1235 5429 1467 5482 habenas
1522 5430 1722 5483 laxabit
1777 5442 1870 5485 aut

290 5521 346 5576 in
376 5523 677 5576 Eridanum
709 5522 896 5587 cadet;
949 5519 1136 5574 melius
1177 5520 1320 5572 enim
1370 5517 1672 5574 Phaethone
1701 5523 1872 5573 curri-

290 5615 468 5669 culum
489 5614 741 5680 absolvet,
771 5623 950 5686 utpote
1003 5613 1136 5668 artis
1168 5614 1420 5684 equestris
1454 5611 1612 5682 plane
1649 5614 1864 5679 peritus.

361 5707 581 5764 Colonia
635 5724 894 5776 arrogans
935 5717 986 5761 et
1017 5707 1262 5761 adultera
1290 5722 1406 5776 qua:
1448 5705 1714 5760 Orientem
1755 5724 1878 5776 pos-

291 5799 451 5866 sides,
487 5798 710 5855 Romam
747 5801 984 5867 reqinam
1015 5810 1162 5855 tuam
1211 5800 1424 5853 viduam
1479 5796 1750 5867 lugubrem
1799 5799 1872 5852 vi-

1971 4436 2109 4488 nosti
2163 4432 2290 4504 quid
2340 4434 2405 4486 sit
2469 4432 2796 4502 belligerari,
2853 4432 2980 4502 quid
3023 4433 3177 4486 urbes
3213 4431 3468 4503 spoliare,
3499 4443 3553 4488 et

1968 4536 2225 4598 quantum
2255 4537 2403 4581 utero
2443 4539 2684 4582 materno
2733 4537 2907 4580 creent
2947 4526 3182 4582 dolorem
3228 4528 3380 4583 liberi
3431 4529 3556 4584 inde

1966 4621 2212 4684 extracti,
2251 4624 2505 4690 protrusi,
2539 4622 2731 4673 necati.
2767 4618 2905 4684 Quot
2935 4619 3078 4690 apud
3109 4631 3158 4673 te
3179 4627 3374 4675 matres
3395 4621 3556 4690 plane

1969 4721 2092 4764 sunt
2160 4698 2406 4765 steriles!
2469 4723 2590 4782 quot
2647 4711 2879 4780 infantes
2958 4711 3262 4766 mamillam
3299 4720 3554 4782 quazrunt

1969 4805 2310 4856 maternam!
2336 4811 2460 4872 quot
2500 4819 2659 4872 porro
2683 4819 2890 4863 sponsa:
2920 4819 3161 4871 sponsos,
3187 4806 3366 4872 sponsi
3396 4819 3558 4870 spon-

1965 4893 2081 4947 sas!
2104 4875 2216 4960 qua:
2237 4895 2414 4946 omnia
2441 4909 2570 4946 sane
2599 4909 2680 4946 res
2707 4893 2796 4947 tibi
2820 4891 3070 4962 capitales
3093 4901 3234 4946 sunt.

2040 4986 2266 5051 Croesus,
2301 4994 2357 5037 ut
2389 4987 2596 5055 antiqui
2626 4989 2906 5053 scriptores
2929 4991 3245 5048 memorant,
3276 4983 3417 5054 Ilalg
3443 4992 3557 5039 tra-

1960 5077 2122 5146 jecto,
2153 5093 2373 5148 regnum
2398 5093 2551 5131 suum
2598 5081 2912 5146 prxgrande
2951 5077 3228 5140 destruxit,
3272 5077 3412 5130 malo
3447 5079 3538 5148 spi-

1969 5172 2079 5223 ritu
2105 5178 2153 5223 et
2182 5168 2402 5222 oraculo
2437 5171 2680 5222 mendaci
2710 5168 2973 5221 seductus.
3019 5166 3156 5219 Tuus
3207 5175 3382 5221 autem
3406 5183 3557 5223 exer-

1969 5262 2136 5324 citus,
2188 5263 2482 5332 imperator
2537 5259 2912 5330 triumphalis,
2973 5257 3116 5328 Halg
3168 5260 3281 5312 sine
3339 5259 3556 5316 navibus

1971 5352 2198 5422 trajecta
2244 5356 2413 5407 hostes
2437 5351 2675 5410 adortus.
2723 5365 2973 5419 magnum
3001 5351 3126 5402 item
3154 5350 3438 5419 imperium
3465 5366 3554 5405 va—

1969 5443 2130 5494 stavit
2161 5440 2452 5495 Persicum.
2491 5440 2608 5495 Non
2635 5442 2774 5493 enim
2802 5439 3032 5493 oraculis
3073 5438 3326 5510 falsisque
3373 5443 3546 5496 vatici-

1971 5533 2069 5585 niis
2091 5539 2165 5583 est
2190 5532 2441 5598 conﬁsus,
2473 5532 2565 5584 sed
2586 5547 2677 5601 spe
2699 5540 2898 5584 erectus
2919 5530 2973 5583 in
3003 5539 3244 5584 sanctam
3266 5529 3556 5602 Deiparam

1973 5629 2021 5672 et
2062 5619 2253 5689 Regem
2291 5620 2560 5688 caelorum,
2593 5622 2705 5675 alta
2738 5621 2935 5674 Persia:
2967 5623 3162 5675 cervice
3191 5621 3364 5690 fracta
3411 5622 3557 5677 vicit.

2049 5711 2321 5782 Agedum,
2371 5714 2697 5784 imperator,
2743 5713 2934 5769 Persas
2983 5714 3268 5784 superbos.
3318 5713 3556 5786 exleges,

1979 5803 2240 5870 ingratos,
2281 5803 2540 5888 periuros,
2587 5803 2835 5871 iniustos,
2877 5804 3124 5872 perfugas
3150 5806 3370 5876 castiga.
3431 5821 3550 5878 apo.
