4078 6396
566 292 708 365 1379

561 409 673 468 Nal
700 407 791 465 val
814 409 946 473 τοὺς
977 404 1466 479 παραπονδητάς,
1504 405 1596 459 val
1622 407 1711 459 ναὶ
1741 406 1868 469 τοὺς
1896 404 2138 474 παρανό-

1862 497 2027 571 [μους
2049 513 2065 528 ’

561 592 675 649 Nal
708 593 836 655 τοὺς
860 591 1140 662 δραπέτας
1172 589 1394 656 κόλαζε,
1428 588 1600 643 τύπτε
1631 589 1759 655 τοὺς
1788 590 2103 654 ἀποστάτας
2122 607 2138 622 ·
2162 651 2179 661 _

564 683 904 756 Προσηλθον,
939 682 1347 751 ηὐτομόλησαν,
1376 683 1859 754 προσκεκυνήκασί
1893 699 1996 748 σοι,

566 777 799 847 Ἔτυχον
830 775 992 842 δόξαν
1013 776 1074 828 ού
1109 774 1312 845 μικρὰν
1339 773 1591 847 πλούτων
1624 774 1876 847 ἀπείρων
1906 777 2065 829 ὅσον⁶

561 869 673 922 Kal
703 845 867 921 πάλιν
894 867 1214 936 ἀπέστησαν
1236 865 1329 920 καὶ
1354 845 1795 938 συνᾶποδράντες
1815 866 2028 931 τούτοις
2047 882 2063 899 ·

560 957 679 1014 Νῦν
712 957 1136 1029 πειραθήτωσαν
1170 958 1354 1029 χειρὸς
1388 957 1487 1027 τῆς
1519 959 1641 1012 τότε
1674 958 2071 1029 φιλανθρώπου

559 1049 814 1120 Σκληρᾶς
844 1048 1067 1118 ἀγρίας,
1093 1048 1361 1118 ἀπηνοῦς,
1402 1049 1746 1118 κτεινούστις,
1780 1050 2137 1118 φονευούσης,

573 1144 718 1200 ’Δνθ’
751 1136 828 1199 ὧν
857 1143 1267 1213 ἠχαριστήκασι
1300 1143 1399 1197 καὶ
1425 1145 1887 1215 παρεσπόνδησάν
1924 1164 2030 1202 σοι.

630 1231 704 1288 '0
734 1233 960 1304 βασιλεῦ
992 1233 1378 1304 τρισαριστεῦ,
1404 1235 1663 1289 Αὐσόνων
1687 1236 2052 1306 αὐτοκράτορ,

552 1308 633 1397 '0
659 1325 822 1396 σῶμα
852 1326 1106 1396 κρεῖττον
1132 1324 1388 1395 σώματος
1418 1366 1432 1392 ,
1465 1328 1562 1381 καὶ
1589 1327 1750 1397 φύσις
1777 1328 1923 1400 ὑπὲρ
1952 1329 2137 1397 φύσιν

560 1414 788 1485 Χειμὼν
815 1415 877 1468 ού
904 1413 1195 1484 κατισχύει
1232 1431 1349 1481 σου,
1379 1414 1513 1487 χιὼν
1544 1418 1605 1470 οὐ
1636 1418 1912 1490 πήγνυσιν
1947 1436 2028 1486 σε,

563 1508 738 1569 Νόσο;
763 1508 824 1558 ού
853 1505 1102 1576 κυριεύει
1132 1522 1252 1572 σου,
1294 1508 1457 1571 πόνος
1488 1508 1589 1562 οὐκ
1621 1510 1819 1581 ἐκνικᾷ
1842 1527 1902 1563 σε
1924 1527 1940 1543 ο

562 1599 756 1653 Νοσῶν
805 1598 1148 1668 στρατεύεις,
1194 1599 1476 1670 πολεμεῖς,
1521 1600 1764 1668 διώκεις,
1819 1603 2138 1673 κατασφάτ-

1894 1694 2058 1767 huc,

450 1856 465 1865 κ
493 1779 525 1807 ’
563 1783 755 1847 Πόλεις
790 1780 1032 1852 πορθεῖς,
1082 1781 1287 1854 ἀνδρας
1321 1782 1591 1857 ζωγρεῖς,
1641 1779 1824 1852 ἕλκεις
1854 1788 2137 1858 αίχμαλώ-

1904 1879 2029 1953 [σας
2046 1898 2060 1913 ο

560 1968 703 2034 Τοὺς
733 1970 1023 2040 λυμεῶνας
1051 1969 1148 2024 καὶ
1173 1967 1399 2040 φθορεϊς
1427 1970 1529 2036 τῆς
1564 1970 1846 2035 πολιτείας
1876 1972 2099 2040 λύκους,

558 2060 746 2125 Κύνας
774 2062 1047 2127 δεικνύεις
1077 2061 1330 2132 φύλακας
1369 2062 1546 2132 αὐτῆς
1573 2063 1675 2133 τῆς
1704 2064 1988 2128 πολιτείας
2009 2080 2023 2095 ·

557 2153 670 2207 Καὶ
703 2153 991 2226 σύν⁶ὑγείᾳ
1029 2155 1169 2224 πρὸς
1201 2156 1353 2225 ἡμᾶς
1380 2155 1475 2208 καὶ
1500 2154 1659 2226 νίκης
1696 2157 2062 2229 ὑποστρέφεις
2084 2176 2098 2191 ·

557 2244 741 2311 Σώζου
774 2263 888 2315 μοι,
917 2247 1116 2314 σώζου,
1154 2246 1400 2318 βασιλεύ,
1427 2247 1518 2302 ναὶ
1551 2246 1728 2313 σώζου
1760 2250 1838 2320 τῷ
1867 2251 1985 2321 λαῷ
2016 2269 2135 2307 σου.

630 2337 727 2401 Τίς
753 2334 859 2390 εἶδε
894 2337 1094 2409 μόχθον
1129 2339 1337 2409 ἰατρὸν,
1369 2338 1467 2392 καὶ
1501 2338 1700 2404 πόνους
1727 2341 2074 2407 λυσιπόνους,

558 2426 671 2480 Καὶ
706 2426 887 2498 μάχην
922 2428 1339 2498 θεραπεύουσαν
1382 2426 1653 2482 νοσοῦντα
1691 2429 1958 2498 pacata;

568 2519 859 2589 Ἐνόσησεν
885 2520 914 2571 δ
938 2519 1196 2589 βασιλεὺς
1223 2520 1284 2575 ἐν
1309 2521 1423 2581 τοῖς
1457 2519 1622 2590 ἀέρος
1654 2521 1869 2588 τόποις,

567 2610 838 2682 Ἱππασίῳ
869 2611 1182 2682 κατέδραμε
1217 2613 1321 2684 τὴν
1360 2611 1548 2683 χώραν
1580 2611 1692 2666 τῶν
1729 2612 2023 2686 βαρϐάρων
2044 2633 2059 2648 ·

571 2700 950 2773 Ἦρίστευσεν,
981 2703 1255 2774 ἐνίκησεν,
1287 2698 1420 2774 ἦλθε
1451 2703 1639 2768 λυθεὶς
1667 2704 1768 2774 τῆς
1804 2706 1962 2759 νόσου
1984 2721 2000 2736 ⁸

560 2790 627 2842 Τί
669 2789 851 2857 τοῦτο,
884 2789 994 2844 θεῖε
1038 2790 1301 2862 βασιλεῢ;
1335 2791 1623 2861 νοσοῦμεν,
1658 2793 2059 2863 καχεκτοῦμεν,

559 2880 670 2934 Καὶ
700 2881 910 2944 κλίναις
944 2881 1339 2951 ἐπιπίπτομεν,
1369 2881 1467 2935 καὶ
1497 2881 1769 2953 φάρμακα
1793 2883 2090 2955 ζητοῦμεν,

560 2971 668 3024 Καὶ
700 2972 1239 3044 παραφυλαττόμεθα
1265 2972 1402 3037 τοὺς
1429 2972 1696 3038 πνέοντας
1730 2976 1972 3046 ἀνέμους
1992 2994 2008 3011 ο

555 3061 629 3115 Σὺ
661 3062 718 3116 δὲ
745 3066 925 3128 νοσεῖς
954 3065 1049 3118 καὶ
1098 3066 1446 3136 στρατηγεῖς,
1483 3066 1550 3120 σὺ
1600 3067 1644 3120 δ’
1680 3069 1992 3139 ἀρῤωστεῖς
2038 3071 2132 3124 καὶ
2160 3067 2204 3125 ο

1774 3161 2052 3228 σφάττεις,

1774 3178 1806 3214 σ
1851 3161 2000 3216 άττει
2037 3204 2052 3228 ,

555 3244 667 3299 Kal
706 3248 843 3319 πρὸς
898 3248 1179 3319 χειμῶνας
1228 3249 1290 3307 ἐν
1333 3249 1518 3321 ταυτῷ
1557 3253 1655 3306 καὶ
1704 3159 1920 3325 Baptae
1970 3181 2130 3309 ἀῖθοο

1844 3346 2057 3421 [πλίζῃ.

552 3509 724 3557 statas
761 3500 1000 3571 flagella,
1040 3517 1242 3557 memor
1272 3502 1410 3574 quod
1436 3513 1695 3561 venerunt
1716 3509 1984 3577 quondam
2018 3527 2135 3583 per-

555 3592 805 3660 fugarum
829 3592 998 3659 specie
1036 3593 1093 3646 in
1147 3593 1302 3662 pedes
1354 3602 1480 3649 ante
1520 3603 1571 3649 te
1619 3594 1781 3652 voluti
1829 3600 2133 3655 divitiarum

554 3678 723 3747 pretio
747 3718 761 3743 ,
802 3687 982 3749 postea
1038 3680 1255 3735 hostilia
1324 3691 1503 3737 castra
1568 3686 1851 3755 petierunt.
1902 3687 2052 3755 Quod
2083 3692 2131 3745 si

552 3784 743 3823 manus
789 3779 881 3824 tua
934 3779 1045 3824 tum
1085 3773 1335 3842 temporis
1397 3773 1530 3828 lenis
1573 3773 1698 3844 fuit.
1742 3777 1892 3832 hodie
1946 3781 2129 3835 eadem

549 3861 707 3927 dura,
741 3861 1080 3917 inexorabilis
1120 3864 1437 3932 vindicatrig;
1474 3868 1530 3920 in
1560 3868 1768 3923 eosdem
1807 3871 1878 3924 ad
1906 3873 2133 3943 ingrati-

548 3957 746 4010 tudinis
786 3971 848 4007 ac
893 3955 1119 4024 perjurii
1153 3955 1408 4012 ultionem
1447 3960 1668 4016 recidat.

1774 286 2174 349 THEODORI
2203 284 2609 373 PRODROMI

2316 399 2387 454 '0
2416 403 2651 470 Πέρσαι,
2682 400 2913 471 Πέρσαι,
2938 398 3206 470 βάρὸαροι
3235 397 3337 467 τῆς
3361 399 3436 452 ἕω
3456 398 3826 469 λυμαντῆρες,

2258 495 2655 566 Ἀρπάκτορες,
2681 494 3002 563 ἀλάστορες,
3039 492 3226 563 θῆρες,
3252 492 3500 561 αἱμάτων
3533 494 3750 563 ἄνδρες,

2245 586 2358 658 Τὴν
2396 586 2606 658 πλάνην
2653 586 3030 655 κατακρίθητε
3070 585 3166 639 καὶ
3195 585 3295 655 τὴν
3331 585 3650 653 ἀειφυγίαν,

2256 678 2527 733 ’Υπόδυτε
2560 680 2661 742 τὰς
2700 678 3029 749 φάραγγας,
3061 676 3296 731 ὑπόδυτε
3316 678 3415 742 τὰς
3443 676 3644 740 νάπας,

2242 770 2480 839 Φεύγετε
2514 770 2731 838 σπάθην
2777 770 3133 841 Κομνηνικὴν
3164 770 3261 824 καὶ
3293 770 3456 839 χεῖρα
3490 768 3776 838 βασιλέως,

2243 861 2336 929 Μὴ
2370 861 2600 931 μένητε,
2641 861 2719 930 μὴ
2748 860 2972 932 μένητε,
3006 860 3240 931 φεύγετε
3273 867 3438 931 τάχος
3472 860 3657 930 τάχος,

2244 953 2397 1023 Ilipa
2424 954 2709 1024 Γαδείρων
2737 954 2924 1016 ἄπιτε,
2954 954 3237 1025 κεράσατε
3267 956 3369 1023 τὴν
3397 953 3631 1024 δούλην,

2248 1044 2488 1113 Πρόσιτε
2513 1047 2628 1108 τοῖς
2657 1045 2973 1116 ἀντιχθόσιν
3004 1042 3037 1117 ἢ
3069 1049 3180 1110 τοῖς
3209 1046 3574 1116 ὑποχθονίοις,

2245 1137 2352 1190 Kal
2386 1137 2622 1191 πίπτετε
2655 1138 2751 1193 καὶ
2780 1138 3049 1209 θνήσκετε
3076 1142 3171 1193 καὶ
3202 1135 3748 1210 καταταρταροῦσθε,

2252 1230 2779 1302 ’Δποδιδράσκοντες
2806 1232 2979 1303 ὀργὴν
3011 1232 3106 1286 τοῦ
3140 1231 3428 1304 Κομνηνού
3456 1232 3744 1287 δεσπότου.

2316 1321 2379 1373 Ὠ
2407 1322 2590 1393 χαῖρε,
2610 1324 2789 1393 χαῖρε,
2817 1321 3068 1392 βασιλεῦ,
3093 1324 3278 1393 χαῖρε,
3314 1323 3677 1395 τροπαιοφόρε
3697 1335 3713 1352 ⁸

2241 1410 2359 1464 Οὐκ
2387 1407 2529 1466 εἶδεν
2554 1413 2707 1482 ἥλιος
2741 1413 2871 1467 ποτέ
2904 1413 3151 1468 τοιοῦτον
3181 1414 3431 1485 βασιλέα.

2240 1505 2363 1559 Οὐδ’
2395 1506 2546 1578 ἣλιον
2573 1506 2823 1577 ἑώρακεν
2864 1506 3124 1577 Ἀνατολὴ
3164 1506 3445 1561 τοιοῦτον⁹

2239 1597 2491 1666 Φέγγεις,
2522 1596 2788 1669 ἀνίσχεις,
2819 1597 3115 1669 δᾳδουχεῖς,
3140 1598 3462 1670 πυρσεύεις,
3484 1598 3825 1663 ἀνατέλλεις,

2239 1691 2354 1744 Kal
2389 1690 2548 1759 νέφος
2577 1691 2638 1744 ού
2686 1689 3031 1763 συγκρύπτει
3075 1708 3159 1758 σε,
3212 1693 3308 1744 καὶ
3355 1690 3511 1745 δύσιν
3551 1692 3612 1745 ού
3658 1692 3829 1761 γινώδ

3537 1785 3658 1855 [σκε
3668 1802 3715 1847 ις
3731 1800 3746 1816 '

2238 1876 2313 1930 '0
2342 1877 2536 1947 φέγγε,
2567 1876 2763 1947 φέγγε,
2797 1874 3040 1945 βασιλεῦ,
3072 1877 3243 1946 φέγγε
3277 1879 3389 1942 τοῖς
3422 1877 3526 1931 ύπδ
3551 1880 3734 1949 χεῖρα,

2243 1968 2577 2040 Περίθαλπε,
2615 1969 2955 2039 περίλαμπε,
2991 1970 3260 2042 ζωπύρει,
3292 1971 3585 2041 ζωογόνει’

2238 2059 2310 2116 '0
2347 2062 2534 2131 φλέγε,
2574 2063 2764 2132 φλέγε,
2794 2063 3014 2134 νικητά,
3051 2064 3221 2132 φλέγε
3260 2066 3387 2128 τοὺς
3415 2063 3729 2136 πολεμίου’,

2239 2152 2445 2225 Φρύξον
2476 2154 2679 2218 αὐτούς
2711 2154 2786 2217 ώς
2816 2153 3074 2223 λάχανον,
3110 2154 3317 2210 καύσον
3361 2155 3559 2218 αύτούς
3598 2153 3673 2216 ὡς
3696 2156 3831 2225 χόρ‹

3591 2242 3707 2314 [τον
3728 2259 3744 2274 ο

2240 2337 2354 2390 Kal
2392 2335 2641 2405 καθαρὰν
2670 2338 2736 2405 τῇ
2766 2335 2920 2388 πόλει
2954 2352 3049 2388 σου
3073 2335 3379 2406 βράδευσον
3411 2336 3511 2407 τὴν
3538 2337 3782 2407 ἡμέραν.

2309 2429 2406 2492 Τίς
2426 2428 2484 2492 ἐξ
2512 2429 2709 2491 αἰῶνος
2732 2427 2934 2498 ἤκουσε
2966 2426 3174 2489 Βάλζον
3208 2428 3310 2481 ὑπὸ
3355 2427 3665 2497 Ῥωμαίους
3688 2443 3706 2493 ;

2238 2520 2332 2583 τίς
2373 2520 2645 2589 Ἀλαμον,
2675 2519 2761 2582 τίς
2796 2519 3052 2584 ¹Ἀλαζον,
3081 2519 3431 2590 ὀχυρωτάτας
3466 2520 3650 2583 πόλεις
3674 2536 3691 2586 ἰ

2241 2610 2351 2662 Kal
2383 2611 2580 2681 φήμην
2628 2611 2798 2681 μόνην
2828 2610 3062 2673 ἄνακτος
3095 2611 3193 2663 ὅλα
3228 2611 3537 2681 πορθοῦσαν
3559 2612 3709 2682 ἔθνη,

2242 2704 2348 2756 Kal
2373 2703 2566 2767 τόσους
2608 2703 2880 2772 ἄρχοντας
2907 2703 3075 2756 ἐθνῶν
3104 2704 3660 2775 ἀνδραποδιζομένην,

2237 2795 2349 2848 Kal
2379 2780 2748 2865 δουλουμένην
2783 2794 3004 2858 ἐθνικὰς
3031 2796 3301 2859 τοσαύτας
3329 2796 3638 2867 μυριάδας;

2236 2883 2333 2945 Τίς
2356 2880 2496 2935 εἶδεν
2519 2884 2617 2952 ἔαρ
2642 2883 2886 2954 καθαρὸν
2908 2886 2967 2937 ἐν
2996 2885 3150 2955 μέσῳ
3176 2886 3511 2958 δεκεμὸρίῳ,

2240 2972 2351 3026 Kal
2378 2973 2505 3036 τοὺς
2536 2973 2882 3045 κρημνώδεις
2913 2974 3009 3031 καὶ
3045 2978 3268 3047 τραχεῖς
3303 2980 3396 3033 καὶ
3446 2978 3824 3050 χαραδρώδεις

3518 3069 3744 3143 ίτὸπους

2246 3159 2682 3231 Ὀμαλισθέντας
2716 3160 2956 3230 φάλαγξι
2988 3163 3343 3233 στρατιωτῶν
3376 3166 3673 3230 τοσούτων,

2235 3254 2348 3309 Kal
2375 3253 2665 3322 διὀὀλίγων
2696 3255 2925 3324 ἡμερῶν
2958 3254 3119 3325 ἔργον
3145 3257 3345 3320 αἰῶνος
3376 3259 3499 3312 ὅλου
3524 3276 3538 3324 ;

2237 3344 2346 3413 Σῆς
2372 3343 2654 3414 εὐτυχίας,
2680 3342 2925 3414 βασιλεῦ,
2958 3346 3096 3418 ἔργα
3120 3349 3188 3401 τὰ
3219 3349 3500 3417 γεγονότα.

2231 3513 2417 3561 contra
2440 3511 2715 3559 ventorum
2732 3504 2921 3572 flatum
2946 3518 3040 3557 nos
3065 3502 3491 3573 pramunientes.
3518 3496 3591 3562 Tu
3609 3520 3810 3579 autem,

2230 3596 2475 3668 quamvis
2523 3602 2774 3665 agrotus,
2822 3597 3110 3649 exercitum
3153 3598 3322 3662 ducis,
3370 3600 3568 3653 hostem
3605 3600 3810 3671 fundis,

2228 3695 2415 3739 contra
2440 3685 2558 3739 cali
2582 3687 2947 3756 intemperiem
2976 3703 3124 3758 aque
3152 3703 3216 3742 ac
3247 3690 3442 3744 Persas
3468 3692 3631 3745 armis
3664 3708 3815 3747 surn-

2228 3776 2331 3846 ptis
2364 3776 2713 3846 procedendo.

2312 3869 2356 3925 0
2390 3867 2565 3924 Persa
2595 3868 2830 3936 barbari,
2866 3867 3095 3925 Orientis
3129 3873 3306 3940 pestis,
3343 3874 3505 3944 fures,
3536 3874 3808 3941 scelerati,

2226 3967 2425 4030 bestia,
2476 3963 2748 4026 occisores,
2786 3964 2876 4033 qui
2909 3963 3151 4018 exsilium
3177 3967 3451 4021 meremini
3474 3978 3809 4040 perpetuum,

618 4045 662 4100 0
712 4048 1003 4115 imperator
1045 4048 1435 4113 potentissime,
1483 4065 1576 4103 rex
1620 4049 1886 4108 Italorum
1908 4096 1923 4120 ,
1974 4056 2128 4126 cujus
2223 4060 2280 4113 in
2314 4056 2535 4112 vallium
2569 4056 2849 4109 reconditis
2877 4056 3126 4123 specubus
3152 4072 3240 4111 vos
3273 4058 3612 4126 abscondite;
3644 4063 3809 4116 Com-

548 4151 738 4206 carpus
773 4136 891 4203 plus
922 4152 1085 4206 quam
1112 4138 1426 4205 humanum,
1459 4148 1654 4195 natura
1696 4143 1815 4213 plus
1847 4161 2007 4215 quam
2034 4149 2130 4201 hu-

547 4244 712 4282 mana
752 4228 921 4281 hieme
962 4243 1064 4281 non
1104 4236 1414 4298 superatur,
1445 4232 1561 4285 nive
1614 4249 1716 4288 non
1751 4234 1991 4305 gelascit,
2017 4256 2048 4291 a
2079 4246 2129 4291 te

549 4317 760 4371 morbus
810 4316 1063 4371 incolumi
1106 4319 1321 4384 recedit,
1373 4318 1523 4374 labor
1571 4332 1622 4377 te
1663 4325 1880 4379 minime
1911 4327 2123 4398 fatigat.

2225 4153 2350 4206 neni
2400 4149 2739 4220 imperatoris
2787 4149 2990 4219 ferrum
3034 4160 3083 4205 et
3136 4169 3354 4208 manum
3403 4155 3595 4227 fugite;
3653 4161 3808 4214 nulla

2225 4257 2403 4307 mora,
2454 4250 2604 4310 terga
2644 4241 2867 4306 vertite;
2911 4240 3055 4294 ultra
3096 4240 3288 4307 Gades,
3331 4243 3474 4299 ultra
3515 4245 3709 4301 Thulen
3739 4254 3809 4303 sit

2222 4347 2405 4386 cursus
2437 4339 2641 4395 vester;
2686 4329 2757 4384 ad
2805 4332 3104 4402 antipodes,
3155 4335 3227 4387 ad
3269 4335 3466 4406 inferos
3506 4339 3805 4409 absceditei

549 4408 645 4470 Tu,
699 4409 935 4476 quamvis
982 4416 1210 4478 agrotus
1257 4409 1439 4478 fueris,
1486 4415 1773 4468 exercitum
1802 4415 1859 4468 in
1890 4432 2125 4486 pugnam
2161 4414 2203 4466 D
2230 4424 2357 4477 bene
2387 4423 2530 4477 vobis
2566 4424 2697 4475 mori
2728 4431 2775 4475 et
2808 4424 2862 4475 in
2895 4422 3178 4479 Tartarum
3208 4428 3441 4494 detrudi,
3470 4437 3528 4480 ut
3550 4408 3809 4486 Comneni

550 4498 715 4560 ducis,
744 4498 1043 4565 hostemque
1068 4500 1416 4566 persequeris,
1446 4502 1635 4555 occidis
1655 4519 1671 4567 ;
1691 4505 1841 4558 urbes
1858 4505 2122 4572 devastas,

553 4586 723 4640 hostes
757 4586 895 4638 vivos
927 4586 981 4637 in
1008 4587 1366 4654 captivitatem
1387 4590 1601 4644 abducis
1623 4610 1642 4657 ;
1663 4593 1801 4647 viros
1823 4594 2125 4663 pestilentos

552 4682 602 4727 et
632 4677 787 4743 quasi
818 4673 968 4745 lupos
997 4691 1062 4728 ex
1086 4676 1206 4729 sinu
1232 4679 1459 4749 civitatis
1490 4680 1664 4753 pellis,
1695 4699 1857 4749 canes
1885 4685 1956 4738 ad
1982 4685 2125 4739 illius

546 4764 775 4837 salutem
805 4764 1094 4818 introducis
1126 4763 1329 4831 ﬁdeles.
1359 4766 1576 4840 Semper
1599 4770 1873 4825 incolumis
1895 4781 1945 4826 et
1965 4776 2127 4828 victor

551 4856 620 4907 ad
636 4863 751 4907 tuos
769 4853 974 4909 redeas.
1000 4854 1344 4923 Conservare,
1368 4874 1565 4928 quaso.
1589 4862 1897 4930 imperator,
1929 4873 1977 4918 et
2002 4868 2128 4920 mihi

549 4952 598 4997 et
630 4946 821 5014 populo
850 4954 937 4999 tuo
956 4945 977 4999 !

622 5037 749 5100 Quis
785 5054 1017 5106 unquam
1059 5037 1290 5093 laborem
1325 5047 1375 5092 et
1403 5055 1701 5096 arumnam
1727 5056 1923 5114 agroto
1956 5049 2117 5102 medi-

549 5136 910 5179 camentorum
933 5126 1043 5180 loco
1060 5127 1221 5197 fuisse
1238 5140 1331 5181 aut
1351 5146 1579 5199 pugnam
1601 5133 1910 5201 imperatori
1928 5149 2123 5208 agroto

555 5220 811 5271 medicam
832 5219 1077 5272 virtutem
1101 5223 1384 5290 aspersisse
1416 5223 1577 5291 fando
1600 5226 1808 5278 audiit?
1830 5227 2125 5298 sEgrotavit

534 5315 845 5383 jmperator
879 5314 933 5365 in
963 5315 1163 5383 campis
1198 5316 1390 5378 aeriis;
1425 5314 1511 5367 ubi
1543 5323 1718 5369 autem
1743 5321 1968 5373 hostium
1991 5320 2125 5389 ﬁnes

551 5404 793 5472 equitum
822 5403 1091 5467 intrasset,
1119 5402 1327 5472 fortiter
1357 5407 1641 5474 pugnando
1669 5408 1829 5460 rictor
1857 5424 1919 5462 ex
1942 5412 2125 5477 pralio

464 5540 472 5551 ,
551 5500 599 5542 et
646 5492 825 5544 morbo
861 5489 1108 5543 liberatus
1145 5495 1418 5562 processit.
1454 5493 1601 5548 Unde
1630 5497 1721 5551 tibi
1745 5503 1860 5564 hoc,
1890 5504 2123 5571 impera-

554 5583 669 5636 tor?
684 5582 789 5636 Nos
811 5582 1019 5652 quidem
1045 5584 1191 5637 mala
1212 5586 1510 5639 valetudine
1531 5583 1856 5658 laboramus,
1875 5601 1923 5645 et
1942 5594 2123 5647 statim

553 5676 783 5729 membra
828 5678 881 5730 in
930 5675 1060 5730 lecto
1101 5679 1424 5746 reponimus,
1467 5680 1816 5739 medicamina
1840 5688 2119 5756 poscimus,

2228 4512 2563 4582 imperatoris
2592 4513 2732 4565 iram
2760 4514 3015 4569 evadatis.

2300 4602 2480 4670 Salve,
2515 4604 2805 4673 imperator
2850 4605 3218 4675 triumphans;
3250 4623 3522 4677 nunquam
3560 4620 3681 4664 ante
3725 4614 3835 4667 sol'

2227 4696 2318 4749 tibi
2360 4710 2544 4765 parem
2575 4694 2739 4760 vidit;
2764 4710 3038 4765 nunquam
3060 4695 3245 4751 Oriens
3266 4715 3449 4768 parem
3464 4703 3623 4755 solem
3655 4707 3804 4761 vidit.

2228 4784 2453 4850 Quando
2497 4785 2658 4847 luces,
2690 4794 2739 4837 et
2769 4796 2969 4840 terram
3006 4786 3184 4841 calore
3217 4804 3278 4840 ac
3321 4792 3439 4860 igne
3483 4801 3570 4846 tuo
3610 4794 3809 4862 reficis,

2227 4877 2380 4931 nulla
2406 4886 2455 4931 te
2485 4879 2645 4933 nubes
2671 4878 2888 4949 oﬂ‘uscat
2908 4897 2927 4945 ;
2949 4896 3221 4952 nunquam
3245 4891 3298 4934 tu
3325 4884 3532 4938 occidis.
3561 4882 3804 4954 Lucesce,

2226 4973 2538 5040 imperator,
2572 4972 2691 5040 igne
2725 4979 2814 5025 tuo
2848 4973 3013 5027 vitam
3055 4976 3314 5044 effundas,
3361 4984 3409 5029 et
3451 4980 3623 5033 hostes
3656 4996 3805 5033 eom-

2228 5062 2376 5124 bure,
2416 5060 2553 5113 sicut
2590 5075 2813 5129 gramen
2844 5076 2929 5116 eos
2965 5072 3057 5115 aut
3101 5066 3354 5136 stipulam
3387 5068 3630 5133 delenda,
3668 5071 3806 5123 dies-

2228 5165 2329 5219 que
2364 5166 2524 5219 puros
2547 5150 2738 5220 populo
2764 5165 2853 5205 tuo
2879 5153 3132 5209 reducito.

2300 5238 2427 5304 Quis
2459 5239 2687 5305 Balzon,
2716 5241 2970 5310 Alamon,
2999 5246 3227 5312 Alazon,
3249 5249 3399 5303 urbes
3422 5252 3802 5306 munitissimus

2226 5331 2477 5385 Romanis
2520 5334 2765 5389 subactas
2808 5353 3045 5408 unquam
3083 5340 3329 5393 audivit?
3367 5340 3519 5395 Nunc
3551 5357 3579 5396 e
3613 5353 3802 5396 contra

2224 5420 2338 5475 sola
2390 5424 2727 5492 imperatoris
2776 5425 2923 5495 fama
2977 5430 3217 5484 nationes
3264 5431 3497 5501 integras
3542 5432 3798 5491 destruit.

2227 5513 2418 5567 multos
2464 5518 2695 5587 gentium
2738 5518 3096 5575 moderatores
3136 5524 3191 5577 in
3233 5526 3530 5578 servitutem
3575 5527 3799 5595 redigit,

2226 5604 2487 5673 ingentem
2544 5622 2815 5661 servorum
2859 5611 3257 5665 multitudinem
3301 5613 3579 5683 gubernat.
3636 5614 3801 5667 Nemo

2226 5699 2448 5750 antehac
2476 5698 2530 5752 in
2559 5702 2726 5753 medio
2746 5700 3017 5762 Decembri
3042 5719 3130 5758 ver
3157 5703 3352 5773 florens
3382 5705 3530 5773 vidit,
3563 5716 3652 5760 aut
3686 5708 3798 5760 low
