4078 6384
327 290 479 364 1381

407 415 616 486 ΙἌρατε
648 410 823 473 πύλας
854 405 1113 467 παλαιὰς,
1134 402 1395 472 ἄρχοντες
1425 398 1538 452 τῶν
1565 397 1842 456 Αὐσόνων.

338 510 434 572 Ὦς
465 507 532 562 ἂν
559 504 784 576 εἰσέλθῃ
807 500 873 556 δι’
904 498 1088 554 αὐτῶν
1117 499 1146 551 ὁ
1176 494 1440 565 βασιλεὺς
1466 493 1525 545 ἐν
1549 489 1679 561 δόξῃ
1701 505 1716 519 ο

333 600 479 656 Ἀλλ’
517 598 764 670 ἐρωτᾶτε
794 593 878 656 τίς
901 593 1086 656 festiv;
1120 587 1259 642 ἀλλὰ
1283 581 1625 639 πυνθάνεσθέ
1664 595 1767 650 μου
1792 596 1806 610 υ

348 695 409 748 ’0
438 693 670 761 νικητὴς
694 687 724 740 ό
751 683 1064 755 Κομνηνὸς,
1089 679 1154 735 τὺ
1181 679 1279 748 τῆς
1302 675 1599 749 πορφύρας
1625 671 1807 733 ἄνθος,

343 790 442 839 Ὃν
468 784 665 855 τρέμει
692 780 752 833 τὸ
775 774 1102 840 Γαλατικὸν,
1126 773 1187 826 ὃν
1211 771 1452 825 δέδοικεν
1482 771 1512 822 ὁ
1533 764 1773 833 Σκύθης,

338 875 411 949 τῼ
444 853 747 949 προσκυνεῖ
782 872 843 926 τὸ
890 868 1195 933 Κελτικόν,
1235 857 1281 932 ᾧ
1329 861 1519 924 παῖδες
1566 858 1691 949 τῶνγ
1717 853 1894 926 ’Δρῥά

1676 948 1811 1022 [ϐων
1830 963 1845 977 ·

344 1068 443 1129 Ὃς
474 1064 680 1134 φόρους
703 1059 1016 1115 ἐπιτέθεικε
1042 1058 1164 1117 ταῖς
1195 1048 1554 1122 παριστρίαις
1581 1045 1813 1117 χώραις,

343 1159 443 1210 Ὅν
474 1156 643 1218 Ἅλυς
667 1153 790 1217 ὅλος
827 1148 1088 1213 κατιδὼν,
1112 1147 1172 1201 οὗ
1203 1145 1431 1214 στρέφει
1461 1140 1561 1212 μὲν
1591 1137 1652 1191 τὸ
1681 1134 1916 1208 ῥεῖθρον,

350 1251 492 1304 Ἀλλ’
521 1248 837 1319 ἡσυχάσας,
878 1241 1118 1312 περατὸς
1148 1239 1363 1309 γίνεται
1393 1237 1508 1296 τοῖς
1547 1229 1845 1299 Ῥωμαίοις
1869 1243 1882 1257 ·

340 1340 499 1411 Δύτῷ
519 1341 618 1403 τὰς
649 1338 825 1399 πύλας
852 1336 1029 1406 ἄρατε
1055 1329 1328 1401 λαμπρῶς
1353 1329 1464 1381 είσε
1476 1322 1747 1396 ρχομένῳ.

417 1435 527 1487 Ἴδε
555 1449 674 1499 σου,
704 1430 861 1493 πόλις
887 1423 1340 1495 Ῥωμαῖκὴ,τοὺς
1358 1420 1661 1488 νεωνήτους
1677 1411 1921 1476 δούλους,

343 1526 453 1580 Καὶ
485 1527 547 1578 τὺ
569 1525 678 1596 μὲν
713 1522 921 1584 πλῆθος
948 1518 1130 1581 ἔασον,
1166 1515 1289 1569 οὐδὲ
1317 1512 1428 1584 γὰρ
1458 1508 1797 1580 ἀριθμεῖται,

328 1619 481 1682 ’Τοὺς
540 1617 599 1670 δὲ
650 1613 941 1685 σατράπας
994 1609 1272 1680 μάλιστα,
1315 1603 1414 1659 καὶ
1461 1601 1589 1662 τοὺς
1636 1598 1924 1668 ἐκκρίτους

1688 1686 1814 1759 Ιδρα
1833 1703 1849 1719 ·

1518 282 1842 345 SCRlPTA
1872 277 2433 340 MISCELLAXEA.

1947 401 1989 454 Α
2022 391 2136 460 Τῆς
2168 389 2349 460 ξένης.
2382 389 2482 459 τῆς
2514 388 2803 460 ἐπήλυδος,
2832 388 2931 458 τῆς
2957 387 3565 460 παρεγγεγραμμένης»

2016 482 2129 535 Καὶ
2153 481 2389 550 σύστητε
2418 480 2561 534 κατὰ
2594 481 2816 552 χοροὺς,
2859 480 3099 552 σύστητε
3131 481 3276 535 κατὰ
3302 479 3569 546 κύκλους,

2020 574 2131 638 Τὰς
2151 574 2308 635 νίκας
2338 571 2726 637 παιανίζοντες
2753 573 2850 627 τοῦ
2880 572 3173 642 Κομνηνοῦ
3202 572 3494 627 δεσπότου.

3463 271 3605 340 1382

2093 665 2367 734 Ἔπρεπε,
2407 664 2517 718 θεῖε
2541 664 2794 735 βασιλεῦ,
2827 665 2927 735 τὴν
2956 664 3210 735 βασιλίδα
3243 663 3423 730 πόλιν,

2024 758 2084 810 El
2123 756 2247 810 κατ’
2268 756 2428 822 ἀξίαν
2444 755 2676 827 ἔμελλεν
2710 757 2954 828 ὑμνῆσαι
2988 774 3083 811 σου
3113 757 3240 820 τοὺς
3268 755 3494 823 belong,

2021 848 2327 920 Χρυσῶσαι
2366 849 2550 912 πάσας
2575 850 2799 918 ἀγυιὰς,
2829 850 3051 913 ἁπάσας
3079 849 3178 911 τὰς
3221 849 3500 919 ἀμφόδους

2020 941 2223 1012 Στέψαι
2247 941 2351 1013 τῆς
2372 942 2478 1013 γῆς
2503 942 2566 995 τὸ
2603 943 2902 1014 πρόσωπον
2941 944 3006 996 ὲκ
3035 943 3282 1014 σηρικῶν
3310 941 3531 1011 ἁμφίων
3551 955 3568 970 ο

2034 1034 2159 1088 Ἐπὶ
2202 1033 2482 1106 τετρώρου
2515 1034 2800 1103 πτερωτοῦ
2837 1034 3111 1105 λαμπρῶς
3156 1051 3218 1087 σε
3251 1030 3607 1104 καθιδρύσαι,

2022 1127 2390 1196 ’Δνενεγκεῖν,
2419 1128 2469 1181 εί
2500 1127 2750 1193 δυνατὸν,
2780 1130 2874 1181 τὸν
2907 1128 3165 1198 Ὅμηρον
3191 1130 3250 1192 εξ
3277 1126 3408 1198 ᾅδου

2036 1220 2389 1292 ’Υμνήσοντά
2419 1236 2503 1284 σε,
2529 1219 2780 1289 βασιλεῦ,
2817 1220 2961 1289 μετὰ
2991 1222 3281 1291 στομάτων
3306 1221 3464 1273 δέκα.

2024 1311 2181 1364 Ἐπεὶ
2207 1311 2264 1364 δὲ
2295 1310 2510 1373 τούτοις
2537 1328 2599 1364 σε
2631 1311 2802 1381 τιμᾷν
2830 1312 2864 1382 ἡ
2898 1311 3053 1374 πόλις
3078 1311 3181 1363 οὐκ
3213 1310 3414 1381 ἰσχύει,

2027 1398 2123 1467 Οἷς
2154 1404 2289 1472 γοῦν
2324 1404 2501 1473 ἰσχύει
2524 1403 2587 1456 τὸ
2613 1402 2815 1457 σεπτὸν
2846 1403 3143 1473 ἀμείϐεται
3177 1418 3269 1454 σου
3301 1402 3506 1468 κ;.άτος

2028 1497 2286 1566 ’Υμνοις,
2313 1497 2536 1562 παιᾶσι,
2561 1496 2954 1566 προπομπαῖς,
2978 1495 3189 1564 εὐχαῖς,
3211 1493 3607 1564 εὐχαριστίαις.

2100 1588 2356 1660 Ἀρίθμει
2446 1605 2542 1642 σου
2625 1591 2740 1651 τοῖς
2798 1589 3167 1656 σχοινισμοῖς,
3241 1584 3614 1655 εύτυχεστάτη

3285 1676 3540 1748 [Ῥώμη,

332 1797 485 1866 ’Ὅρα
506 1795 597 1848 τὸν
637 1789 998 1863 Ἀμασειανὺν
1022 1788 1129 1856 πρὸ
1154 1785 1266 1839 τῶν
1292 1784 1495 1838 λοιπῶν
1524 1738 1866 1851 Τογηρίλην,
1953 1738 2000 1800 Β
2029 1772 2217 1866 gave:
2251 1771 2319 1824 τὰ
2353 1767 2796 1866 μέχριςίΑλυο-ς,
2827 1768 2952 1866 ὅλον
2974 1768 3140 1866 αύτδν
3163 1766 3256 1866 τὸν
3277 1738 3470 1832 δΑλυηί,

333 1888 446 1942 Τὸν
475 1887 583 1942 άπὸ
622 1886 889 1957 Γάγγρας
919 1881 1251 1952 Ἀλψαροῦς,
1297 1878 1390 1933 τδν
1417 1875 1673 1949 ’Δμηρᾶν
1706 1871 1924 2039 ΙῖΙραχί-

1733 1981 1852 2034 μον,

1733 1981 1852 2034 μον,

2028 1862 2141 1932 Τὴν
2169 1860 2476 1930 ἀντιπέραν
2513 1858 2713 1920 Ἀλυος
2735 1857 3150 1927 ὲσκυλευμένην
3174 1854 3395 1926 χώραν·

2028 1953 2325 2024 Προστίθει
2349 1968 2446 2006 σου
2474 1954 2598 2015 ταῖς
2633 1950 2823 2004 πόλεσι
2855 1948 2953 2004 καὶ
2987 1949 3364 2019 Κασταμόνας
3385 1948 3548 2010 ὅλας·

332 2077 446 2128 τὸν
482 2069 763 2139 Ἐλελδῆν,
819 2066 910 2121 τὸν
954 2060 1293 2132 Ἐλπετκοῦς
1314 2100 1330 2127 ,
1384 2061 1476 2114 τὸν
1522 2057 1746 2127 Τζυκῆν
1770 2097 1785 2123 ,
1835 2054 1928 2108 τὸν
2029 2045 2283 2139 ξύναπτε
2326 2047 2468 2139 μετὰ
2498 2045 2610 2139 τῷν
2623 2042 2847 2139 λοιπῶν
2870 2044 2980 2139 τῷν
3145 2039 3206 2139 σε
3230 2041 3513 2139 φρουρίων

1547 2150 1783 2224 [Ἱνάλην
1804 2163 1819 2180 ⁸

339 2257 536 2330 ’Ἔχεις
589 2254 730 2327 πρὸς
783 2252 998 2317 τούτοις
1053 2247 1313 2320 ἀριθμεῖν
1376 2245 1472 2300 καί
1534 2260 1687 2305 τινας
1733 2239 1929 2303 ἄλλους

1586 2332 1856 2406 [πλείους,

338 2437 745 2507 Καλλινογλῆν,
791 2428 1136 2503 Ἆῖτουγδῆν,
1166 2431 1515 2502 Αύσάραριν,
1549 2428 1718 2498 μυρία
1738 2442 1753 2457 ⁸

340 2533 419 2585 Σὺ
458 2529 516 2584 δὲ
548 2530 785 2583 λιποῦσα
820 2529 924 2598 τὴν
965 2525 1182 2596 πληθὺν
1212 2525 1322 2577 τῶν
1354 2520 1754 2593 ζωγρηθέντων
1806 2515 1930 2588 βλέ-

1682 2610 1857 2683 [πειν,

340 2717 634 2786 ’Υμνησον
663 2715 757 2767 τδν
785 2712 1160 2783 ζωγρήσαντα
1184 2709 1458 2777 δεσπότην
1502 2704 1788 2772 Ἰωάννην.

415 2809 480 2860 Ὢ
508 2805 697 2877 δεῦρο,
727 2805 1005 2874 σύγκλητε
1039 2801 1227 2872 βουλὴ,
1252 2799 1442 2870 δεῦρο,
1470 2796 1532 2851 τὸ
1577 2793 1933 2865 θεῖον-βῆμα,

341 2902 422 2955 Τὸ
445 2900 671 2970 σύμπαν
706 2895 1003 2958 ἰδιωτικὸν,
1039 2896 1089 2947 οἱ
1127 2893 1225 2946 τοῦ
1272 2893 1550 2962 μονήρους
1574 2886 1718 2958 βίου,

348 2994 517 3046 Ὅσον
544 2994 603 3045 ὲν
640 2989 807 3051 νέοις,
855 2990 915 3039 ἐν
949 2985 1164 3051 παισὶν,
1200 2985 1327 3036 ὅσον
1354 2986 1415 3036 ὲν
1454 2979 1790 3055 μειρακίοις,

356 3086 447 3137 Ἐν
480 3083 800 3154 βρέφουσιν,
829 3082 887 3132 ὲν
923 3078 1202 3148 γέρουσιν,
1227 3077 1284 3129 ὲν
1316 3075 1522 3137 πάσαις
1558 3074 1825 3144 ἡλικίαις.

348 3175 516 3229 Ὅσον
538 3177 596 3230 ὲν
635 3176 750 3238 τοῖς
782 3172 1129 3243 μαθήμασιν,
1163 3169 1291 3222 ὅσον
1321 3169 1527 3229 ἐντοῖς
1576 3165 1860 3235 πολέμοις,

360 3265 594 3319 ὀπόσον
623 3262 1069 3334 χειρωνακτικῆς
1097 3261 1193 3312 καὶ
1229 3258 1502 3329 βαναύσου
1534 3256 1728 3328 τύχης,

343 3356 516 3413 ’Ὅσον
543 3360 609 3427 τῇ
640 3356 794 3411 πόλει
835 3355 1082 3426 γνήσιον,
1109 3354 1234 3406 ὅσον
1260 3354 1357 3422 τῆς
1393 3349 1566 3421 ἄλλης
1606 3349 1832 3420 μοίρας,

346 3526 601 3595 abrupta,
650 3536 843 3593 aspera
886 3534 981 3589 per
1026 3531 1304 3589 operarios
1354 3514 1614 3569 militares
1656 3516 1941 3580 equuata

344 3616 544 3670 audiit.
589 3612 839 3669 Attamen
878 3610 989 3664 [nec
1027 3608 1257 3678 fortuna:
1289 3614 1415 3670 tute,
1458 3608 1775 3677 imperator,
1812 3616 1945 3674 opus

348 3714 499 3761 sunt.

418 3819 634 3889 Aperite
661 3825 842 3887 portas
869 3814 1144 3884 antiquas,
1177 3828 1323 3883 reges
1347 3812 1541 3879 Italiae,
1571 3822 1628 3867 ut
1658 3813 1950 3884 imperator

346 3924 468 3962 cum
495 3906 670 3979 gloria
702 3923 796 3977 per
829 3920 919 3958 eas
951 3904 1210 3958 introeat.
1254 3902 1406 3968 Quod
1444 3905 1490 3957 si
1518 3905 1768 3974 quaeratis
1802 3902 1948 3973 quis-

350 4016 479 4053 nam
525 3998 621 4052 ille
665 4000 758 4061 sit,
789 3997 975 4050 scitote
1010 3993 1338 4050 Comnenum
1375 4009 1485 4047 esse
1514 3991 1785 4058 victorem,
1816 4008 1951 4063 pur-

349 4107 500 4162 pura:
559 4099 976 4151 ornamentum,
1030 4103 1186 4157 quem
1233 4084 1455 4140 Galatia
1514 4087 1734 4151 metuit,
1787 4103 1943 4157 quem

352 4182 547 4254 Scytha
606 4180 968 4252 pertimescit,
1022 4194 1179 4250 quem
1225 4194 1354 4248 gens
1407 4177 1608 4231 Celtica
1655 4177 1846 4232 adorat
1893 4187 1943 4232 et

353 4274 593 4328 Arabum
650 4271 789 4340 ﬁlii;
839 4273 930 4342 qui
988 4270 1290 4341 regionibus
1341 4267 1611 4338 superatis
1666 4266 1942 4337 vectigalia

355 4367 626 4436 imperat;
665 4380 848 4418 coram
890 4378 994 4433 quo
1043 4360 1219 4433 Halys
1273 4377 1377 4415 non
1420 4359 1728 4425 retrocedit,
1767 4361 1859 4412 sed
1908 4376 1941 4413 a

2032 2134 2145 2207 Τὴν
2173 2137 2298 2190 νέαν
2324 2135 2480 2189 πόλιν
2497 2135 2599 2206 τὴν
2623 2132 2857 2204 Ἀλμον,
2880 2132 2982 2203 τὴν
3010 2131 3268 2197 Ἀλαζον,
3297 2130 3359 2184 τὸ
3382 2126 3616 2194 Bais».-

2032 2228 2217 2299 Γράφε
2257 2230 2377 2290 ταῖς
2410 2228 2644 2298 μυριάσι
2671 2243 2766 2279 σου
2798 2226 2896 2280 καὶ
2923 2225 3055 2289 νέας
3093 2224 3365 2295 μυριάδας

2034 2306 2133 2376 ςιΔν
2162 2321 2208 2375 δ·
2233 2319 2382 2386 ἅπαξ
2410 2319 2490 2372 ἔτι
2523 2318 2645 2372 κατ’
2675 2317 2889 2390 ἐχθρῶν
2918 2320 2945 2371 ὁ
2974 2317 3230 2388 βασιλεὺς
3255 2317 3500 2387 ὁρμήσῃ,

2037 2417 2170 2485 Ἔχε
2195 2414 2291 2468 καὶ
2322 2412 2771 2483 προσδοκήσιμον
2792 2410 2893 2483 τὴν
2926 2410 3371 2480 μονοκρατορίαν
3388 2425 3405 2440 ·

2037 2509 2151 2563 Καὶ
2186 2507 2270 2570 τίς
2298 2509 2408 2574 γὰρ
2440 2504 2803 2575 ἁμιλλήσαιτο
2845 2503 2924 2573 τῷ
2956 2500 3235 2572 Κομνηνῷ
3272 2503 3553 2575 bsonari];

2109 2598 2181 2654 Ὦ
2213 2600 2340 2669 νίκη
2373 2596 2728 2668 Λαοδικεινὴ,
2767 2597 2896 2666 νίκη
2929 2595 3316 2661 Σωζοπολῖτις,

2049 2695 2250 2764 Ἑτέρα
2274 2690 2399 2761 νίκη
2430 2688 2696 2760 Σκυθικὴ,
2728 2688 2823 2742 καὶ
2849 2688 3203 2760 Δαλματίτης
3236 2687 3398 2761 ἄλλη,

2053 2787 2251 2856 Ἑτέρα
2274 2784 2319 2837 δ’
2368 2782 2712 2854 Ἀμωριανὴ,
2738 2780 3035 2853 Λημναῖκὴ
3063 2780 3108 2834 δ’
3142 2781 3305 2850 ἑτέρα
3325 2798 3341 2813 ο

2055 2878 2270 2940 Ἀπλῶς
2311 2873 2519 2938 ὁπόσας
2571 2873 2717 2928 κατὰ
2750 2874 2861 2943 γῆν
2908 2875 3005 2928 καὶ
3041 2872 3350 2939 θάλασσαν,
3402 2872 3502 2927 καὶ
3530 2872 3633 2943 νή-

3375 2964 3559 3038 [σους,

1958 3086 2006 3151 C
2051 3060 2289 3123 ὐπόσας
2312 3051 2449 3130 πρὸς
2475 3057 2770 3128 ἀνίσχοντα
2800 3057 2899 3111 καὶ
2937 3056 3169 3111 δύνοντα
3202 3057 3520 3128 φωσφόρον,

2053 3152 2387 3223 ’Υπερφυῶς
2414 3149 2785 3220 κατώρθωσεν
2817 3152 2845 3202 ὁ
2881 3147 3170 3219 Κομνηνὸς
3202 3148 3504 3220 δεσπότης·

2045 3247 2158 3302 Καὶ
2184 3243 2249 3296 σύ
2289 3258 2382 3313 μοι
2405 3240 2503 3294 νέα
2534 3238 2632 3292 καὶ
2664 3239 2810 3310 καλὴ
2839 3240 2965 3310 νίκη
3005 3240 3466 3310 Κασταμονίτης’

2044 3337 2239 3401 Δεῦτε,
2275 3332 2630 3404 συμπλέξατε
2660 3334 2823 3405 χορὸν
2852 3334 2912 3386 έν
2945 3331 3178 3396 ἁπαλοῖς
3212 3332 3525 3401 δακτύλοις,
3566 3370 3573 3373 ι

2046 3502 2241 3559 urbani
2268 3510 2318 3555 et
2341 3500 2681 3571 alienigenas,
2711 3497 2951 3561 advenae,
2979 3496 3034 3550 in
3064 3496 3221 3551 choro
3257 3511 3346 3551 vos
3387 3496 3558 3553 sistite
3581 3507 3634 3554 et

2046 3601 2207 3663 circo,
2232 3595 2482 3650 victorias
2512 3592 2764 3648 Comneni
2793 3591 3029 3645 carmine
3056 3588 3466 3660 perlustrantes.

2122 3689 2254 3747 Urbs
2287 3687 2638 3760 imperatoria
2670 3685 2716 3738 si
2740 3687 3039 3738 certamina
3062 3698 3157 3737 tua
3181 3699 3244 3738 ac
3265 3684 3514 3739 victorias
3536 3684 3637 3738 rite

2044 3782 2201 3838 vellet
2268 3780 2570 3841 celebrare,
2624 3778 2738 3832 vias
2792 3793 2927 3831 auro
2987 3784 3224 3829 sternere
3264 3778 3539 3830 universas
3586 3784 3640 3830 et

2049 3889 2206 3932 terra:
2265 3875 2458 3946 faciem
2521 3870 2747 3925 vestibus
2801 3868 2982 3922 sericis
3031 3867 3249 3921 induere
3293 3868 3534 3934 deberet;
3588 3878 3640 3923 te

2044 3986 2204 4041 super
2232 3967 2492 4040 quadriga
2519 3961 2799 4035 splendida
2829 3961 3057 4032 positum
3084 3959 3148 4013 ab
3179 3959 3430 4024 Homero,
3449 3961 3497 4014 si
3517 3960 3639 4029 ﬁeri

2049 4063 2231 4134 possit,
2265 4057 2612 4128 decemlingui
2653 4055 2866 4109 cantari
2898 4060 3184 4125 oporteret.
3214 4050 3321 4107 Sed
3352 4054 3477 4122 quia
3501 4054 3640 4108 hisce

2050 4173 2154 4211 non
2181 4152 2348 4209 valuit
2373 4150 2496 4204 urbs
2519 4160 2567 4203 te
2596 4147 2879 4210 celebrare,
2904 4153 3215 4217 potestatem
3238 4154 3385 4199 tuam
3408 4149 3640 4214 hymnis,

2050 4263 2256 4320 peeane,
2289 4243 2720 4318 processionibus,
2759 4241 3104 4312 precibusque
3142 4238 3540 4311 supplicatoriis
3568 4240 3642 4294 ad

2053 4339 2241 4395 coelum
2271 4336 2524 4392 extulisse
2552 4337 2776 4405 satagit.

357 4423 610 4508 Romanis
648 4453 862 4523 impune
895 4423 1189 4520 t'rajiciturv.
1236 4446 1301 4502 Ei
1333 4449 1499 4520 igitur
1527 4423 1721 4519 portas
1747 4463 1936 4516 repan-

2121 4435 2367 4495 Accense,
2413 4426 2720 4498 felicissima
2750 4424 2938 4488 Roma,
2975 4423 3172 4491 ﬁnibus
3218 4424 3320 4478 tuis
3343 4438 3524 4479 omnes
3552 4439 3642 4479 re-

354 4543 462 4597 dite
485 4540 716 4613 gloriose
742 4550 799 4593 ut
831 4539 1189 4608 ingrediatur.

425 4657 650 4726 Aspice,
701 4653 913 4717 Roma,
958 4665 1136 4704 servos
1187 4664 1368 4703 recens
1425 4648 1742 4719 acquisitos,
1794 4648 1943 4703 nulla

357 4756 533 4798 tamen
592 4742 953 4795 multitudinis
1014 4740 1223 4793 ratione
1281 4737 1506 4801 habita,
1568 4752 1684 4805 quia
1727 4738 1945 4791 minime

354 4846 708 4897 numeratur;
738 4835 831 4887 sed
859 4844 1108 4901 satrapas
1136 4830 1433 4901 pra'sertim
1461 4838 1507 4882 et
1536 4814 1757 4881 electa‘m
1787 4829 1948 4899 legio-

356 4950 474 4987 nem
507 4931 782 4984 conoidera
803 4945 820 4991 ;
864 4942 1074 4981 secerne
1111 4944 1143 4978 α
1181 4925 1387 4979 cwteris
1438 4924 1762 4979 Amasenum
1788 4924 1948 4994 Tage-

355 5025 514 5089 rilen,
552 5021 860 5091 Alpsurum,
894 5036 925 5071 a
980 5016 1212 5086 Gangris
1258 5016 1566 5080 oriundum,
1602 4998 1947 5069 Prachimuni

356 5116 586 5177 adlem,
619 5113 860 5184 Elelden,
889 5109 1204 5180 Elpencum,
1239 5106 1456 5177 szcen,
1490 5107 1683 5161 lnalen
1704 5108 1944 5170 observa,

354 5225 469 5281 pra:
518 5206 777 5263 sexcentis
829 5203 951 5257 aliis
998 5198 1351 5259 Callinoclen,
1401 5200 1722 5269 Aitougden,
1770 5202 1947 5255 Ausa‘

358 5304 529 5358 iarin.
578 5300 659 5355 Tu
710 5310 890 5354 autem
937 5286 1075 5365 ipsa,
1111 5293 1317 5346 omissis
1362 5293 1624 5362 captivis,
1675 5304 1947 5364 captarem

353 5400 617 5453 Joannem
652 5393 862 5465 hymnis
896 5390 1126 5446 celebra.

427 5528 639 5592 Adeste,
665 5530 957 5585 senatores,
985 5523 1222 5576 divinum
1264 5518 1523 5584 tribunal,
1572 5535 1705 5574 cives
1744 5537 1945 5585 omnes,

356 5620 585 5684 caelibes,
615 5620 786 5691 pueri,
834 5616 1216 5680 adolescentes,
1257 5613 1503 5684 juvenes,
1550 5628 1724 5679 senes,
1779 5618 1947 5670 omnis

358 5717 536 5772 atatis
569 5714 863 5781 candidati,
898 5709 1283 5775 mathematici,
1313 5707 1524 5775 milites,
1550 5707 1786 5779 opiﬁces,
1810 5713 1944 5765 cives

2053 4531 2233 4596 giones
2258 4537 2420 4593 usque
2448 4521 2518 4575 ad
2542 4518 2747 4589 Halyn,
2772 4519 2944 4588 ipsum
2975 4515 3154 4588 llalyn
3182 4526 3233 4571 et
3256 4518 3397 4588 quod
3421 4534 3643 4590 regnum

2054 4616 2199 4669 ultra
2240 4614 2294 4669 id
2337 4614 2535 4683 ﬂumen
2586 4609 2884 4681 acquisisti.
2935 4610 3250 4662 Annumera
3296 4610 3509 4664 urbibus
3540 4612 3644 4664 tuis

2055 4710 2429 4766 Castamonem
2473 4714 2678 4770 totam;
2724 4703 2897 4773 adjice
2936 4712 3135 4773 praeter
3181 4714 3372 4757 caetera
3412 4719 3529 4774 qua:
3553 4703 3645 4758 tibi

2055 4801 2300 4855 obediunt
2321 4797 2567 4852 castella.
2589 4796 2783 4849 Almon
2806 4809 2999 4849 novam
3018 4797 3220 4857 urbem,
3249 4795 3386 4847 adde
3412 4794 3643 4862 Alazon,

2058 4892 2279 4953 Balznn,
2324 4888 2455 4959 quas
2499 4889 2740 4958 jamjam
2786 4887 3021 4954 possides
3060 4885 3272 4939 urbibus
3311 4900 3473 4939 novas
3502 4883 3647 4954 adji-

2056 4985 2258 5035 cienda.
2301 4979 2450 5043 Quod
2478 4979 2524 5032 si
2563 4979 2617 5031 in
2643 4986 2911 5047 posterum
2942 4983 3126 5029 contra
3160 4974 3331 5028 hostes
3358 4975 3644 5030 exercitum

2057 5076 2234 5138 duros,
2271 5072 2381 5126 noli
2417 5069 2668 5133 oblivisci,
2698 5068 3064 5123 monarchiam
3091 5076 3139 5120 te
3161 5074 3484 5137 exspectare.
3515 5066 3645 5132 Quis

2058 5167 2196 5219 enim
2234 5181 2352 5218 cum
2392 5162 2660 5219 Comneno
2701 5177 2892 5215 manus
2936 5174 3210 5213 conserere
3246 5175 3410 5214 ausus
3436 5159 3646 5229 fuerit?

2133 5266 2175 5310 υ
2196 5258 2431 5312 victoria:
2447 5256 2766 5317 Laodicena,
2798 5252 3196 5324 Sosopolitana,
3219 5250 3484 5323 Scythica,
3510 5250 3645 5306 Dal-

2059 5352 2256 5404 matica
2279 5390 2294 5413 ,
2328 5350 2644 5410 Amoriana,
2677 5345 2953 5409 Lemnica,
2989 5353 3039 5397 et
3072 5351 3323 5415 quotquot
3356 5353 3499 5397 terra
3525 5360 3645 5397 ma-

2060 5443 2209 5512 rique
2224 5451 2275 5494 et
2296 5442 2439 5493 circa
2465 5438 2691 5500 insulas,
2725 5437 2998 5491 Orientem
3015 5443 3063 5490 et
3085 5434 3420 5491 Occidentem
3444 5450 3646 5503 versus,

2059 5553 2091 5588 a
2136 5533 2406 5589 Comneno
2463 5540 2749 5604 reportata:
2780 5531 2944 5585 sunt!
2992 5531 3132 5585 vobis
3174 5530 3409 5601 adjungo
3458 5546 3650 5586 novam

2058 5624 2213 5680 illam
2243 5624 2730 5680 Castamoncnsem.
2758 5624 2948 5677 Adeste
2972 5623 3132 5693 igitur
3157 5638 3334 5676 omnes
3361 5630 3409 5676 et
3432 5623 3649 5678 chorum

2060 5717 2306 5771 ducentes
2343 5719 2535 5772 teneris
2565 5717 2745 5787 digitis
2781 5724 3080 5773 consertum
3111 5715 3295 5787 dignos
3326 5710 3650 5787 imperatore
