4078 6382
475 362 615 427 1383

1657 350 2057 412 THEODORI
2101 352 2506 416 PRODROMI

3587 347 3734 424 1384

467 478 583 536 Καὶ
611 477 853 549 μέλψατε
882 475 961 546 τῷ
991 471 1203 546 βασιλεῖ
1239 471 1368 532 τοὺς
1399 466 1536 536 πρὸς
1567 466 1729 534 ἀξίαν
1759 465 1968 536 ὕμνους
1987 482 2000 497 ⁵
2069 467 2118 528 Α
2219 469 2480 537 Λέγουσι,
2505 469 2617 524 Oete
2651 468 2901 539 βασιλεῦ,
2929 469 3022 522 τὸν
3052 470 3204 541 ἣλιον
3233 471 3283 524 οἱ
3313 468 3465 540 λόγοι

467 569 542 624 Ἦ
593 569 702 623 κᾶν
764 567 890 630 τοὺς
947 565 1092 622 κατὰ
1143 562 1415 633 δύναμινο
1473 558 1579 614 ποῦ
1635 560 1744 630 γὰρ
1792 559 1844 612 oi
1909 558 2049 630 πρὸς

1760 649 1941 722 [ἀξίαν
1959 665 1975 715 ;

536 745 609 804 Ὠ
643 751 789 819 μέγα
815 749 1069 820 χάρισμα
1101 744 1222 816 Θεῷ
1255 743 1430 816 ταύτῃ
1463 743 1528 812 τῇ
1561 742 1833 812 πολιτείᾳ,

468 829 622 911 Ζῷης
658 840 860 902 αίῶνας
891 841 970 902 είς
1006 839 1280 908 μακροὺς,
1306 835 1576 904 ἀπείρους
1609 834 1687 895 είς
1718 831 1926 900 ήλίους,

468 931 694 997 Νικῶν,
761 931 1013 1001 ζωγρῶν,
1066 926 1494 1001 τροπαιουχῶν,
1553 922 1865 986 σκυλεύων,
1923 925 2050 992 ἀρι-

1719 1013 1973 1087 [στεύων.

472 1117 580 1169 Kal
607 1115 821 1178 πάντας
845 1131 927 1168 σοι
954 1112 1328 1174 ὑποσπόνδους
1355 1109 1530 1172 τιθεὶς
1561 1107 1689 1171 τοὺς
1717 1107 2044 1176 πολεμίους’

471 1205 741 1273 Πρέσϐεις
769 1205 835 1258 ὲκ
866 1203 966 1272 τῆς
997 1203 1320 1272 εὐδαίμονος
1358 1200 1569 1253 ἔλθοιεν
1597 1197 1900 1269 Ἀῥραϐίας
1921 1213 1936 1229 ·

470 1295 740 1359 Κολάσεις
773 1295 829 1349 δὲ
850 1297 950 1367 τὴν
977 1296 1280 1364 Αἴγυπτον,
1307 1294 1368 1347 οὐ
1397 1292 1615 1364 βρόχοις
1643 1291 1737 1344 καὶ
1759 1290 2044 1361 χαλάζαις,

467 1385 630 1441 Ἀλλὰ
665 1386 943 1457 μαχαίρας
982 1388 1213 1457 στόματι
1246 1386 1342 1439 καὶ
1366 1385 1512 1454 φόνῳ
1537 1382 1937 1453 πρωτοτόκων·

470 1480 581 1532 Kal
623 1478 972 1550 γεφυρώσεις
1021 1479 1304 1550 Τίγρητας
1329 1518 1344 1546 ,
1401 1476 1495 1532 καὶ
1546 1472 1895 1545 μεταϐάψαις
1923 1474 2048 1530 Νείο
2086 1495 2100 1500 ·

1823 1583 1947 1620 Αους

1823 1583 1947 1631 Αους

469 1661 578 1726 Οὓς
616 1661 718 1732 μὲν
767 1661 982 1725 ὀστέοις
1038 1661 1296 1727 ὲθνικοϊς.
1346 1661 1440 1726 οὒς
1493 1662 1550 1716 δὲ
1596 1565 1894 1735 βαρϐάὲων
1945 1607 2044 1715 λύ’

1794 1751 1966 1816 θροις,

1794 1751 1822 1805 θ
1863 1769 1912 1806 οι

468 1845 581 1898 Kal
613 1845 820 1907 πάντας
852 1845 1010 1911 ἄξαις
1040 1845 1146 1898 ὑπὸ
1172 1845 1234 1898 σὲ
1264 1844 1362 1898 καὶ
1396 1751 1943 1916 povoupa'tmtrifolii;.c

467 1956 574 2012 lA'.
624 1957 737 2012 Τοῦ
784 1959 970 2012 αὐτοῦ
1015 1959 1096 2028 ὡς
1132 1959 1250 2012 ἀπὸ
1275 1956 1388 2026 τῆς
1432 1959 1666 2026 πόλεως
1713 1959 2044 2028 δεκάστιχα

540 2029 961 2096 παρακλητικὰ
1001 2027 1082 2094 τῷ
1131 2029 1528 2098 αὐτοκράτορι
1575 2029 1732 2098 πρὸς
1768 2029 1836 2083 τὸ
1880 2027 2046 2084 καθι-

537 2113 642 2153 σαι
670 2099 763 2168 ἐφ’
790 2098 1069 2166 ἅρματος,
1107 2098 1231 2165 τοῖς
1264 2098 1499 2168 δήμοις.

538 2214 816 2268 Ἕκαστον
879 2215 1021 2281 ἔτος,
1068 2213 1320 2286 βασιλεῦ,
1367 2213 1462 2269 τοῦ
1522 2213 1760 2282 κράτους
1806 2233 1903 2270 σου
1949 2213 2044 2270 τοῦ

1804 2305 1972 2379 [θείου

470 2401 772 2472 Εὐεργετεῖ
804 2420 872 2472 με
909 2403 1002 2457 καὶ
1024 2403 1160 2473 τιμᾷ
1183 2401 1283 2472 τὴν
1311 2402 1509 2474 δούλην
1538 2402 1668 2457 νέαν
1709 2401 1952 2473 Ῥώμην.

469 2495 746 2549 Ἐκαστον
783 2496 904 2559 ἔτος
935 2497 1062 2558 ὅλας
1103 2514 1195 2565 μοι
1224 2495 1626 2550 καθυποτάττει
1661 2497 1866 2560 πόλεις,

471 2586 645 2657 Ἐθνη
673 2587 959 2640 δουλοῦται
1013 2587 1285 2657 βάρϐαρα,
1323 2588 1504 2649 νίκαις
1537 2585 1806 2640 συνάπτει
1845 2585 2040 2649 νίκας·

479 2675 541 2728 ’0
564 2675 659 2729 νῦν
691 2677 748 2730 δὲ
773 2677 986 2746 χρόνος,
1025 2675 1276 2746 βασιλεῦ,
1301 2673 1740 2744 ὑπερεπλούτισέ
1775 2691 1866 2744 με.

469 2767 824 2839 Ἐξήπλωσας
877 2771 1004 2832 τοὺς
1047 2769 1208 2839 ὅρους
1263 2785 1366 2836 μου
1417 2767 1514 2822 καὶ
1563 2766 1633 2821 τὰ
1681 2766 2047 2837 σχοινίσματά

1890 2874 1974 2912 ου·

1890 2874 1974 2912 ου·

467 2953 823 3022 Ἐπηύξησας
858 2953 925 3006 τὰ
958 2936 1134 3024 κράτη
1171 2971 1272 3024 μου
1312 2953 1535 3016 καὶτὰς
1573 2859 2006 3023 περιοχάξμμου⁶

467 3047 582 3100 Ούκ
607 3045 720 3114 ἔχει
749 3045 948 3116 μέτρον
977 3046 1040 3098 τὸ
1075 3046 1238 3098 καλὸν
1262 3045 1373 3099 οὐδ’
1402 3045 1642 3116 ἀριθμὸν
1673 3047 1706 3116 ή
1741 3046 1869 3116 νίκη
1892 3060 1908 3076 ⁸

467 3137 614 3190 Ἀνθ’
649 3131 723 3190 ῶν
754 3138 912 3206 εὐχαί
931 3155 1014 3191 σοι
1042 3140 1174 3208 παρ’
1207 3138 1388 3208 ήμῶν,
1418 3137 1535 3191 ἀνθ’
1561 3131 1638 3191 ὧν
1665 3139 2043 3209 εὐχαριστίαι·
2074 3160 2116 3217 C

469 3232 581 3284 Kal
605 3231 792 3302 δίφρος
819 3223 975 3294 οὗτος
1000 3235 1027 3284 ὁ
1053 3234 1292 3302 χρυσοῦς
1321 3235 1386 3286 ἂν
1413 3224 1458 3301 ᾧ
1486 3231 1948 3303 διφρηλατήσαις.

467 3483 639 3538 cauite
679 3485 896 3552 hymnos
941 3488 1033 3535 aut
1073 3479 1260 3534 saltem
1301 3481 1440 3537 vobis
1465 3481 1589 3552 ipsis
1619 3483 1761 3536 haud
1802 3479 2046 3550 indignos

473 3573 711 3626 occinite.

542 3662 587 3717 Ο
633 3664 828 3718 donum
880 3661 1081 3716 cwleste
1118 3663 1298 3716 huicce
1338 3661 1559 3732 imperio
1597 3662 1864 3727 additum,
1906 3664 2048 3718 vivas

471 3771 565 3827 per
592 3753 791 3810 saecula
820 3755 1056 3824 inﬁnita,
1087 3771 1296 3826 semper
1323 3755 1509 3820 victor,
1552 3756 1925 3825 triumphator.
1959 3756 2052 3810 do-

471 3851 650 3913 mitor,
702 3858 750 3902 et
803 3865 1137 3920 quoscunque
1175 3850 1328 3902 habes
1364 3849 1532 3902 hostes
1579 3848 1670 3901 tibi
1719 3847 1895 3902 subde.
1937 3847 2054 3904 Tibi

475 3939 636 4012 legati
658 3955 684 3994 e
708 3939 998 4012 longinqua
1024 3941 1237 3994 veniant
1269 3939 1508 4004 Arabia;
1548 3938 1837 4010 Egyptum
1877 3948 2054 3994 autem

472 4046 576 4086 non
612 4031 1070 4098 inundationibus,
1118 4047 1224 4084 non
1267 4031 1548 4101 grandine,
1597 4031 1687 4084 sed
1731 4031 2056 4101 primogeni-

475 4130 648 4175 torum
665 4120 813 4174 clade
840 4121 1144 4191 castigabis.
1170 4119 1430 4191 Tigridem
1455 4120 1644 4175 deinde
1667 4122 1910 4191 pontibus
1924 4121 2056 4190 jun-

473 4226 586 4282 ραι,
622 4209 800 4266 Nilum
826 4211 1174 4282 rebaptizabis
1215 4211 1408 4265 isthinc
1447 4212 1647 4266 ossibus
1688 4211 2053 4275 inimicorum,

472 4301 594 4355 hinc
623 4303 971 4356 barbarorum
992 4301 1266 4370 sacrificiis
1282 4319 1302 4367 ;
1331 4310 1382 4356 et
1419 4317 1536 4355 cum
1563 4301 1742 4356 omnia
1769 4300 1861 4356 tibi
1881 4301 2056 4371 subje-

472 4391 628 4455 ccris,
663 4399 773 4444 tum
799 4390 943 4445 solus
972 4393 1196 4462 impera.

2153 557 2273 627 Ἐφ’
2307 561 2556 630 ἅρματος
2585 561 2897 631 καθήμενον
2933 564 3254 630 περιπολεῖν
3285 563 3385 634 τὴν
3407 566 3588 618 κτίσιν
3610 583 3622 594 ·

2157 653 2230 706 Σὺ
2255 653 2326 719 δ’,
2356 653 2702 724 αὐτοκράτορ
2736 652 3014 722 Κομνηνὲ,
3042 655 3107 708 σὺ
3127 655 3206 719 δὲ,
3235 655 3524 726 πορφύρας
3548 656 3742 720 ἄνθος,-

2159 745 2352 808 Ἥ>.ιος
2381 745 2459 798 ὢν
2482 746 2836 816 φαιδρότερος
2867 745 3060 800 τούτου
3098 747 3194 800 τοῦ
3229 749 3588 818 φαινομένου.

2156 839 2268 892 Καὶ
2295 837 2570 909 δᾳδουχῶν
2600 839 2730 902 τοὺς
2761 838 2865 892 ὑπὸ
2893 839 2952 892 σὲ
2981 838 3077 892 καὶ
3109 839 3326 908 φλέγων
3353 839 3482 903 τοὺς
3504 840 3733 912 ἐχθρούς

3514 931 3684 1005 [σοί

2153 1021 2262 1074 Kal
2294 1024 2546 1093 καθαρὰν
2576 1026 2642 1095 τῇ
2670 1023 2823 1077 πόλει
2855 1041 2948 1076 σου
2981 1024 3268 1094 βραϐεύων
3292 1024 3394 1096 τὴν
3426 1026 3664 1096 ἡμέραν,

2155 1116 2438 1185 ’Ἅρματος
2468 1116 2594 1186 δίχα
2623 1117 2759 1185 πρὸς
2788 1118 2935 1186 ἡμᾶς
2969 1116 3350 1180 ἐξανατέλλειν
3382 1115 3556 1178 θέλεις
3581 1133 3595 1181 ;

2150 1205 2242 1276 Μὴ
2271 1205 2430 1259 τοῦτο
2463 1207 2692 1277 δράσῃς,
2723 1206 2868 1276 ἥλιε,
2904 1207 2980 1276 μὴ
3013 1206 3302 1278 πρὸςτῶν
3329 1207 3438 1259 σῶν
3472 1206 3729 1270 ἀκτίνων,

2156 1299 2257 1362 Ἀς
2286 1299 2580 1368 ὲπαφῆκας
2611 1297 2894 1368 πανταχοῦ
2926 1299 3030 1368 γῆς
3061 1297 3178 1369 ἅμα
3213 1299 3307 1350 καὶ
3337 1296 3654 1367 θαλάσσηςο

2163 1386 2307 1440 Ἀλλ’
2336 1384 2684 1452 ἐξανάτειλον
2715 1389 2850 1458 ήμίν
2879 1387 3136 1458 λαμπρὸς
3165 1386 3582 1458 ἁρματηλάτης.

2217 1475 2353 1544 Φέρε
2382 1475 2660 1546 μετρήσω,
2697 1475 2942 1546 βασιλεῦ,
2979 1477 3088 1531 ἀπὸ
3121 1477 3232 1532 τῶν
3261 1478 3371 1530 σῶν
3404 1476 3687 1548 τροπαίων

2161 1570 2408 1624 Ὃπόσων
2439 1569 2548 1622 ἔδει
2579 1586 2640 1622 σε
2657 1569 2930 1639 λαμπρῶν
2961 1570 3224 1640 ἁρμάτων
3257 1569 3512 1639 ἐπιϐῆναι
3535 1588 3549 1601 ο

2163 1658 2338 1714 Ἑάλω
2361 1660 2682 1724 Λαοδίκεια,
2718 1659 2976 1730 μετρήσω
3010 1676 3093 1713 σοι
3123 1660 3314 1730 δίφρον
3345 1660 3440 1713 ἕνα
3463 1677 3477 1690 ι

2147 1751 2492 1821 Κεχείρωται
2527 1749 2862 1815 Σωζόπολις,
2893 1749 3003 1803 ίδού
3044 1768 3126 1805 σοι
3159 1751 3326 1821 δίφρα
3352 1751 3448 1804 δύο
3471 1766 3488 1783 ο

2071 1811 2115 1865 Β
2147 1811 2643 1916 ruﬁ-memmi
2660 1811 2907 1907 Σκυθῶν,
2935 1846 3087 1910 τρεῖς
3115 1811 3338 1914 ἀριθμῶ
3370 1862 3452 1898 σοι
3482 1844 3732 1913 δίφρονςο

2145 1938 2438 2010 Δαλμάτης
2464 1937 2908 2008 ἠνδραπόδισται,
2942 1937 3206 2006 τέταρτος
3237 1931 3395 2000 οὗτος
3425 1937 3614 2006 δίφρος
3638 1954 3652 1967 ο

2151 2031 2344 2092 Ἔθνος
2366 2029 2577 2101 ἡττήθη
2612 2029 2868 2094 Δακικὺν,
2897 2029 3060 2081 πέντε
3093 2030 3354 2099 μετρήσω
3389 2028 3616 2097 δίφρους
3639 2046 3650 2058 ·

2147 2120 2255 2172 Καὶ
2279 2119 2590 2172 καταλείπω
2629 2118 2729 2187 τὴν
2759 2116 2959 2188 πολλὴν
2991 2117 3326 2186 Κασταμόνα
3355 2117 3651 2186 κρατῆσαι.

2147 2211 2315 2274 Ἀλυς
2348 2213 2602 2279 περᾶται,
2631 2209 2727 2264 καὶ
2759 2208 2966 2278 πληθὺς
2994 2209 3424 2278 δουλαγωγεῖται
3456 2209 3612 2279 τόση,

2145 2300 2257 2354 Καὶ
2277 2298 2381 2353 κᾶν
2408 2299 2500 2354 τὸν
2533 2300 2650 2362 ἕνα,
2683 2297 2932 2368 βασιλεῦ,
2955 2297 3162 2352 τούτων
3189 2299 3249 2352 ού
3279 2299 3411 2369 δέχῃ
3438 2299 3666 2369 δίφρονς

2216 2393 2333 2447 Ούκ
2354 2391 2676 2462 ἀγνοοῦμεν,
2720 2391 2969 2462 βασιλεῦ,
3011 2393 3108 2445 καὶ
3133 2391 3231 2462 τὴν
3259 2391 3599 2445 ταπείνωσιν
3629 2409 3732 2446 σου

2159 2477 2303 2557 Ἐνῇ
2339 2483 2630 2553 βαρϐάρων
2661 2483 2918 2552 ἐκαμψας
2953 2483 3192 2552 αὐχένας
3220 2482 3575 2552 ἐπηρμένους
3606 2498 3623 2512 ο

2149 2579 2315 2632 Ὅσον
2341 2579 2452 2648 γὰρ
2473 2577 2740 2648 πράττεις
2772 2577 2988 2647 ὑψηλάς
3015 2577 3116 2630 καὶ
3134 2576 3429 2647 τεῐκλιστίσις
3453 2579 3638 2640 Vm"

2145 2669 2411 2724 Τοσοῦτον
2438 2670 2907 2738 ταπεινοφρονεῐς,
2933 2668 3190 2722 τοσοῦτον
3218 2669 3399 2732 νεύεις
3432 2668 3605 2722 κάτω.

2161 2761 2321 2816 Ἀλλὰ
2346 2763 2406 2815 τὸ
2438 2760 2534 2814 νῦν
2561 2761 2872 2829 γινόμενον,
2900 2760 3002 2813 οὐκ
3038 2759 3188 2812 ἐστιν
3221 2761 3383 2830 ἔργον
3415 2760 3615 2829 τύφου,

2148 2853 2483 2926 Εὐχαριστία
2517 2853 2561 2906 δ’
2591 2855 2673 2916 είς
2702 2852 2834 2906 Θεὸν
2876 2853 2970 2906 καὶ
2999 2853 3097 2924 τὴν
3130 2853 3299 2906 αὐτοῦ
3330 2854 3582 2924 Μητέρα,

2148 2947 2298 3018 Τιμὴ
2335 2947 2429 3000 τοῦ
2457 2943 2656 3017 δημοῦ,
2687 2944 2787 3012 τῆς
2813 2942 3031 3013 βουλῆς,
3061 2944 3189 3009 δόξα
3219 2943 3322 3011 τῆς
3351 2943 3628 3008 πολιτείας
3651 2960 3667 2976 ·

2149 3042 2210 3094 Et
2237 3041 2416 3094 τοίνυν
2444 3037 2838 3107 ὲφευρήκαμεν
2861 3036 3025 3106 χάριν
3057 3033 3288 3088 ἐνώπιόν
3324 3053 3419 3088 σου

2149 3136 2211 3188 Ol
2234 3133 2424 3195 παῖδες
2446 3131 2548 3200 τῆς
2569 3128 2804 3190 δουλίδος
2833 3145 2949 3193 σου,
2974 3129 3073 3197 τῆς
3099 3127 3226 3190 νέας
3251 3127 3456 3198 ταύτης
3481 3122 3730 3199 Ῥώμης,

2159 3227 2288 3282 Ἐπὶ
2311 3225 2409 3296 τῆς
2439 3224 2672 3292 ἄντυγος
2698 3220 2886 3290 γενοῦ,
2917 3222 3012 3276 καὶ
3053 3219 3318 3290 πρόσελθε
3345 3221 3444 3273 σὺν
3477 3221 3627 3293 δόξῃ.

2149 3480 2296 3534 nobis
2333 3467 2741 3534 dies'adducens
2781 3479 2896 3532 sine
2931 3493 3094 3532 curru
3129 3493 3291 3548 super
3328 3479 3506 3547 capita
3548 3495 3731 3538 n..stra

2149 3570 2352 3625 oriris?
2382 3571 2568 3626 Absit!
2601 3587 2694 3642 per
2749 3570 2926 3624 radios
2968 3579 3084 3624 tuos
3116 3577 3164 3622 te
3204 3571 3520 3640 adjuramns
3542 3613 3556 3635 ,
3596 3590 3730 3642 quos

2149 3663 2205 3715 in
2253 3671 2421 3716 terras
2469 3679 2532 3715 ac
2589 3661 2765 3714 maria
2814 3661 3089 3730 effundere
3142 3676 3245 3713 non
3303 3661 3510 3716 desistis
3545 3679 3564 3716 :
3622 3665 3732 3718 imo

2151 3769 2269 3806 cum
2309 3754 2540 3807 maximo
2579 3752 2858 3823 splendore
2899 3769 2963 3806 ac
3003 3769 3163 3805 curru
3189 3763 3360 3807 vectus
3389 3756 3535 3809 nobis
3563 3775 3733 3828 appa-

2155 3863 2274 3901 reas
2299 3847 2318 3900 !

2151 3923 2158 3930 ’
2223 3936 2352 4006 Age.
2376 3937 2689 4006 imperator,
2721 3936 3119 4004 triumphorum
3149 3951 3277 4005 quos
3301 3939 3454 4004 egisti
3483 3955 3731 3996 numerus

2153 4044 2404 4082 curruum
2445 4045 2573 4098 quos
2613 4027 2852 4082 meruisti
2881 4025 3228 4081 conscendere
3268 4044 3545 4083 numerum
3590 4033 3732 4086 indi-

2152 4122 2311 4174 cabit.
2364 4117 2470 4172 Pro
2516 4117 2779 4173 Laodicea
2826 4130 2983 4186 capta
3035 4133 3170 4171 unus
3221 4118 3315 4172 tibi
3360 4128 3470 4173 stat
3507 4138 3734 4189 currus;

2154 4217 2454 4280 expugnata
2486 4207 2759 4279 Sonpolis
2799 4208 2930 4264 duos
2961 4209 3151 4273 addit;
3183 4218 3416 4280 quatuor
3445 4212 3651 4283 Scythis
3680 4225 3734 4269 et

2156 4301 2420 4356 Dalmatis
2465 4300 2520 4353 in
2565 4300 2870 4354 servitutem
2910 4299 3137 4354 redactis
3169 4301 3470 4371 offerimus;
3503 4305 3735 4376 quinque

2155 4409 2180 4446 e
2234 4393 2429 4448 Dacica
2470 4401 2624 4464 gente
2670 4391 2876 4459 pariter
2931 4390 3148 4445 subacta
3205 4394 3388 4462 refers.
3443 4391 3584 4458 Quid
3631 4400 3734 4450 erit

473 4500 644 4557 XL—
668 4503 924 4573 Ejusdem
949 4521 1145 4562 versus
1161 4506 1462 4562 decastichi
1484 4506 1801 4577 imperatori
1823 4522 2050 4563 currum
2083 4499 2130 4556 Ι)
2155 4485 2370 4554 quam“
2401 4481 2775 4536 casmmomm
2812 4482 3071 4577 ""‘f'i‘am
3096 4483 3523 4577 επεηθηαῗθνίδῗ
3568 4481 3736 4555 "019‘

808 4577 1202 4632 conscendenti
1227 4594 1258 4634 ε
1283 4577 1508 4632 civitate
1537 4579 1734 4631 oblati.

545 4661 777 4728 Quilibet
816 4682 1006 4729 annus,
1051 4667 1343 4737 imperator
1376 4676 1617 4742 auguste,
1650 4673 1925 4740 potestatis
1952 4681 2057 4726 tua:

471 4757 666 4812 divinae
697 4760 987 4825 specimina
1029 4760 1229 4814 edendo
1274 4776 1466 4814 novam
1493 4761 1632 4813 hanc
1667 4761 1887 4815 Romam
1925 4762 2054 4815 illu-

470 4858 631 4903 strat.
660 4849 841 4915 Quivis
864 4867 1034 4905 annus
1060 4851 1199 4906 alias
1225 4861 1339 4922 post
1369 4851 1505 4905 alias
1534 4854 1661 4906 mihi
1682 4854 1855 4908 subdit
1881 4856 2030 4909 urbes

471 4951 649 5011 gentes
683 4943 939 4998 barbaras
968 4945 1240 5016 subjugat,
1265 4946 1513 4998 victorias
1534 4945 1788 4998 cumulat.
1817 4945 2056 5002 Pra'sens

474 5040 648 5084 autem
690 5050 859 5087 annus
906 5036 1269 5105 maximopere
1311 5051 1391 5088 me
1425 5035 1656 5088 ditavit:
1684 5036 1816 5102 ﬁnes
1855 5054 1917 5090 ac
1949 5046 2056 5090 ter-

475 5121 642 5175 minos
675 5122 897 5178 dominii
933 5126 1099 5178 nostri
1137 5126 1433 5194 protulisti,
1471 5134 1782 5195 potestatem
1817 5136 2054 5180 nostram

474 5213 608 5265 mire
649 5215 886 5287 auxisti.
932 5214 1196 5283 Beneficia
1238 5233 1301 5270 ac
1342 5217 1576 5270 victoria:
1616 5224 1721 5267 tua:
1767 5218 2055 5270 terminum

475 5318 579 5356 non
610 5305 839 5371 habent;
870 5323 1037 5376 quare
1064 5322 1240 5375 preces
1284 5317 1334 5359 et
1385 5307 1551 5358 animi
1582 5306 1720 5374 grati
1759 5307 2054 5360 testimonia

473 5401 522 5446 et
553 5395 705 5448 hasce
734 5395 877 5467 bigas
907 5413 1100 5450 aureas
1139 5406 1413 5466 acceptare
1442 5395 1690 5462 digneris.

557 5486 623 5541 In
654 5489 862 5558 scriptis
887 5489 1125 5558 legimus,
1151 5489 1313 5542 solem
1339 5489 1518 5541 currui
1549 5489 1864 5542 insidentem
1889 5498 2054 5541 totum

477 5585 730 5639 mundum
773 5585 1172 5636 circumvectum
1228 5598 1371 5646 esse;
1422 5591 1475 5634 tu
1526 5591 1739 5647 autem,
1792 5583 2054 5638 Comnene

478 5673 854 5746 potentissime,
875 5688 1126 5742 purpura:
1144 5673 1320 5736 decus,
1340 5673 1433 5726 hoc
1457 5688 1607 5742 quem
1626 5672 1792 5726 oculis
1819 5673 2052 5727 videmus

478 5762 881 5830 soleillustrior,
908 5764 1076 5816 hostes
1102 5776 1213 5816 tuos
1227 5766 1449 5834 ﬂamma
1477 5765 1770 5831 comburis;
1791 5774 1846 5818 tu
1873 5765 2050 5834 felices

2158 4590 2362 4644 quoque
2408 4577 2661 4643 trajectus
2695 4580 2745 4625 et
2796 4573 2940 4625 natio
2987 4581 3098 4624 tota
3140 4573 3277 4627 victa
3320 4572 3544 4644 gloriam
3584 4585 3733 4630 tuam
3841 4585 3854 4600 '

2159 4676 2350 4736 auget;
2394 4676 2441 4718 et
2487 4675 2541 4717 tu
2569 4681 2674 4718 non
2701 4680 2866 4717 unum
2895 4659 3306 4718 saltem-huncce
3342 4681 3555 4721 currum
3583 4684 3738 4721 acce-

2158 4758 2382 4825 ptaveris
2410 4757 2434 4808 ?

2228 4848 2348 4901 Non
2372 4849 2504 4918 fugit
2527 4864 2642 4906 nos.
2666 4848 2977 4916 imperator,
3017 4847 3308 4902 moderatio
3336 4866 3440 4919 qua
3461 4850 3735 4904 barbaros

2161 4941 2403 5008 superbos
2457 4941 2726 5010 subegisti.
2786 4923 2900 5003 Quo
2963 4939 3103 4992 enim
3161 4940 3570 5011 splendidiores,
3632 4961 3737 5015 quo

2157 5030 2585 5083 admirabiliores
2637 5037 2739 5081 tua:
2785 5037 2907 5081 sunt
2954 5029 3217 5094 victorite,
3271 5047 3330 5084 eo
3368 5033 3736 5087 humaniorem

2158 5125 2524 5190 mitioremque
2569 5123 2706 5192 geris
2757 5123 3017 5175 animum.
3073 5119 3140 5174 1d
3186 5123 3357 5192 ipsum
3405 5125 3544 5192 quod
3596 5142 3736 5178 nunc

2156 5216 2384 5283 facimus
2446 5230 2785 5285 nequaquam
2837 5215 3094 5268 vanitatis
3159 5227 3288 5285 Opus
3342 5227 3451 5280 est,
3508 5218 3614 5271 imo
3671 5234 3737 5270 ea:

2157 5308 2322 5362 animi
2370 5309 2712 5378 gratitudine.
2767 5309 2933 5361 Deum
2978 5309 3198 5380 ejusque
3247 5309 3471 5364 Matrem
3509 5311 3758 5384 revereri_

2155 5400 2395 5455 volumus
2419 5409 2466 5452 et
2491 5401 2594 5469 ipsi
2634 5409 2683 5452 et
2717 5401 2876 5472 juxta
2902 5415 2995 5452 nos
3021 5402 3189 5454 omnis
3213 5400 3456 5471 papulas.
3493 5409 3734 5465 senatus,

2154 5494 2362 5548 civitas.
2413 5488 2470 5544 Si
2519 5491 2685 5560 igitur
2730 5490 2965 5560 gratiam
3011 5491 3068 5543 in
3116 5491 3281 5544 oculis
3315 5493 3418 5545 tuis
3444 5492 3736 5545 invenimus

2153 5603 2246 5641 nos
2298 5584 2398 5652 ﬁlii
2453 5585 2610 5653 hujus
2640 5599 2786 5638 novat
2812 5581 2992 5637 Romen
3032 5600 3193 5653 quam
3233 5586 3561 5649 dominaris,
3607 5601 3740 5639 con-

2151 5675 2340 5730 scende
2391 5675 2510 5745 jam
2540 5675 2678 5730 hunc
2709 5691 2946 5740 currum,
2977 5677 3034 5732 in
3071 5675 3351 5746 splendore
3385 5688 3471 5734 tuo
3511 5687 3560 5733 te
3595 5692 3740 5732 com-

2156 5773 2562 5822 monstraturus.
