4078 6388
485 385 504 445 1
520 384 622 447 387

480 500 590 551 Kal
625 496 803 550 πᾶσαν
839 495 1182 562 ύποτάξασαν
1211 497 1266 550 ὲν
1293 495 1488 569 άκαριῖ
1520 497 1780 567 Περσίδα,

496 591 835 643 Ἀνάπαυσαι
860 589 996 660 πρὸς
1029 589 1227 661 μικρόν
1257 607 1309 644 τι
1360 590 1451 643 ἐπὶ
1480 590 1572 643 τοῦ
1610 589 1803 661 δίφρου
1835 590 2027 645 τούτου

476 681 589 737 Kal
620 681 901 751 προελθεῖν
931 682 1227 749 νικητικῶς
1265 684 1345 746 είς
1373 682 1531 749 δόξαν
1555 681 1664 736 τῶν
1700 683 2018 753 Ῥωμαίων.

475 794 579 854 IB'.
632 798 743 852 Τοῦ
793 796 983 869 αὑτοῦ
1034 798 1222 869 ὕμνος
1274 797 1354 864 τῷ
1392 799 1644 863 βασιλεῖ
1692 800 1941 869 Ἰωάννῃ
1987 801 2067 867 τῷ

547 866 840 937 Κομνηνῷ
860 869 958 922 ἐπὶ
983 867 1056 939 τῇ
1072 866 1341 939 Χριστοῦ
1361 869 1669 939 γεννήσει,
1688 870 1810 938 τοῖς
1828 866 2061 943 δήμοις.

484 983 657 1038 Πάλιν
685 984 958 1054 γενέθλιον
988 984 1229 1055 Χριστοῦ
1256 984 1352 1038 xal
1376 985 1499 1055 νίκη
1526 985 1814 1056 βασιλέωῖ,

476 1077 762 1145 Φρικῶδες
793 1081 854 1131 τὸ
882 1077 1177 1145 γενέθλιον,
1214 1079 1575 1150 ἀπρόσμαχος
1606 1080 1639 1149 ἡ
1671 1078 1795 1148 νίκη
1818 1096 1831 1109 ·

478 1170 649 1223 Πάλιν
682 1169 814 1232 Θεὸς
844 1170 953 1224 άπὸ
980 1169 1196 1239 Θαιμὲν
1227 1170 1417 1241 ὼράθη
1456 1172 1815 1242 σαρκοφόρος.

476 1262 585 1314 Kal
619 1260 873 1327 βασιλεὺς
913 1258 1021 1312 ἀπὸ
1048 1259 1266 1329 Θαιμὰν
1295 1259 1513 1329 εἰσῆλθε
1549 1262 1845 1333 νικηφόρος
1869 1278 1884 1294 ⁸

490 1352 690 1422 Ἀστὴρ
712 1351 849 1404 Θεοῦ
875 1351 971 1422 τὴν
1006 1350 1216 1403 ἔλευσιν
1240 1351 1352 1413 τοῖς
1380 1352 1593 1420 Μάγοις
1620 1353 2009 1421 καταγγέλλει,

477 1444 582 1496 Τὸν
613 1443 657 1496 δ’
679 1444 887 1497 ἄνακτα
915 1442 1213 1513 μηνύουσιν
1238 1442 1413 1510 ἄστρα
1448 1444 1616 1498 πολλὰ
1638 1446 1914 1515 τροπαίων
1943 1464 1956 1477 ο

476 1541 580 1592 Τὸν
613 1538 716 1608 μὲν
738 1540 794 1591 ὲν
826 1538 999 1608 φάτνῃ
1027 1537 1279 1606 κείμενον
1309 1537 1459 1607 τρεῖς
1505 1538 1876 1608 προσκυνοῦσι
1924 1538 2065 1609 [lip-

1851 1628 1992 1702 [σαι,

475 1722 582 1778 Τοῦ
609 1724 653 1777 δ’
683 1723 788 1777 ὑπὸ
814 1723 979 1786 πόδας
1003 1722 1281 1777 κλίνουσιν
1312 1724 1462 1776 πᾶσα
1502 1723 1705 1793 Περσὶς
1744 1724 1951 1793 αὐχένα
1977 1740 1992 1755 ο

487 1819 546 1872 '0
571 1818 671 1888 μὲν
704 1817 965 1885 ἐκφεύγει
996 1816 1270 1887 μάχαιραν
1306 1815 1696 1887 βρεφοκτόνον,
1946 1800 1957 1809 ’

484 1913 545 1965 '0
569 1912 613 1965 δ’
638 1908 985 1982 ζκδιδράσκει
1017 1910 1077 1963 τὸ
1110 1909 1306 1979 πικρὸν
1330 1909 1423 1964 τοῦ
1452 1910 1690 1963 κλέπτου
1720 1910 1934 1982 Πέρσου
1968 1910 2057 1981 βέ-

1837 2000 1983 2076 [λος’

486 2095 812 2165 Ἀμφότεροι
844 2094 943 2167 τὴν
976 2094 1193 2148 ἅπασαν
1220 2092 1562 2162 άναγεννῶσι
1603 2093 1806 2160 κτίσιν,

474 2188 565 2249 Εἰς
589 2185 719 2255 ὕψος
752 2187 1157 2250 ἀναϐαίνουσιν,
1188 2186 1317 2255 ἔθνη
1347 2186 1770 2257 κληρονομοῦσι,

473 2279 815 2348 Τροποῦνται
841 2279 951 2333 πᾶν
980 2278 1040 2331 τὸ
1061 2277 1357 2349 βάρϐαρον,
1380 2277 1475 2331 καὶ
1496 2276 1676 2341 πόλεις
1708 2279 2054 2348 καἿσιροῦσι,

473 2371 584 2423 Kal
636 2372 765 2434 τοὺς
816 2371 915 2442 τῆς
976 2370 1196 2441 Ῥώμης
1234 2371 1585 2442 σχοινισμοὺς
1616 2369 1911 2435 αύξάνουσι
1957 2374 2056 2444 τῆς

1810 2461 1983 2535 [νέας,

474 2553 586 2606 Kal
618 2553 857 2624 σωτηρία
892 2553 1132 2620 γίνονται
1156 2554 1234 2625 τῷ
1258 2553 1626 2626 χριστωνύμῳ
1660 2557 1868 2626 κλήρῳ.

486 2647 651 2712 Ἀλλ’,
679 2641 723 2701 ὦ
747 2647 994 2718 γενάρχα
1025 2646 1118 2701 τοῦ
1146 2649 1367 2714 παντὸς,
1415 2648 1713 2715 παντάναξ,
1745 2648 2054 2717 παντοκράο

1823 2740 1982 2814 [τωρ.

480 2835 549 2887 Ὃ
581 2834 709 2905 πρὶν
738 2832 971 2904 ἀμήτωρ
1005 2831 1070 2885 ὲκ
1100 2831 1305 2902 πατρὸς
1325 2871 1341 2898 ,
1375 2830 1469 2886 νῦν
1497 2832 1542 2885 δ’
1573 2833 1638 2886 ἐκ
1682 2835 1887 2905 μητρὸς
1916 2833 2057 2888 anci-

1826 2923 1983 2997 [τωρ,

468 3016 812 3089 Φρούρησον,
840 3016 1037 3082 σῶσον,
1092 3017 1366 3071 σκέπασον
1402 3017 1480 3081 είς
1513 3016 1794 3080 πλείστους
1824 3015 2055 3079 κύκλους

1751 3108 1985 3179 [χρόνων

475 3198 582 3256 Τὸν
610 3202 838 3272 νικητὴν
857 3200 948 3255 τὸν
972 3201 1257 3273 Κομνηνὸν
1283 3203 1551 3273 δεσπότην
1598 3200 1874 3272 Ἰωάννην,

474 3297 588 3349 Καὶ
619 3295 710 3348 τὸν
739 3294 834 3349 τοῦ
858 3294 1088 3365 στέφους
1119 3295 1376 3349 κοινωνὸν
1406 3294 1643 3360 Ἀλέξων
1665 3295 1936 3366 δεσπότην
1956 3296 2057 3369 (Ι),

473 3388 585 3440 Kal
604 3389 730 3450 τοὺς
760 3386 1264 3458 σεϐαστοκράτορας
1298 3389 1394 3440 καὶ
1427 3388 1989 3459 πορφυρογεννήτους,

471 3527 753 3596 Requiesce
771 3522 991 3595 paulum
1012 3527 1067 3579 in
1097 3526 1189 3579 hoc
1214 3540 1396 3587 curru,
1422 3524 1584 3578 donec
1606 3526 1797 3590 denuo,
1826 3524 2060 3579 hostibus

472 3618 755 3686 superatis,
796 3615 851 3669 in
879 3617 1135 3670 honorem
1158 3629 1205 3670 et
1236 3615 1466 3687 gloriam
1491 3614 1853 3670 Romanorum
1893 3617 2060 3670 victor

472 3725 528 3763 es
571 3708 860 3763 rediturus.

472 3820 593 3877 XII.
648 3821 903 3893 Ejusdem
935 3821 1174 3893 hymnus
1232 3819 1285 3874 in
1345 3819 1550 3893 Christi
1600 3819 1869 3873 nalalitiis
1922 3818 2059 3889 imp.

825 3891 1021 3947 Joanni
1057 3892 1340 3947 Comneno
1371 3892 1683 3946 dedicatus.

542 3982 811 4039 Nataliu’a
862 3981 1060 4038 Christi
1116 3989 1165 4036 et
1206 3998 1323 4037 cum
1369 3983 1432 4037 iis
1476 3982 1811 4049 imperatoris
1848 3980 2067 4035 victoria

473 4077 631 4130 redit.
674 4074 901 4131 Natalia
933 4073 1337 4143 tremefacinnt;
1378 4073 1594 4127 victoria
1637 4073 1772 4126 citra
1812 4081 2075 4125 contesta‘

1675 383 2071 444 THEODORI
2113 382 2482 444 PRODROM
2492 382 2517 442 Ι

2094 499 2145 560 Α
2172 498 2247 551 Τὸ
2276 495 2387 551 τῶν
2417 496 2625 568 ἡλίκων
2659 497 2905 566 ἄγαλμα,
2941 496 3040 566 τὴν
3076 496 3403 570 Θαυμαστὴν
3439 496 3635 570 τριάδα
3658 514 3671 528 ο

3628 381 3766 448 1338

2181 590 2270 653 Ὠς
2296 588 2393 643 καὶ
2419 588 2605 660 πατὴρ
2639 591 2737 642 σὺν
2772 591 2886 652 τοίς
2920 590 3109 644 παισὶν
3135 589 3443 660 άγάλληται
3470 606 3760 658 τοιουτιις,

2171 679 2281 734 Kal
2315 681 2505 743 παῖδες
2535 681 2865 752 ἐπιχαίρωσι
2896 681 3068 752 πατρὶ⁸
3095 683 3507 755 τροπαιοφόρῳ.

2701 792 2798 849 ll“.
2828 796 2933 861 εις
2961 794 3028 847 τὸ
3055 796 3225 849 αὐτό.

2168 886 2494 958 Εὐχαριστῶ
2521 905 2621 958 μου
2651 886 2730 957 τῷ
2760 886 2902 957 Θεῷ,
2929 889 3267 959 σκηπτοῦχε,
3290 891 3644 960 τροπαιοῦχε,

2181 978 2247 1032 Ἢ
2276 978 2487 1045 τέξασά
2521 997 2581 1032 σε
2628 978 2869 1049 Ῥωμαῒς
2901 981 2993 1032 καὶ
3023 982 3208 1052 μήτηρ
3245 998 3341 1035 σου
3366 980 3470 1044 ,καὶ
3495 981 3681 1050 δούλη,

2171 1071 2298 1125 ’Ότι
2323 1073 2425 1126 κᾶν
2446 1071 2540 1126 νῦν
2566 1072 2788 1143 ἑώρακα
2822 1072 2880 1126 τὸ
2904 1073 3107 1144 κράτος
3136 1091 3229 1129 σου
3263 1074 3324 1128 τὸ
3357 1074 3501 1129 θετον

2183 1164 2278 1218 Ἐκ
2309 1164 2416 1218 τῶν
2447 1164 2702 1232 πολέμων
2732 1165 2923 1219 ἀνεοὲν
2956 1165 3052 1220 καὶ
3081 1167 3190 1220 τῶν
3218 1168 3468 1238 ἀπείρων
3502 1168 3702 1224 πόνων.

2182 1255 2347 1310 Ἀλλά
2373 1256 2668 1326 φοϐοῦμαι,
2698 1257 2942 1326 βασιλεῦ,
2978 1258 3039 1311 τὸ
3061 1259 3423 1330 ταχυκίνητόν
3454 1276 3570 1325 σου,

2171 1349 2284 1403 Kal
2319 1349 2577 1414 δυσωπῶ,
2613 1349 2960 1420 περίμεινον,
2994 1350 3071 1421 μὴ
3119 1350 3287 1405 πάλιν
3321 1353 3749 1428 ἐκστρατεύσῃς.

2170 1442 2510 1512 Κεκόρεσταί
2542 1458 2633 1495 σου
2656 1443 2753 1512 τῆς
2788 1445 3005 1513 μορφῆς
3050 1444 3310 1514 ’Δνατολὴ
3339 1447 3431 1498 καὶ
3457 1446 3643 1511 Λύσις,

2182 1534 2494 1606 ’Λπηλαυσέ
2537 1551 2630 1587 σου
2667 1535 2982 1599 Δανούϐιος,
3013 1534 3182 1600 Ἀλυς
3204 1535 3417 1607 ἑώρακέ
3453 1552 3514 1592 σε
3536 1553 3553 1569 ⁶

2172 1621 2292 1680 Εἷδέ
2319 1642 2377 1679 σι
2410 1626 2483 1696 γῆ
2515 1627 2889 1696 Κασταμονὶς,
2926 1627 3149 1700 Γάγγρα
3179 1630 3517 1700 προσέϐλεψε
3567 1648 3672 1687 σοι.

2182 1720 2322 1788 Ἐγὼ
2350 1720 2394 1773 δ’
2418 1723 2481 1774 ὲκ
2511 1724 2677 1790 μόνον
2706 1721 2866 1789 λόγου
2892 1739 2951 1775 σε
2981 1724 3076 1777 καὶ
3111 1724 3283 1794 μόνης
3315 1727 3505 1797 φήμης
3545 1725 3750 1795 βλέπω.

2167 1817 2364 1867 Δίκαια
2399 1812 2590 1880 ταῦτα,
2628 1814 2849 1884 βασιλεῦ
2876 1832 2890 1881 ;
2935 1815 3001 1869 Τί
3035 1832 3135 1884 μου
3158 1816 3349 1881 λυπεῖς
3374 1817 3435 1871 τὸ
3464 1818 3678 1889 γῆραςς

2167 1903 2334 1978 Στῆθι
2370 1906 2590 1975 μικρὸν,
2627 1907 2724 1958 καὶ
2760 1904 2942 1975 βλέψω
2974 1921 3067 1959 σου
3100 1907 3198 1975 τὴν
3226 1907 3558 1978 σελασφόρον
3585 1907 3747 1962 θέανο

2167 1976 2482 2068 Κορέσομαί
2512 2016 2604 2052 σου
2638 1999 2735 2070 τῆς
2770 2000 3007 2070 μορφῆς,
3037 1999 3131 2053 τοῦ
3164 1999 3398 2064 κάλλους
3424 1976 3741 2055 ἀπολαύσω·

2179 2090 2515 2162 ’Λνάμεινον,
2556 2094 2898 2164 περίμεινον,
2939 2092 3038 2147 οὐκ
3079 2092 3226 2163 ἔχεις
3262 2093 3597 2163 πολεμίους·

2166 2184 2248 2237 Tit
2275 2184 2383 2255 γάρ
2416 2184 2549 2255 πρὸς
2570 2184 2686 2237 Ἕω
2722 2187 2813 2238 καὶ
2847 2183 3067 2255 Δυσμᾶς
3087 2184 3212 2257 ἔθνη
3239 2184 3557 2239 δουλεύουσί
3589 2200 3697 2254 σοι,

2165 2277 2276 2332 Kal
2308 2278 2456 2330 πᾶσα
2484 2277 2757 2348 βάρϐαρος
2785 2277 2937 2346 ἰσχὺς
2970 2274 3453 2346 ὲξηνδραπόδισταί
3480 2294 3585 2332 σοι.

2166 2368 2334 2440 Στῆθι
2366 2369 2580 2441 μικρζν,
2623 2368 2719 2422 καὶ
2753 2367 2953 2422 πλύνου
2985 2385 3079 2420 σου
3117 2368 3247 2431 τοὺς
3276 2370 3628 2442 πανωραίους
3652 2369 3753 2423 πό-

3533 2464 3675 2539 [δας,

2168 2556 2333 2627 Στῆθι
2365 2555 2583 2625 μικρὸν,
2618 2556 2707 2609 καὶ
2737 2555 2874 2623 νίψω
2895 2572 2988 2609 σου
3021 2556 3120 2620 τὰς
3149 2557 3513 2629 αἱμαχθείσας
3532 2560 3750 2631 χεῖρας,

2165 2650 2275 2703 Καὶ
2296 2648 2473 2701 λούσω
2503 2650 2601 2718 τὴν
2628 2648 2696 2703 δι’
2727 2649 2828 2718 ὲμέ
2858 2666 2951 2702 σου
2983 2650 3420 2722 κακουχηθείσαν
3453 2652 3654 2729 σάρκα,

2164 2741 2256 2811 Μὴ
2280 2740 2442 2811 λίπῃς
2469 2756 2538 2809 με
2572 2739 2673 2810 τὴν
2719 2739 2874 2791 πόλιν
2910 2755 3002 2793 σου
3043 2743 3136 2793 καὶ
3169 2740 3365 2812 δούλην
3390 2745 3483 2795 καὶ
3514 2744 3752 2812 μητέραο

2164 2835 2267 2886 Τὸν
2296 2832 2809 2904 βρεφουργούμενον
2834 2831 3069 2901 Χριστὸν
3091 2832 3336 2903 πρέσϐυν
3375 2833 3754 2905 προϐάλλομαί

3542 2923 3674 2997 hat,

2162 3019 2241 3073 Δι’
2261 3011 2322 3075 οὗ
2353 3021 2449 3072 καὶ
2478 3017 2827 3088 πολυχρόνιος
2862 3019 3153 3089 Ῥωμαίων
3189 3017 3498 3088 βασιλεύοις
3519 3033 3535 3048 ·

2165 3112 2277 3165 Kal
2308 3110 2386 3182 τῷ
2415 3110 2565 3164 παιδὶ
2595 3110 2690 3163 καὶ
2723 3110 2934 3181 βασιλεῖ
2952 3113 3267 3184 συγχαίροις
3310 3111 3552 3182 Ἀλεξίῳ,

2085 3216 2128 3274 ο
2165 3201 2277 3254 Kal
2309 3203 2423 3265 τοῖς
2447 3199 2949 3271 σεϐαστοκράτορσι
2977 3204 3073 3256 καὶ
3096 3203 3651 3274 πορφυρογεννήτοις.

2685 3292 2782 3347 1Δ’.
2823 3294 2928 3358 Είς
2955 3294 3023 3348 τὸ
3061 3297 3231 3351 αὑτό.

2178 3385 2298 3454 Ἀφ’
2321 3376 2381 3438 οὗ
2404 3385 2540 3449 Θεός
2572 3403 2676 3451 σοι,
2720 3385 2966 3456 βασιλεῦ,
3002 3386 3307 3460 ὲϐράϐευσε
3331 3390 3392 3444 τὸ
3416 3391 3639 3462 κράτος.

2632 3525 2774 3580 XIII.
2798 3524 2855 3580 In
2893 3528 3086 3583 eodem
3125 3529 3283 3585 festo.

2232 3656 2345 3711 “go
2396 3636 2635 3705 Romais,
2677 3648 2850 3695 mater
2869 3642 3053 3696 eadem
3098 3651 3148 3698 et
3187 3660 3339 3701 serva
3384 3655 3498 3712 tua,
3542 3651 3752 3719 gratias

2162 3748 2261 3801 ago
2298 3731 2403 3785 Deo
2444 3749 2578 3799 meo,
2626 3750 2654 3799 ο
2701 3730 2887 3788 Cwsar
2929 3738 3237 3809 sceptriger,
3282 3742 3419 3809 quod
3458 3743 3749 3813 inprwsen-

2164 3824 2362 3875 tiaram
2411 3825 2639 3877 maxime
2686 3826 3019 3894 majestatem
3066 3837 3215 3883 tuam
3273 3831 3509 3886 divinam
3574 3834 3678 3889 ridi
3723 3853 3752 3889 e

2164 3910 2313 3965 bellis
2343 3914 2737 3985 innumerisque
2754 3915 2876 3969 aliis
2903 3918 3051 3971 rebus
3079 3918 3544 3990 eﬁ'ulgentent.Sed
3568 3926 3748 3991 timeo,

2172 4003 2483 4074 imperator,
2533 4004 2862 4060 velocitatem
2909 4016 3076 4075 tuam,
3138 4027 3204 4064 ne
3252 4013 3422 4067 denuo
3464 4014 3520 4067 in
3570 4027 3751 4071 castra

2173 4096 2550 4168 proﬁciscaris.
2583 4098 2704 4152 Jam
2730 4097 2915 4155 Oriens
2942 4112 3098 4173 atque
3126 4101 3373 4162 Occidens
3395 4110 3524 4165 satis
3548 4111 3751 4167 vultum

476 4170 696 4272 tionem.
731 4168 933 4272 Rursus
964 4165 1108 4272 Deus
1152 4182 1370 4220 carnem
1402 4184 1433 4220 α
1473 4164 1712 4272 Themi!"
1741 4166 2075 4272 δηάαίῧξξιεί
2173 4164 2322 4240 tuum
2344 4188 2640 4244 admiratus
2683 4200 2797 4256 est;
2845 4164 3118 4248 Danubius
3162 4204 3212 4248 te
3260 4199 3450 4261 tenuit,
3488 4164 3753 4272 Halys

475 4259 622 4324 inde.
674 4267 836 4332 parta
878 4260 1120 4322 victoria,
1174 4275 1416 4313 reversus
1442 4274 1552 4313 esse
1599 4261 1738 4313 visus
1777 4269 1873 4313 est.
1915 4256 2073 4313 Sidus
2170 4278 2318 4347 vid",
2355 4279 2667 4349 Casmmon’

475 4354 685 4406 caeleste
732 4353 1017 4406 adventum
1065 4353 1179 4423 ejus
1230 4349 1403 4421 Magis
1441 4352 1796 4415 annuntiavit,
1836 4353 2074 4421 impera-

1166 4443 1343 4496 sidera
1392 4445 1484 4495 sub
1536 4451 1855 4512 tropworum
1894 4444 2062 4512 specie
2096 4445 2137 4499 D

476 4450 643 4495 torem
696 4452 868 4495 autem
923 4441 1092 4496 multa

476 4534 773 4589 declarant.
830 4533 1000 4589 Unum
1052 4536 1259 4606 quidem
1307 4537 1360 4589 in
1408 4535 1632 4604 praesepi
1662 4535 1933 4605 jacentem
1958 4544 2065 4588 tres

476 4625 627 4697 Magi
671 4626 923 4688 adorant,
958 4628 1051 4680 sub
1106 4625 1322 4681 alterius
1358 4626 1485 4696 pede
1535 4634 1647 4681 tota
1687 4626 1868 4681 Persia
1901 4627 2067 4679 cervi-

477 4736 589 4774 cem
640 4720 819 4791 ﬂectit.
859 4717 1000 4773 Unus
1072 4718 1268 4786 ferrum
1318 4717 1688 4785 infanticidum
1740 4718 1893 4788 fugit,
1929 4715 2067 4770 alter

476 4826 598 4864 acre
644 4808 807 4863 telum
860 4806 1037 4862 Persa:
1069 4808 1281 4876 rapacis
1326 4807 1486 4860 evitat
1517 4823 1535 4861 :
1566 4805 1719 4860 ambo
1762 4808 2065 4861 universam

476 4911 730 4973 naturam
778 4898 1043 4967 reﬁciunt,
1106 4913 1319 4951 sursum
1374 4897 1685 4962 ascendunt,
1730 4905 1909 4967 gentes
1953 4913 2067 4951 sor-

476 4992 707 5057 tiuntur,
756 4993 892 5045 vires
956 4990 1263 5045 barbaricas
1312 5004 1489 5043 omnes
1528 4989 1726 5054 delent,
1764 4990 1914 5044 urbes
1955 4991 2065 5045 sola

476 5095 713 5155 arguant,
760 5092 807 5137 et
847 5083 1026 5137 Romen
1063 5100 1211 5138 noete
1240 5084 1374 5153 ﬁnes
1418 5089 1791 5153 augmentant,
1827 5090 1878 5135 et
1922 5084 2064 5137 clero

474 5179 776 5234 Christiano
806 5178 1035 5232 salutem
1070 5178 1316 5246 aﬁ'erunt.
1355 5174 1481 5239 Sed,
1504 5190 1534 5227 ο
1558 5172 1780 5229 Creator
1805 5176 2063 5237 omnium.

472 5270 587 5325 Rex
620 5286 823 5340 regum,
853 5270 1120 5341 quondam
1145 5270 1257 5322 sine
1284 5275 1455 5321 matre
1481 5282 1508 5318 e
1557 5273 1733 5335 patre,
1765 5283 1906 5320 nunc
1951 5269 2066 5321 sine

473 5372 626 5433 patre
686 5381 716 5416 α
752 5371 940 5426 matre,
988 5360 1213 5426 custodi,
1265 5375 1416 5414 serva
1466 5358 1523 5410 in
1577 5356 1835 5435 plurimos
1893 5375 2063 5415 annos

475 5449 803 5506 Comnenum
852 5451 1117 5505 Joannem
1175 5450 1445 5514 victorem,
1483 5457 1533 5502 et
1581 5448 1831 5502 Alexium
1883 5438 2064 5504 throni

474 5553 790 5610 consortem,
815 5560 1027 5614 unaque
1053 5552 1304 5613 augustos
1345 5540 1843 5610 Porpltyrogenitos,
1868 5542 2062 5594 miram

476 5634 674 5687 triada.
727 5631 896 5689 Pater
940 5635 1104 5705 igitur
1160 5635 1224 5687 de
1271 5632 1468 5686 talibus
1517 5630 1642 5697 ﬁliis
1684 5631 1901 5701 jubilet,
1958 5631 2063 5700 filii

477 5733 653 5777 autem
681 5725 744 5779 de
772 5736 922 5796 patre
949 5725 1333 5795 triumphatore
1365 5721 1667 5778 exsultent!

2705 4280 2945 4354 Gangra,
2985 4299 3033 4339 et
3066 4304 3159 4358 ego
3190 4297 3238 4341 te
3273 4306 3376 4343 non
3408 4293 3507 4345 nisi
3534 4295 3752 4350 auribus

2169 4390 2233 4427 ac
2263 4373 2409 4442 fama
2448 4376 2726 4430 noverim?
2772 4377 3000 4432 lloccine
3036 4379 3281 4448 justum?
3307 4399 3401 4436 cur
3435 4396 3752 4442 senectutem

2170 4482 2341 4519 meam
2385 4466 2566 4520 dolore
2611 4468 2807 4537 ofﬁcis?
2853 4467 2951 4523 Sta
2992 4470 3277 4540 paululum
3319 4482 3367 4525 et
3411 4474 3751 4544 splendidum

2170 4566 2317 4612 tuum
2364 4557 2568 4613 vultum
2624 4560 2989 4630 aspiciendam
3036 4563 3163 4616 mihi
3220 4564 3413 4633 prwbe,
3469 4566 3631 4619 donec
3680 4571 3751 4621 ad
3818 4628 3835 4645 θ

2165 4652 2466 4706 satietatem
2511 4653 2867 4722 perspexerim
2912 4652 3141 4721 formam
3186 4664 3355 4710 tuam.
3383 4654 3524 4711 Siste
3564 4660 3748 4729 igitur,

2169 4756 2262 4795 nec
2287 4743 2414 4798 time
2448 4742 2617 4797 hostes
2658 4740 2749 4813 qui
2792 4743 2886 4795 tibi
2925 4741 3059 4795 nulli
3093 4753 3238 4809 sunt,
3280 4748 3537 4815 siquidem
3570 4758 3750 4817 gentes

2168 4830 2433 4887 Orientem
2459 4843 2508 4886 et
2529 4832 2857 4888 Occidentem
2878 4832 3102 4888 colentes
3124 4835 3217 4890 tibi
3242 4839 3477 4890 serviunt
3496 4846 3545 4891 et
3568 4856 3749 4894 omnes

2169 4922 2521 4978 barbarorum
2556 4926 2719 4993 copim
2766 4925 2861 4978 sub
2884 4924 3017 4995 jugo
3067 4934 3156 4980 tuo
3198 4937 3435 4997 gemunt.
3466 4927 3563 4982 ‘Sta
3608 4945 3748 4998 pau-

2169 5013 2330 5085 lisper
2349 5024 2398 5069 et
2432 5015 2585 5085 pedes
2618 5026 2734 5068 tuos
2759 5015 3005 5083 pulchros
3037 5015 3159 5071 lava
3196 5028 3257 5070 ut
3296 5027 3347 5071 et
3388 5032 3576 5073 manus
3620 5036 3749 5074 san-

2166 5109 2525 5180 guinolentus,
2558 5122 2605 5165 et
2630 5129 2730 5185 ego
2744 5131 2935 5182 corpus
2962 5126 3113 5170 tuum
3144 5116 3404 5188 languens
3432 5117 3644 5171 lavabo.
3669 5118 3748 5173 Ne

2167 5215 2250 5253 me
2270 5200 2481 5256 deseras
2505 5205 2766 5259 civitatem
2792 5215 2941 5260 tuam
2964 5223 3175 5263 servam
3196 5218 3245 5263 et
3281 5218 3536 5275 matrem;
3592 5207 3752 5263 Citri-

2165 5299 2307 5344 stum
2374 5292 2464 5346 tibi
2488 5294 2747 5361 infantem
2800 5296 3015 5367 deputo,
3073 5315 3166 5369 per
3208 5315 3362 5369 quem
3412 5315 3507 5370 per
3556 5299 3750 5353 multos

2167 5394 2335 5437 annos
2378 5381 2632 5441 Romanis
2688 5390 2895 5458 praesis.
2944 5382 3127 5443 Gaude
3181 5393 3341 5462 igitur
3384 5408 3500 5444 cum
3548 5389 3663 5457 ﬁlio
3703 5399 3752 5443 et

2166 5469 2355 5539 imper.
2402 5472 2607 5543 Alexio,
2650 5485 2697 5530 et
2731 5492 2846 5531 cum
2880 5484 3115 5549 angustis
3146 5478 3615 5553 Porphyrogenitis
3642 5479 3756 5537 coi-

2168 5557 2372 5616 uetare.

2656 5658 2799 5717 XIV.
2841 5662 2984 5718 idem
3024 5663 3244 5719 festum.

2235 5746 2321 5802 Ex
2343 5764 2443 5818 quo
2470 5751 2560 5804 tibi
2588 5750 2723 5807 Deus
2748 5764 3061 5824 potestatem
3089 5759 3396 5828 impertivit.
3422 5754 3549 5811 solis
3576 5755 3752 5810 instar

547 5862 624 5933 (Ι)
657 5860 776 5917 Non
806 5863 870 5920 de
902 5878 1003 5919 avo
1020 5862 1234 5932 Alexio,
1270 5861 1363 5918 sed
1396 5861 1463 5919 de
1487 5863 1590 5918 hoc
1617 5856 1853 5915 Joannis
1904 5860 2016 5917 (ilio
2062 5861 2283 5930 Alexio,
2339 5863 2587 5935 loquitur
2630 5868 2795 5925 etiam
2824 5872 3061 5941 primum
3117 5870 3407 5929 Prodromi
3462 5882 3679 5927 noema.
