4078 6406
370 479 574 550 Κύκλῳ
613 475 834 541 κυκλοῖς
863 475 938 541 ὡς
968 475 1120 546 ἥλιος
1155 474 1254 546 τὴν
1276 473 1405 546 ὅλην
1429 472 1778 544 οἰκουμένην,

368 575 509 637 Τοὺς
540 571 674 644 πρὸς
699 572 801 642 τὴν
824 568 941 623 Ἕω
968 567 1264 639 πυρπολῶν
1289 568 1385 622 καὶ
1411 566 1548 637 πρὸς
1583 566 1795 636 δυσμὴν
1823 564 1952 635 βαρ-

1619 657 1875 731 [ϐάρους.

383 752 524 823 Ἐγὼ
544 752 590 806 δ’
612 752 645 823 ἠ
668 749 941 822 τεξαμένη
975 768 1035 804 σε
1061 751 1155 806 καὶ⁸
1184 749 1504 823 θρεψαμένῃ
1541 748 1727 818 Ῥώμη

373 848 485 910 Τάς
509 847 667 908 νικας
702 844 803 914 μὲν
835 842 1158 915 κομίζομαι,
1194 845 1287 899 τὸν
1310 843 1540 915 νικητὴν
1568 843 1618 897 δ’
1638 844 1739 897 οὐκ
1771 841 1882 911 ἔχω
1907 857 1922 872 ’

372 943 482 995 Καὶ
509 942 578 992 τὰ
616 939 716 1008 μὲν
764 939 940 993 σκύλα
997 940 1251 1011 δέχομαι,
1317 939 1409 993 τὸν
1439 936 1743 1007 σκυλευτὴν
1799 937 1845 989 δ’
1892 936 1951 989 οὐ

1636 1029 1844 1102 [βλέπω
1863 1047 1876 1063 ·

375 1126 481 1179 Καὶ
510 1125 578 1179 τὶ
611 1126 711 1196 μὲν
726 1127 964 1197 τρόπαια
983 1126 1214 1196 λαμπρά
1237 1123 1693 1195 κληροῦμαικαθ⁸
1712 1122 1950 1194 ἡμέραν,

376 1213 479 1270 Τὸν
509 1219 867 1289 τροπαιοῦχον
893 1219 940 1274 δ’
969 1221 1069 1291 οὐχ
1087 1219 1223 1290 ὁρῶ.
1257 1212 1482 1282 Καὶτίς
1513 1234 1605 1288 μοι
1625 1216 1828 1271 τούτων
1858 1217 1958 1287 χά-

1737 1307 1883 1379 [em

373 1399 746 1471 Τρισευτυχὴς
780 1402 814 1473 ἡ
846 1402 1186 1472 Κασταμὼν,
1218 1400 1576 1474 τρισευκλεὴς
1609 1400 1917 1471 ήΓάγγρα,

378 1492 498 1545 Ὀτι
519 1493 630 1546 τῶν
661 1494 772 1547 σῶν
809 1495 1137 1565 ἀπήλαυσαν
1163 1494 1465 1565 βασιλικῶν
1491 1494 1753 1550 ἀκτίνων.

388 1583 552 1639 Ἀλλά
570 1586 672 1640 κᾶν
692 1587 787 1639 νῦν
812 1588 1112 1659 ἠρέμηται,
1135 1588 1225 1651 δὲς
1257 1587 1443 1641 ἄνεσιν
1474 1589 1601 1650 ταῖς
1630 1587 1858 1658 μάχαις,

376 1678 543 1747 Στῆθι
577 1679 773 1751 μικρὸν
796 1681 891 1734 καὶ
927 1682 1191 1747 κόπασον,
1232 1680 1509 1752 ἀνάψυξον
1545 1681 1605 1733 τὸ
1632 1681 1817 1750 σῶμα,

374 1772 485 1826 Καὶ
509 1772 595 1837 δὸς
637 1774 1058 1844 κατατρυφῆσαί
1084 1791 1173 1843 μοι
1199 1773 1301 1845 τῆς
1334 1773 1536 1845 αἴγλης
1554 1791 1651 1828 σου
1668 1775 1767 1843 τῆς
1784 1773 1957 1837 θείας.

376 1866 535 1936 Καλὴ
567 1868 841 1937 τυγχάνω,
880 1866 1125 1938 βασιλεῦ·
1164 1868 1348 1939 πάσης
1387 1868 1648 1938 κατάρχω
1677 1869 1885 1941 χώρας·

379 1956 561 2019 Καλὸς
585 1958 907 2028 τυγχάνεις,
931 1959 1027 2013 καὶ
1046 1959 1247 2022 παντὸς
1274 1958 1680 2031 ὑπερεξάρχεις
1699 1960 1957 2028 κράτους·

379 2049 586 2103 Λοιπὸν
613 2052 1128 2123 κατατρυφήσωμεν
1153 2055 1252 2124 τῆς
1278 2052 1549 2124 καλλονῆς
1587 2053 1856 2124 ἀλλήλων.

382 2143 494 2213 Οὐχ
518 2143 686 2217 εὕρῃς
712 2143 1108 2215 λαμπροτέραν
1142 2162 1245 2216 μου
1274 2145 1431 2199 πόλιν
1465 2148 1545 2210 εἰς
1571 2146 1923 2216 οἰκουμένην,

380 2238 492 2307 Οὐχ
518 2236 664 2308 εὕρω
696 2254 788 2289 σου
812 2237 1199 2309 λαμπρότερον
1223 2240 1283 2292 ὲν
1306 2237 1409 2309 βίῳ
1443 2238 1695 2308 βασιλέα.

390 2330 666 2401 Ἀλλήλων
690 2330 1113 2403 ἀπολαύσωμεν,
1148 2332 1400 2402 ἀλλήλων
1430 2331 1806 2403 κορεσθῶμεν.
1914 2357 1921 2364 ·

392 2425 538 2479 Ἀλλ’
567 2428 595 2479 ὀ
624 2425 948 2494 τικτόμενος
972 2424 1209 2498 Χριστὸς
1242 2425 1348 2480 ὑπὸ
1375 2425 1599 2497 Μητρδς
1623 2425 1928 2497 Παρθένου,

394 2516 684 2589 Ῥωμαίων
711 2518 831 2590 ἥλιε
863 2519 1106 2589 λαμπρὲ,
1140 2519 1390 2572 Δέσποτα
1422 2517 1785 2591 τροπαιοῦχε,

382 2611 701 2682 Φρουρήσαι
729 2613 789 2667 σὲ
823 2612 1032 2666 καὶτὸν
1081 2613 1151 2668 ἐκ
1176 2612 1271 2667 σοῦ
1302 2612 1395 2667 τὸν
1425 2610 1684 2667 κοινωνὸν
1704 2611 1796 2666 τοῦ
1826 2612 1969 2683 κρά-

920 2716 923 2725 ‘
1724 2705 1897 2777 [τους,

384 2796 542 2851 Μετά
567 2798 674 2851 τῶν
713 2798 998 2870 παρηλῐων
1025 2815 1118 2852 σου
1149 2799 1262 2852 τῶν
1288 2798 1828 2871 σεϐαστοκρατόρων,

386 2890 499 2944 Καὶ
530 2890 890 2963 πολυχρόνιον
921 2890 1070 2965 ζωὴν
1098 2891 1402 2963 βραϐεύσαι
1449 2910 1541 2946 σου
1575 2892 1652 2963 τῷ
1685 2892 1875 2961 κράτει

461 3006 563 3060 llic
609 3008 807 3064 addere
839 3009 980 3063 lubet
1008 3051 1023 3074 ,
1050 3011 1353 3079 speciminis
1410 3026 1555 3077 ergo,
1603 3009 1856 3078 Byzantii
1883 3025 1975 3062 su-

388 3080 701 3147 prascriptis
731 3080 976 3135 laudibus
1003 3082 1284 3146 pulchrum
1317 3082 1515 3133 heroici
1556 3082 1812 3134 carminis
1869 3081 1974 3133 ini-

392 3150 528 3222 t_ium
562 3149 846 3222 l’rodromi
895 3153 1066 3204 nostri
1114 3150 1257 3222 (cod.
1290 3151 1488 3220 Ῑ.128)
1540 3151 1692 3219 cujus
1738 3150 1973 3207 titulus:

393 3219 790 3293 Συντακτήριοι
816 3219 1159 3285 Βυζαντίοις.

1127 3315 1232 3371 IE'.

393 3402 587 3476 Χαῖρε,
624 3406 781 3470 πόλις
828 3408 1177 3478 μεγάπυργε,
1217 3407 1494 3478 νεηγενὲς,
1529 3408 1719 3462 εὗπολι
1770 3408 1982 3480 Ῥώμη,

397 3611 606 3651 omnem
634 3609 901 3653 terrarum
934 3600 1110 3654 orbem
1138 3602 1404 3664 circumis,
1437 3602 1691 3656 barbaros
1717 3600 1988 3656 Orientem

394 3698 561 3761 atque
587 3688 913 3747 Occidentem
971 3710 1150 3749 versus
1205 3695 1504 3751 habitantes
1565 3698 1705 3769 ferro
1760 3707 1812 3752 et
1869 3699 1990 3767 igne

402 3784 698 3839 destruens.
727 3784 837 3856 Ego
868 3786 1037 3843 Roma
1062 3790 1249 3843 deinde
1268 3804 1387 3861 qua:
1410 3801 1581 3846 mater
1605 3802 1654 3846 et
1689 3794 1870 3847 nutrix
1896 3794 1989 3846 tibi

394 3890 538 3940 sum,
567 3877 795 3931 victoriis
818 3879 1030 3947 quidem
1057 3880 1229 3949 fruor.
1250 3884 1495 3936 victorem
1521 3899 1784 3953 nusquam
1807 3886 1989 3949 video;

400 3965 573 4035 spolia
607 3968 816 4037 quidem
845 3978 987 4023 sorte
1033 3974 1162 4026 milii
1194 3973 1511 4039 obveniant,
1549 3976 1634 4029 cui
1659 3976 1914 4030 debentur
1945 3979 1990 4031 is

401 4074 459 4111 se
481 4058 786 4126 abscondit;
817 4067 1019 4131 tropaea
1069 4061 1293 4133 singulis
1339 4064 1521 4118 diebus
1545 4065 1770 4136 fulgent.
1803 4069 1990 4121 trium-

407 4152 600 4220 phator
638 4169 745 4206 non
785 4156 981 4223 prodit.
1023 4152 1163 4219 Quid
1209 4156 1332 4210 inde
1369 4156 1531 4210 boui?
1572 4157 1670 4211 Ter
1713 4158 1989 4227 fortunata

411 4246 533 4299 urbs
563 4244 874 4308 Castamon,
926 4246 1267 4303 celeberrima
1294 4248 1516 4321 Gangra
1551 4253 1635 4304 cui
1686 4254 1851 4306 radiis
1891 4256 1991 4308 tuis

408 4340 770 4409 imperatoriis
816 4341 1018 4412 perfrui
1064 4340 1232 4399 licuit.
1306 4343 1459 4397 Nunc
1506 4345 1688 4414 igitur,
1768 4346 1855 4399 ubi
1905 4361 1997 4414 per

412 4447 594 4499 pacem
639 4430 776 4497 licet,
827 4432 1023 4504 proeliis
1066 4433 1227 4503 ﬁnem
1275 4437 1524 4508 impone;
1572 4453 1759 4508 corpus
1791 4453 1994 4501 recrea,

416 4536 568 4592 teque
614 4524 742 4577 mini
790 4526 1153 4595 aspiciendam
1200 4526 1392 4598 prtebe.
1444 4525 1679 4581 Pulchra
1732 4527 1997 4598 equidem,

1550 351 1866 414 SCRIPTA
1910 345 2478 409 MISCELLANEA.

1979 471 2031 527 Α
2060 462 2291 534 Εὕκορε,
2323 462 2674 533 καλλιάνειρα
2696 502 2710 528 ,
2747 461 3051 532 περὶδρομε
3092 460 3296 532 τείχεσι
3329 463 3585 531 μακροῖς,

3506 339 3642 404 1390

2061 560 2360 630 Εὑκρατὲς,
2392 556 2728 626 εὐολέτειρα,
2752 556 3084 629 φυτοτρόφε,
3117 554 3505 626 εὐπαράδεισε,

2058 651 2291 714 Εὑκιων,
2337 650 2670 723 εὑρύταφρε,
2706 649 2997 719 ἀλιστεφὲς
3033 649 3191 719 ὄμμα
3222 648 3461 719 πολήων,

2074 745 2360 814 Ἀμφιόίη,
2387 745 2584 814 χέρσος
2613 762 2698 806 τε,
2721 745 2816 798 καὶ
2847 743 3067 814 οἴδματι
3098 744 3343 814 κάρῤυτε
3380 743 3565 813 νῆσος,
3690 800 3697 803 _

2060 836 2284 908 Δυσμῆς
2312 836 2362 891 τ’
2392 836 2667 910 Ἀντολίης
2688 855 2746 890 τε
2767 834 3128 905 τελευτοσύνη
3162 852 3221 887 τε
3249 836 3345 888 καὶ
3368 835 3513 907 ἀρχή
3530 843 3641 892 etc.

2059 952 2200 1031 Ιππ-
2212 951 2324 1031 Tqu
2351 952 2541 1031 avrai}
2573 948 3166 1031 buuoc~térﬂaonlei
3187 949 3349 1031 £va
3396 951 3648 1031 ‘(mrim’p

2129 1021 2210 1164 2%)
2252 1023 2545 1092 Κομνηνῷ
2592 1020 2690 1076 ἐπὶ
2726 1020 2800 1090 τῇ
2849 1022 3145 1087 ,ϐαπτίσει
3182 1020 3468 1089 Χριστοῦ,
3521 1020 3647 1087 τοῖξ

2187 1161 2191 1165 _
2205 1111 2368 1165 μοις.
3610 1111 3621 1119 ⁸

2070 1202 2203 1262 Ἰδοὺ
2237 1201 2408 1272 διπλῆ
2438 1202 2953 1273 πανήγυρις.διπλη
2988 1198 3134 1272 χαρά
3171 1200 3491 1270 Ῥωμαίοις,

2060 1295 2278 1366 Λουτρά
2332 1294 2725 1365 Χριστοῦ,κα“ι
2780 1293 3019 1366 τρόπαια
3074 1293 3305 1364 λαμπρᾶ
3342 1293 3438 1348 τοῠ
3484 1292 3647 1365 βασιο

3382 1383 3545 1457 [λέως

2063 1479 2297 1551 Χριστὸς
2327 1480 2523 1550 ἐλούοη
2557 1479 2624 1533 δι’
2659 1479 2808 1549 ἡμᾶς
2835 1479 3048 1552 λουτρῷ
3078 1478 3159 1550 τῷ
3195 1478 3305 1533 τῶν
3328 1479 3557 1546 ὑδάτων,

2066 1572 2236 1640 Ἀναξ
2266 1571 2512 1641 ὲπλύνθη
2538 1571 2607 1624 δι’
2634 1572 2786 1643 ἡμᾶς
2817 1571 3033 1643 λουτρῷ
3060 1572 3139 1643 τῷ
3166 1572 3275 1626 τῶν
3305 1573 3547 1642 ἱδρώτων
3565 1590 3578 1604 ·

2077 1663 2135 1715 '0
2162 1664 2258 1733 μὲν
2291 1663 2570 1734 συντρίϐει
2591 1663 2837 1733 κεφαλὰς
2864 1666 2924 1719 ἐν
2955 1661 3109 1719 ὕδατι
3145 1665 3485 1735 δρακόντιον,

2066 1756 2133 1808 '0
2164 1756 2221 1810 δὲ
2254 1757 2531 1824 σνγκλίνει
2552 1756 2810 1826 ’κεφαλὰς
2842 1755 2935 1811 ἐπὶ
2957 1757 3058 1827 τῆς
3091 1758 3194 1826 γῆς
3221 1757 3523 1828 βαρϐάρων
3546 1774 3561 1790 ο

1995 1834 2034 1889 Β
2075 1846 2136 1899 Ὀ
2177 1845 2278 1916 μὲν
2300 1847 2426 1911 τοὺς
2452 1847 2866 1918 ἐκφωλεύοντας
2895 1848 3052 1917 ὄφεις
3073 1847 3446 1913 ἀποκτιννύει,

2080 1935 2138 1988 Ὀ
2174 1935 2233 1989 δὲ
2260 1936 2540 2005 συγκλειει
2574 1937 2804 2009 φωλεοῖς
2838 1938 2967 2003 τοὺς
3003 1939 3133 2011 πρὶν
3161 1940 3385 2004 ἁνέτους
3404 1940 3619 2011 Πέρσα,
3641 1957 3656 1972 ο

2068 2027 2172 2082 Τὸν
2208 2029 2311 2099 μὲν
2348 2030 2410 2083 τὸ
2452 2030 2681 2101 Πνεῦμα
2733 2033 3008 2104 μαρτυρεῖ
3043 2033 3380 2106 περιστερᾶς
3413 2036 3472 2088 ἐν
3503 2034 3657 2101 εῖδει,

2066 2122 2172 2174 Τὸν
2203 2122 2250 2175 δ’
2278 2125 2311 2194 ἡ
2336 2122 2506 2194 λευκὴ
2530 2125 2833 2195 περιστερά
2864 2124 2965 2195 τῆς
2995 2110 3156 2194 νίκης
3185 2126 3555 2195 καταγγέλλει
3580 2143 3593 2157 ·

2068 2214 2174 2267 Τὸν
2208 2213 2306 2283 μὲν
2338 2213 2490 2283 φωνῇ
2523 2213 2675 2284 παρά
2704 2212 2920 2284 Πατρὸς
2950 2213 3081 2267 Υιὸν
3114 2213 3511 2283 ἀνακηρύττει,

2071 2304 2174 2360 Τὸν
2196 2305 2255 2358 δὲ
2279 2305 2506 2377 Περσῶν
2530 2304 2860 2377 ὀλοθρευτὴν
2892 2304 2961 2360 τὰ
2984 2305 3287 2375 πράγματα
3319 2305 3509 2375 βοῶσι.

2069 2396 2223 2453 Δοκῶ
2250 2396 2434 2467 φωνῆς
2465 2397 2525 2462 ἐξ
2547 2397 2781 2469 ούρανοῦ
2821 2397 3085 2470 δευτέρας
3113 2398 3418 2455 ἐπακούειν

2072 2488 2296 2556 Βοώσης
2340 2486 2504 2541 πάλιν
2524 2490 2638 2552 τοῖς
2660 2486 2834 2551 λαοῖςο
2859 2482 3029 2552 Οὗτος
3050 2490 3077 2541 ὁ
3102 2487 3357 2558 βασιλεύς
3391 2506 3494 2559 μου
3527 2505 3541 2520 ·

2072 2573 2243 2641 Οὗτος
2278 2577 2358 2640 εις
2382 2575 2441 2630 ὃν
2473 2577 2762 2649 εὐδόκησα,
2782 2576 2957 2650 τούτῳ
2986 2577 3081 2633 καὶ
3112 2578 3487 2652 πειθαρχεῖτε.

2085 2670 2418 2740 Ἀμφότεροι
2445 2668 2778 2742 καθαίρουσι
2799 2670 2900 2742 τὴν
2933 2669 3185 2741 βασιλίδα
3208 2671 3369 2726 πόλιν

2074 2758 2338 2829 Δουτροῖς
2367 2758 2788 2829 ἀναγεννήσεως
2814 2759 2907 2814 καὶ
2939 2760 3389 2831 παλιγγενεσίας,

2089 2847 2421 2920 ’Δμφότεροι
2449 2849 2547 2921 τὴν
2572 2850 2848 2922 κοσμικὴν
2881 2850 3065 2905 ἆλωνα
3088 2852 3333 2907 διιστῶσι
3355 2869 3370 2884 ·

2085 2938 2197 2992 Καὶ
2227 2938 2336 2991 πᾶν
2364 2936 2465 3007 μὲν
2501 2936 2654 3002 ἔθνος
2686 2938 2917 2993 ἄπιστον
2947 2938 3024 3003 ὡς
3062 2940 3242 3011 ἄχυρα
3277 2941 3598 3013 πιμπρῶσι,

2077 3031 2385 3105 Φρουροῦσι
2415 3031 2474 3085 δὲ
2500 3031 2627 3095 τοὺς
2652 3032 2899 3097 εὐσεϐεῖς
2925 3034 3084 3104 δίκην
3112 3036 3416 3108 εὐχρήστου
3443 3038 3615 3095 σίτου.

2094 3117 2306 3178 nunc,
2334 3123 2425 3177 τὸν
2444 3122 2623 3194 ῥύπον
2650 3122 2744 3177 τὸν
2763 3124 2895 3193 ἐμὸν
2929 3128 2987 3177 ἐν
3030 3126 3274 3201 Ἰορδάνῃ
3297 3128 3516 3184 πλύνων

2086 3216 2322 3279 Σκέποις
2340 3215 2432 3267 τὸν
2464 3214 2643 3283 μέγαν
2670 3214 2896 3287 νικητὴν
2926 3216 3202 3288 δεσπότην
3242 3220 3519 3294 Ἰωάννην,

2086 3308 2194 3361 Σὺν
2219 3306 2297 3377 τῷ
2328 3304 2480 3359 παιδὶ
2503 3305 2580 3371 τῷ
2600 3305 2850 3378 κοινωνῷ
2876 3309 2972 3369 τοῦ
2996 3310 3226 3380 στέφους
3263 3313 3510 3384 Ἀλεξίφι

2092 3408 2203 3460 Καὶ
2229 3407 2341 3471 τοῖς
2382 3404 2885 3477 σεϐαστοκράτορσι
2910 3407 3004 3460 καὶ
3040 3411 3603 3482 πορφυρογεννήτοις.

2091 3596 2386 3670 magniﬁcis
2435 3605 2666 3664 ornata;
2713 3614 2828 3662 qua:
2882 3598 3005 3652 latis
3059 3606 3216 3653 temet
3272 3602 3426 3670 fossis
3479 3602 3680 3667 tueris;

2088 3689 2271 3747 orntus
2306 3690 2607 3744 maritimus
2641 3690 2874 3754 urbium,
2904 3692 3179 3747 continens
3206 3694 3372 3747 simul
3393 3703 3442 3748 et
3474 3695 3679 3761 insula,

2087 3766 2382 3837 Occidentis
2412 3789 2570 3852 atque
2599 3780 2827 3836 Orientis
2850 3783 3172 3851 principium
3202 3801 3265 3837 ac
3293 3784 3440 3853 ﬁnis‘,
3467 3800 3570 3841 etc.

2130 3958 2271 4015 XVI.
2295 3955 2553 4028 Ejusdem
2590 3956 2830 4027 hymnus
2872 3956 3100 4012 domino
3128 3958 3330 4014 Joanni
3360 3957 3646 4019 Comneno

2457 4027 2512 4080 in
2545 4028 2856 4095 baptismali
2892 4028 3030 4083 festo
3061 4028 3286 4085 Christi,

2166 4176 2247 4230 En
2267 4175 2525 4247 duplicem
2554 4142 3107 4248 pauegyrianuplex
3129 4180 3386 4249 gaudium
3406 4180 3685 4238 Romanis:

2109 4269 2381 4323 lavacrum
2430 4266 2668 4333 Christi,
2727 4278 2927 4338 trapeto
2976 4270 3257 4340 splendida
3310 4274 3689 4342 imperatoris:

2097 4360 2338 4415 Christus
2351 4370 2676 4430 propternos
2703 4376 2859 4433 aqua:
2875 4360 3087 4415 lavacro
3113 4370 3381 4433 purgatur
3403 4380 3422 4428 ;
3450 4365 3688 4432 impera-

2100 4460 2184 4506 tor
2201 4451 2408 4506 sudoris
2434 4450 2650 4506 lavacro
2678 4453 3015 4523 puri/ieeur.
3057 4452 3201 4508 Unus
3227 4456 3439 4525 quidem
3460 4457 3515 4510 in
3545 4474 3691 4526 aqua

2101 4544 2348 4598 draconis
2370 4554 2529 4615 caput
2547 4547 2799 4611 conterit,
2819 4545 2956 4600 alter
2975 4555 3134 4614 caput
3152 4548 3206 4600 in
3220 4547 3568 4603 barbarorum
3586 4562 3694 4604 ter-

415 4614 625 4680 Cwsar;
655 4624 822 4671 totam
849 4617 1116 4686 regionem
1141 4617 1414 4684 dominor;
1443 4626 1497 4672 tu
1525 4635 1750 4690 quoque,
1782 4634 1978 4689 corpori

2104 4654 2194 4692 ras
2212 4645 2390 4707 portat
2410 4654 2430 4702 ;
2444 4653 2580 4691 unus
2592 4646 2857 4709 serpentes
2870 4638 3077 4706 occidit,
3097 4639 3232 4693 alter
3241 4639 3431 4695 Persas
3446 4645 3691 4698 membris

418 4708 685 4777 formosus
728 4710 1021 4763 maximam
1059 4719 1369 4780 potestatem
1403 4719 1593 4779 tenes;
1638 4711 1767 4781 quid
1807 4711 2007 4783 plura?

418 4813 604 4861 mutua
644 4801 1038 4875 pulchritudine
1086 4802 1352 4873 fruamur.
1390 4803 1477 4857 Me
1504 4802 1857 4874 pulchriorem
1901 4819 2008 4858 non

417 4902 649 4958 invenies
696 4900 915 4965 urbem;
948 4908 997 4952 te
1035 4898 1391 4969 pulchriorem
1416 4902 1790 4969 imperatorem
1827 4899 2006 4954 dubito

418 5007 501 5047 me
541 4993 882 5047 inventuram
911 5005 1055 5055 esse;
1094 4990 1342 5060 fruanutr
1365 4991 1530 5061 igitur
1579 4990 1826 5044 invicem.
1855 4989 2005 5046 Chri-

414 5093 530 5138 stus
559 5094 742 5137 autem
777 5082 842 5134 de
865 5080 1066 5150 virgine
1102 5090 1276 5139 matre
1294 5084 1525 5152 genitus,
1556 5098 1587 5137 ο
1611 5081 1693 5136 sol
1738 5080 2008 5136 Romano-

421 5190 563 5237 rum,
605 5172 984 5240 triumphator,
1022 5178 1073 5225 te
1116 5182 1167 5226 et
1211 5173 1364 5245 regni
1401 5182 1698 5230 consortem
1742 5176 2008 5231 custodiat

422 5283 543 5320 cum
580 5265 851 5337 Augustis,
892 5271 950 5317 et
990 5262 1238 5334 dignitati
1271 5276 1376 5320 tute
1409 5265 1668 5336 plurimos
1703 5283 1872 5322 annos
1906 5269 2013 5323 im-

424 5361 657 5431 pertiat!

1165 5517 1285 5574 XV.

432 5653 461 5679 ⁴⁹
508 5657 670 5715 Salve
696 5659 820 5715 urbs
846 5659 1137 5727 nova,altis
1156 5659 1365 5714 munita
1382 5657 1637 5725 turribus,
1667 5675 1784 5729 qua:
1809 5659 2017 5729 puellas

431 5762 480 5808 et
506 5754 643 5808 viros
683 5753 856 5822 forma
898 5754 1129 5824 insignes
1158 5752 1363 5819 nutris;
1393 5753 1601 5824 magnis
1627 5751 1881 5807 moenibus
1911 5752 2017 5804 cir-

433 5851 704 5918 cumdata,
728 5848 856 5902 bene
876 5856 1188 5920 temperata,
1209 5848 1410 5920 plantis
1427 5858 1476 5905 et
1496 5849 1661 5907 hortis
1684 5856 1734 5903 et
1753 5844 2013 5901 columnis

2111 4730 2395 4785 dissolutos
2416 4731 2469 4785 in
2484 4731 2748 4801 speluncis
2767 4730 3016 4786 recludit.
3044 4731 3216 4788 Unum
3241 4734 3450 4801 quidem
3466 4733 3692 4804 Spiritus

2104 4823 2199 4875 sub
2228 4822 2483 4877 columbae
2505 4825 2677 4894 specie
2713 4831 2959 4892 testatur,
3014 4823 3243 4878 alterum
3280 4825 3403 4879 alba
3463 4827 3694 4881 victoria:

2107 4911 2350 4967 columba
2372 4913 2699 4978 annuntiat;
2735 4928 2902 4967 unum
2948 4912 3160 4982 quidem
3192 4928 3292 4967 vox
3338 4914 3567 4982 paterna
3609 4916 3696 4969 Fi—

2112 5004 2244 5059 lium
2270 5004 2608 5076 proclamat,
2652 5004 2885 5059 alterum
2920 5020 3004 5060 res
3035 5004 3172 5059 bello
3198 5016 3361 5076 gestat
3399 5006 3695 5062 Persarum

2112 5098 2491 5153 destructorem
2518 5098 2767 5169 probant.
2798 5096 3105 5153 Secundam
3150 5098 3280 5152 mihi
3303 5115 3332 5153 e
3359 5100 3489 5153 caelo
3520 5116 3697 5155 vocem

2112 5186 2299 5239 audire
2341 5186 2521 5239 videor
2574 5187 2764 5239 iterum
2794 5185 3035 5255 gentibus
3081 5185 3442 5241 clamantem:
3476 5186 3574 5242 Hic
3623 5197 3700 5241 est

2112 5281 2405 5348 imperator
2434 5293 2608 5344 meus;
2648 5279 2731 5333 hic
2759 5287 2835 5332 est
2871 5279 2927 5333 in
2961 5294 3064 5349 quo
3121 5280 3249 5333 mihi
3301 5278 3428 5334 bene
3480 5280 3700 5351 placui;

2116 5370 2237 5424 huic
2258 5370 2499 5425 obedite.’
2527 5369 2753 5441 Uterque
2781 5370 2963 5424 urbem
3003 5370 3337 5440 imperialem
3380 5371 3593 5427 lavacro
3622 5391 3703 5428 re-

2117 5461 2475 5530 generationis
2508 5468 2708 5532 purgat
2735 5477 2757 5527 ;
2793 5466 3016 5532 uterque
3060 5461 3246 5515 mundi
3283 5478 3469 5516 aream
3518 5463 3723 5527 distin-l

2114 5550 2250 5619 guit,
2285 5565 2493 5605 omnem
2524 5550 2775 5622 populum
2803 5551 3136 5607 incredulum
3161 5567 3255 5606 ceu
3289 5551 3543 5623 stipulam
3566 5570 3725 5608 contr

2117 5642 2334 5706 burens,
2390 5644 2502 5714 pios
2545 5653 2727 5698 autem
2772 5650 2833 5698 ut
2874 5644 3198 5713 {ramentum
3235 5644 3364 5697 utile
3401 5645 3729 5702 observantu

2121 5733 2228 5790 Sed
2253 5753 2285 5789 ο
2312 5737 2401 5807 qui
2430 5736 2610 5791 sordes
2657 5754 2804 5793 meas
2827 5740 2882 5792 in
2939 5738 3178 5794 Iordane
3231 5740 3401 5807 lavas,
3446 5739 3707 5794 Joannem

2123 5835 2387 5902 nostrum,
2412 5832 2659 5887 victorem
2713 5830 2979 5886 illustrem
3037 5850 3157 5887 cum
3205 5833 3321 5903 ﬁlio
3380 5833 3530 5902 regni
3585 5850 3711 5887 con-
