4078 6406
395 327 532 392 13θ1

919 443 1016 498 ΙΖ’.
1048 448 1154 511 Εἰς
1186 449 1249 500 τὸ
1279 447 1451 503 αυτό.

393 539 730 603 Ἐϐάπτισάς
758 556 846 610 με,
886 539 1133 610 βασιλεῦ,
1163 539 1262 610 τὴν
1282 540 1477 611 δούλην
1518 541 1646 596 νέαν
1677 541 1901 614 Ῥώμην

373 633 674 704 θαλάσσης
693 633 825 704 ὅλης
848 633 1070 702 ἀγαθῶν
1097 633 1192 687 καὶ
1225 633 1380 696 ὅλαις
1411 637 1618 704 πηγαῖς
1642 635 1926 706 τροπαίων
1945 650 1958 665 ⁶

375 734 472 803 Τῷ
509 733 704 802 κράτει
733 731 1166 802 συνεργούμενος
1187 730 1407 786 τοῦ-νῦν
1437 731 1873 803 βαπτιζομένου,

392 824 733 896 Ἐνέπλησάς
758 843 824 895 με
859 823 1274 894 σκυλευμάτων,
1305 818 1611 894 ἐνέπλησας
1641 824 1925 895 λαφύρων,

379 917 592 980 Πολλὰς
619 934 708 988 μοι
730 916 1118 982 καθυπέταξας
1157 917 1345 980 πόλεις
1368 917 1540 971 ἐθνῶν
1575 919 1669 972 καὶ
1698 915 1906 988 χώρας,

381 1013 489 1076 Τὰς
517 1013 672 1076 νίκας
695 1011 1023 1076 ἀνεὸίϐασας
1056 1011 1198 1081 ὑπὲρ
1218 1011 1317 1081 τὴν
1351 1012 1600 1084 κορυφήν
1628 1029 1752 1082 μου.

392 1098 816 1175 Ἐκπέπλησμαί
879 1121 974 1158 σου
1002 1103 1113 1159 τῶν
1138 1104 1343 1170 καλῶν,
1374 1104 1536 1176 ἀρκεῖ
1566 1121 1658 1174 μοι
1689 1103 1854 1174 μέχρι
1883 1120 1966 1156 τι-

707 1235 710 1238 ,
1736 1195 1870 1269 [νός.

380 1293 570 1364 Πάσης
593 1293 914 1364 κεκράτηκα
944 1294 1186 1363 Δυσμῆς,
1214 1293 1313 1364 τῆς
1338 1291 1513 1363 Ἐῴας
1543 1291 1805 1361 κυριεύω.

379 1386 594 1457 Σκύθης
613 1403 705 1454 μοι
718 1385 1193 1456 κλίνειτράχηλον,
1212 1387 1305 1439 καὶ
1321 1385 1538 1455 Πέρσης
1554 1400 1622 1454 με
1639 1384 1959 1454 προσκυνεῖ,

382 1479 494 1535 Καὶ
545 1481 696 1532 πᾶσα
735 1477 958 1548 γλῶσσα
999 1477 1095 1532 καὶ
1126 1477 1269 1548 φυλὴ
1321 1479 1660 1549 προσπίπτει
1692 1479 1805 1541 τοῖς
1835 1476 1965 1530 ποσί

1728 1567 1886 1640 [μου.

383 1664 572 1720 Ταῦτά
595 1683 686 1734 μοι
714 1665 892 1718 πάντα
921 1664 1186 1730 δέδωκας,
1213 1662 1466 1734 ὁμολογῶ
1495 1661 1594 1733 τὴν
1615 1661 1800 1733 χάριν,

382 1759 496 1814 Νῦν
525 1757 748 1827 χάρισαί
781 1773 871 1826 μοι
899 1756 995 1808 καὶ
1024 1755 1245 1821 σαυτὸν,
1268 1754 1357 1818 δὸς
1397 1753 1492 1808 καὶ
1521 1753 1620 1825 τὴν
1651 1752 1751 1826 σὴν
1776 1751 1959 1825 1ίδέιιν.

1585 332 1892 393 THEODO
1902 334 1982 394 RI
2038 335 2438 400 PRODROMI

3524 344 3661 408 1332

1993 457 2044 516 Λ
2079 455 2266 525 Ἔχεις
2297 456 2511 510 ἐκεῖθεν
2538 457 2692 527 ἥλιον
2720 457 2810 510 τὸν
2840 458 2936 528 τῆς
2973 458 3329 530 δικαιοσύνης
3354 499 3370 527 ,

2077 548 2149 600 To
2184 549 2277 602 τοῦ
2311 550 2521 619 Πατρδς
2558 549 2907 621 ἀπαύγασμα
2941 551 3148 621 γυμνὸν
3183 553 3240 606 ἐν
3288 552 3551 625 Ἰορδάνῃο

2080 642 2268 711 Ἔχεις
2297 642 2550 696 ἐντεῦθεν
2581 644 2734 715 ἥλιον
2767 643 2859 697 τὸν
2891 645 2992 714 τῆς
3023 646 3398 716 μονοκρατίας
3424 688 3439 712 ’

2075 736 2180 788 Τὸν
2207 734 2303 788 τοῦ
2341 737 2548 806 πατρὸς
2577 737 2823 808 διάδοχον
2851 737 3109 808 λαμπρὸν
3139 741 3197 792 ὲν
3232 740 3584 811 ἀνακτόροις.

2079 827 2142 879 Ὢ
2172 826 2315 879 πόσα
2336 827 2493 895 φῶτα
2526 828 2766 900 σήμερον
2793 828 2891 899 τὴν
2930 827 3154 898 Ῥώμην
3189 831 3651 904 φρυκτωροῦσινε

2076 918 2140 970 Ὢ
2169 915 2331 970 πόσαι
2361 917 2423 970 τὸ
2449 918 2732 990 περίγειον
2760 921 2985 985 ἀκτῖνες
3013 921 3401 993 δᾳδουχοῦσινῑ

2087 1009 2227 1064 Ἀλλ’
2257 1011 2286 1063 ὀ
2316 1011 2557 1082 Χριστὸς
2590 1013 2687 1082 μὲν
2719 1013 2872 1084 ἥλιος
2901 1014 2997 1068 καὶ
3028 1015 3263 1086 ποιητὴς
3292 1016 3471 1086 ήλίουο

2038 1109 2049 1122 '
2074 1104 2143 1158 Σὲ
2167 1103 2214 1159 δ’
2241 1105 2395 1176 ἥλιον
2428 1106 2496 1160 τά
2527 1110 2853 1177 πράγματα,
2889 1109 3230 1179 σκηπτοῦχε,
3265 1108 3608 1180 μαρτυροῦσι
3634 1123 3650 1140 ⁸

2075 1195 2314 1260 Κυκλοῖς
2339 1196 2448 1268 γὰρ
2470 1195 2640 1260 ὅντως
2657 1199 2776 1251 κατ’
2799 1198 2963 1252 αὑτὸν
2984 1201 3092 1253 ἀπὸ
3114 1199 3290 1271 βορρᾶ
3315 1198 3454 1270 πρὸς
3478 1201 3655 1254 νότον·

2086 1289 2178 1357 Ἐξ
2209 1290 2284 1344 ἕω
2317 1290 2526 1361 στρέφῃ
2559 1290 2694 1360 πρὸς
2726 1290 2960 1361 δυσμὰς,
2995 1292 3102 1346 ἀπὸ
3135 1293 3356 1362 δυσμῶν
3387 1293 3526 1366 πρὸς
3551 1294 3650 1347 Evo-

2074 1384 2337 1455 Τρέφεις,
2387 1383 2705 1455 πυρσεύεις,
2752 1383 3066 1455 ζωπυρεῖς,
3102 1385 3334 1450 θάλπεις
3373 1388 3501 1452 τοὺς
3547 1388 3656 1440 ὑπ-

3297 1477 3546 1549 Ιήκόους·

2073 1570 2320 1640 Φλέγεις,
2350 1569 2650 1643 ξηραίνεις,
2701 1570 3025 1643 πυρπολεῖς,
3064 1573 3289 1642 τεφροῖς
3328 1573 3458 1636 τοὺς
3501 1574 3658 1626 ἐναν-

3354 1663 3546 1737 [τίως’

2074 1756 2188 1812 Καὶ
2209 1755 2421 1829 τρέχων
2452 1756 2654 1827 δρόμον
2678 1755 2985 1819 ἄπαυστον,
3006 1755 3231 1827 ἀκάμας
3256 1757 3420 1811 πάλιν
3445 1757 3655 1828 μένεις.

386 1823 952 1915 ¹Ι“οὺς”σκυ).ευθέντας
998 1845 1204 1916 ἔϐλεψα
1234 1846 1331 1900 καὶ
1359 1823 1968 1918 νικηθέντας-Πέρσας,
2000 1823 2044 1879 Β
2089 1823 2420 1918 Ἀλλ’-ἄφες,
2454 1823 2593 1914 ἄναξ
2621 1849 2767 1920 ἥλιε,
2807 1848 3006 1920 μικρὸν
3032 1823 3134 1919 τὴν
3172 1823 3474 1917 ἱππασίαν,

384 1943 575 2013 Βλέψω
604 1945 698 1997 καὶ
727 1942 818 1995 τὸν
842 1939 1221 1995 σκυλεύσαντα
1248 1939 1344 1993 καὶ
1366 1939 1594 2011 νικητὴν
1610 1939 1904 2009 δεσπότην.

386 2037 555 2107 Στῆθί
581 2053 674 2107 μοι
701 2036 842 2091 κατὰ
877 2034 1192 2105 πρόσωπον,
1244 2031 1453 2102 πλῆσον
1478 2031 1610 2094 τοὺς
1649 2029 1969 2101 ὀφθαλμούς

1802 2141 1885 2179 ου.

1802 2141 1873 2177 ou.

396 2223 729 2290 Ἐϐἀπτισάς
761 2239 829 2292 με
857 2222 1164 2294 χαρμονῆς,
1194 2221 1271 2294 μὴ
1301 2221 1450 2294 λύπῃ
1482 2239 1548 2294 με
1575 2124 1873 2293 pangat.

393 2317 606 2386 Ίδρῶσι
645 2313 876 2376 ἔλουσάς
917 2329 985 2384 με
1013 2314 1149 2380 σοῖς,
1187 2313 1263 2383 μὴ
1293 2312 1531 2384 δάκρυσί
1564 2329 1631 2383 με
1661 2309 1883 2383 λούσης.

382 2409 638 2466 Κατάθου
707 2424 800 2462 σου
831 2405 924 2461 τὸν
955 2404 1207 2476 θώρακα,
1250 2406 1346 2459 καὶ
1377 2405 1475 2459 τὶν
1505 2403 1698 2468 στολὴν
1724 2405 1826 2473 τῆς
1861 2401 1971 2472 μά-

386 2597 503 2654 Καὶ
521 2597 615 2652 τὸν
647 2594 909 2667 πρεπώδη
937 2595 1186 2664 νικηταϊς
1213 2591 1461 2664 ὲνδύθητι
1493 2590 1698 2661 χιτῶνα
1719 2495 1887 2620 ’[ληῇ

390 2692 505 2748 Καί
533 2707 624 2762 μοι
651 2688 954 2759 φυλάττου,
975 2684 1225 2758 βασιλεῦ,
1257 2685 1419 2756 μέχρι
1442 2686 1645 2748 παντὸς
1667 2683 1860 2747 αἰῶνος
1880 2698 1895 2713 ⁸

378 2785 478 2856 ’Τῷ
503 2782 715 2855 βασιλεῖ
743 2781 839 2836 καὶ
860 2782 1037 2852 τέκνῳ
1064 2796 1161 2834 σου
1196 2779 1510 2850 συγχαίρων
1545 2777 1791 2848 Ἀλεξίῳ,

385 2879 500 2934 Καὶ
526 2877 638 2942 τοῖς
680 2874 1182 2946 σεϐαστοκράτορσι
1229 2874 1322 2927 καὶ
1363 2874 1478 2935 τοῖς
1517 2868 1970 2942 πορφυρογεννή-

1755 2979 1891 3028 τοις,

1755 2979 1837 3016 τοι

383 3064 512 3128 Τοῖς
537 3062 758 3135 ἀριθμῷ
782 3059 1165 3134 τρισσεύουσιν
1193 3059 1321 3128 ἄξια
1355 2963 1752 3131 μονουμένοιςὲ
1843 2979 1869 3026 ς

2089 1943 2437 1998 Ἀνάπαυσον
2470 1943 2600 2007 τοὺς
2628 1943 2832 2007 ἵππους
2863 1959 2986 2011 σου,
3016 1941 3181 1997 λῦσον
3223 1944 3352 2007 τοὺς
3398 1942 3654 2014 χαλινούς

3399 2038 3542 2112 [σου,

2074 2130 2188 2184 Καὶ
2213 2129 2303 2192 δὸς
2329 2131 2393 2201 τῇ
2431 2129 2584 2184 πόλει
2617 2147 2712 2184 σου
2746 2129 2856 2184 τῶν
2882 2130 2993 2184 σῶν
3022 2131 3262 2186 ἀκτίνων
3293 2134 3651 2205 κορεσθῆναι,

2077 2223 2224 2294 Πλὴν
2255 2227 2313 2276 ὲν
2345 2225 2646 2294 συμμέτρῳ
2675 2222 2753 2294 τῷ
2785 2225 2925 2292 φωτὶ
2960 2224 3035 2295 μὴ
3071 2226 3298 2296 πηρωθῇ
3327 2228 3427 2292 τὰς
3473 2226 3651 2298 ὄψεις.

2087 2318 2227 2372 Ἀλλ’
2256 2318 2285 2370 δ
2313 2316 2521 2386 γυμνὸς
2557 2317 2848 2384 ἱστάμενος
2881 2317 2938 2370 έν
2971 2316 3214 2389 Ἰορδάνῃ
3244 2319 3439 2387 Λόγος,

2077 2412 2340 2466 Ἔνδυσαι
2367 2412 2571 2482 κράτος
2601 2408 2817 2480 ἄμαχον
2853 2410 2950 2463 καὶ
2980 2407 3159 2474 ζῶσαι
3192 2411 3523 2468 δυναστείαν

2076 2508 2169 2573 Σὲ,
2205 2505 2548 2577 Περσολέτα,
2590 2503 2816 2574 βασιλεῦ
2860 2503 3153 2573 Ῥωμαίων
3195 2505 3456 2578 Ἰωάννη,

2075 2599 2232 2654 Μετά
2269 2597 2364 2651 τοῦ
2393 2596 2743 2666 συμμετόχου
2782 2612 2865 2648 σοι
2897 2595 2994 2648 τοῦ
3029 2595 3268 2666 κράτους
3316 2598 3581 2665 Ἀλεξίου,

2075 2691 2188 2744 Καὶ
2209 2689 2306 2760 τῆς
2334 2688 2556 2760 τριάδος
2583 2687 2683 2756 τῆς
2713 2687 2916 2757 σεπτῆς
2947 2686 3058 2741 τῶν
3101 2686 3650 2763 σεδαστοκρατὸρων.

2073 2847 2177 2904 1θό
2211 2849 2414 2922 Στίχοι
2454 2847 2760 2922 ἐπιτᾴεριοι
2796 2846 2878 2922 ζῶ
2920 2849 3303 2922 μεγαλονίκφ
3350 2867 3666 2922 ξορφυροσ

2144 2919 2541 2994 γξννῄτῳλκᾳὶ
2568 2917 2827 2994 ,βασιλεῖ
2846 2918 3008 2986 κυρῷ
3044 2919 3294 2990 Ἰωάννῃ
3317 2919 3397 2986 τῷ
3427 2917 3657 2994 Κὸμᾶ-η..

2142 2988 2248 3057 νῷ,
2284 2991 2366 3056 ὡς
2398 2989 2518 3044 ἀπὸ
2551 2988 2859 3059 κειμένου.

382 3157 522 3215 Μεθ’
553 3151 628 3213 ὧν
656 3157 930 3228 φυλάττου
961 3153 1212 3227 γεγηθὼς
1237 3153 1547 3224 εὐρώστως,
1581 3151 1928 3241 ἀκυνδύνως..
1997 3181 2038 3240 c
2085 3150 2286 3222 Ὀφρὺς
2320 3157 2529 3220 βροτων
2565 3148 2662 3241 καὶ
2692 3147 2862 3218 τῦφος
2892 3149 3126 3220 ἀρχικοῦ
3160 3150 3400 3221 κράτους

896 3293 1005 3350 1Η’.
1044 3295 1151 3361 Είς
1175 3294 1241 3348 τὸ
1272 3294 1442 3348 αὑτό.

383 3435 646 3500 Φωτίζου,
676 3433 830 3497 πόλις
861 3430 1128 3503 Ῥωματς,
1159 3430 1328 3484 πάλιν
1355 3429 1489 3500 ἐρῶ,
1519 3427 1786 3498 φωτίζου·

385 3528 616 3590 Διπλαῖς
646 3527 889 3595 αὑγάζου
921 3528 1042 3588 ταῖς
1070 3525 1271 3592 αὐγαῖς
1311 3524 1378 3577 ὲκ
1407 3522 1502 3576 δύο
1527 3522 1638 3575 τῶν
1672 3521 1862 3592 ήλίων.

370 3703 528 3750 .sorte
557 3691 742 3744 Alexio
768 3697 1012 3761 protegas
1054 3703 1160 3742 una
1191 3703 1310 3741 cum
1354 3684 1603 3756 Augustis
1647 3683 1871 3754 familiar
1915 3690 1963 3736 et

385 3784 467 3840 Pu
476 3783 728 3854 rpuratis.

997 3869 1159 3925 XVII.
1205 3869 1362 3924 Item.
1459 3924 1468 3940 κ

456 3963 773 4036 Baptizasti,
822 3962 1132 4028 imperator,
1169 3972 1252 4010 me
1309 3955 1530 4009 Romam
1585 3970 1773 4008 novam
1820 3962 1969 4006 tuam

387 4057 642 4112 ancillam
670 4056 726 4108 in
752 4052 990 4108 omnibus
1050 4050 1218 4103 maris
1262 4048 1408 4102 bonis
1460 4055 1509 4100 et
1543 4047 1794 4117 trepa'is;
1847 4045 1970 4098 dein

383 4148 566 4210 spoliis
599 4163 662 4200 ac
693 4143 880 4215 pra’da
936 4156 1019 4196 me
1083 4137 1439 4208 locupletasti,
1483 4129 1785 4206 multasque
1822 4135 1973 4188 urbes

385 4258 448 4294 ac
473 4241 710 4310 regiones
740 4235 980 4290 inimicas
1020 4239 1180 4287 antea
1205 4231 1332 4284 mihi
1382 4229 1670 4299 subjecisti,
1696 4229 1750 4280 in
1776 4233 1966 4298 caput-

385 4347 484 4396 que
517 4328 858 4384 victoriarum
890 4325 1091 4395 pondus
1146 4321 1454 4383 cumulasti,
1511 4335 1573 4374 ac
1629 4316 1748 4388 plus
1803 4331 1966 4384 quam

385 4438 515 4486 opus
539 4428 654 4474 erat
683 4417 990 4471 divitiarum
1025 4414 1320 4470 contulisti.
1343 4412 1501 4467 Totus
1529 4410 1801 4470 Occidens,
1829 4416 1966 4460 totus

2075 3244 2187 3297 Καὶ
2211 3242 2484 3311 κοσμικῆς
2515 3240 2750 3310 φύσημα
2777 3241 3044 3311 λαμπρᾶς
3071 3242 3255 3307 ἀξίας,

2088 3332 2184 3388 Ἔκ
2207 3335 2318 3386 τῶν
2357 3333 2506 3404 ὲμῶν
2540 3333 2782 3402 μαθόντα
2815 3333 2916 3395 τάς
2951 3332 3165 3399 θνητῶν
3192 3335 3365 3404 τύχας
3387 3371 3403 3400 ,

2076 3427 2267 3496 Χαμαὶ
2297 3428 2544 3496 φρονεῖτε
2573 3439 2586 3454 ·
2621 3426 2730 3488 πᾶς
2763 3423 2877 3495 γὰρ
2909 3423 3086 3490 ὲξίσου
3115 3425 3303 3493 νέκυς,

2075 3518 2189 3573 Καὶ
2216 3517 2417 3578 πάντες
2447 3515 2556 3567 υἱοὶ
2589 3515 2690 3584 τῆς
2723 3513 2958 3584 ροώδους
2985 3512 3198 3575 ούσίας.

2073 3680 2318 3737 bissolari
2345 3678 2644 3749 splendore,
2665 3677 2859 3731 habens
2893 3693 3000 3731 una
3028 3693 3090 3731 ea:
3112 3686 3263 3749 parte
3301 3684 3470 3750 patris
3516 3686 3657 3739 nito-

2075 3791 2189 3830 rem
2213 3777 2352 3829 circa
2377 3772 2688 3831 Iordanem,
2719 3786 2782 3823 ea:
2848 3770 3021 3825 altera
3051 3770 3216 3825 solem
3257 3778 3650 3844 monarchismi,

2077 3868 2266 3939 patris,
2302 3867 2542 3934 inquam,
2568 3861 2819 3915 celebrem
2861 3863 2915 3914 in
2975 3878 3137 3932 regno
3182 3879 3550 3922 successorem.
3609 3870 3655 3923 0

2070 3959 2274 4014 lumina
2299 3957 2528 4027 pretiosa
2559 3969 2677 4024 qua:
2727 3953 2953 4008 Romam
2997 3958 3091 4007 hoc
3126 3955 3210 4008 die
3256 3956 3574 4013 illustratis!
3611 3960 3656 4016 Ο

2070 4052 2214 4106 radii
2240 4050 2416 4103 orbem
2441 4045 2749 4100 solemniter
2805 4044 3217 4121 collustrantes!
3275 4047 3371 4101 Est
3419 4049 3656 4105 Christus

2071 4138 2284 4209 quidem
2316 4138 2426 4206 ipse
2457 4134 2609 4189 solet
2643 4133 2769 4188 solis
2813 4135 3084 4198 conditor;
3117 4143 3167 4189 te
3216 4147 3414 4204 autem,
3452 4140 3651 4210 Cazsar,

2073 4244 2235 4299 opera
2259 4233 2350 4279 tua
2381 4234 2438 4279 ut
2467 4224 2632 4280 solem
2675 4223 3018 4280 declamant:
3057 4245 3089 4280 a
3128 4232 3480 4297 septentrione
3513 4235 3654 4288 enim

2074 4335 2236 4390 usque
2258 4318 2327 4372 ad
2357 4327 2628 4384 austrum,
2655 4319 2718 4371 ab
2759 4318 2958 4371 oriente
2999 4317 3068 4371 ad
3090 4320 3405 4374 occidentem
3431 4323 3656 4378 circum-

2075 4419 2350 4464 terraneus
2399 4411 2498 4463 iter
2549 4419 2698 4462 tuum
2755 4409 3004 4478 perﬁcis;
3034 4419 3190 4464 terra:
3228 4412 3426 4468 incolas
3461 4419 3652 4484 nutris,

385 4512 570 4566 Oriens
603 4509 728 4562 mihi
775 4515 945 4577 paret.
977 4504 1170 4576 Scytha
1204 4505 1454 4557 cervicem
1505 4501 1753 4566 reclinat,
1799 4498 1967 4552 Persa
1992 4566 2039 4577 _
2075 4502 2346 4573 calefacis,
2377 4501 2940 4572 inspiras;comburis,
2966 4504 3285 4577 exsiccas,in
3318 4509 3543 4562 είηενεηι
3575 4527 3657 4565 νο-

384 4620 558 4674 genua
588 4604 782 4673 ﬂectit;
822 4602 1014 4670 quaevis
1043 4597 1232 4662 tribus,
1284 4596 1528 4666 quwlzbet
1559 4612 1684 4667 gens
1721 4601 1845 4648 ante
1879 4608 1968 4663 pe-
1991 4566 2046 4628 D
2071 4595 2205 4665 digis
2243 4594 2599 4658 adversarios,
2633 4608 2721 4646 nec
2747 4608 2900 4647 cursu
2947 4576 3194 4648 continuo
3240 4596 3501 4667 fatigaris.
3526 4597 3650 4669 Sed,

385 4699 475 4751 des
501 4711 639 4749 meos
679 4693 1024 4764 provolvitur.
1074 4690 1202 4745 Haec
1243 4692 1418 4745 omnia
1477 4699 1534 4743 tu
1571 4688 1697 4742 mihi
1757 4685 1966 4751 dedisti,

386 4796 666 4859 gratanter
701 4785 908 4855 refero;
937 4783 1028 4838 sed
1063 4787 1110 4836 te
1150 4783 1324 4853 ipsum
1363 4781 1483 4835 dein
1521 4780 1648 4835 mihi
1697 4775 1969 4848 grati/ica,

384 4879 588 4934 vultum
613 4889 762 4931 tuum
789 4882 1045 4931 monstra.
1069 4873 1266 4929 Persas
1291 4875 1530 4944 equidem
1553 4871 1716 4927 armis
1745 4872 1968 4924 nudatos

384 4974 491 5027 vidi
506 4974 784 5042 victosque,
813 4971 895 5040 fac
917 4977 974 5023 ut
992 4971 1231 5040 deinceps
1260 4969 1506 5022 victorem
1535 4983 1596 5020 ac
1627 4963 1981 5034 spoliatorem;

384 5064 612 5117 videam.
649 5061 696 5116 E
734 5061 967 5132 regione,
997 5075 1195 5131 quwso,
1229 5060 1414 5123 sistas,
1443 5054 1622 5110 oculos
1663 5054 1740 5108 tui
1785 5053 1966 5124 plenos

387 5153 572 5208 redde.

458 5244 756 5300 Bavtizasti
788 5259 868 5298 me
888 5245 1106 5314 gaudio,
1139 5259 1204 5298 ne
1243 5256 1466 5298 mazrore
1493 5256 1574 5293 me
1605 5239 1860 5309 baptizes;
1882 5253 1971 5290 su-

385 5336 511 5389 dore
539 5344 596 5387 tu
624 5350 705 5387 me
735 5342 822 5386 tuo
849 5332 1060 5398 lavasti,
1087 5349 1151 5387 ne
1183 5331 1433 5402 lacrymis
1463 5345 1546 5382 me
1578 5327 1738 5381 laves.
1772 5326 1969 5381 Thora-

380 5445 493 5482 cem
527 5437 575 5483 et
610 5427 1049 5499 paludamentum
1102 5430 1303 5498 depone
1359 5435 1408 5479 et
1457 5425 1665 5481 victoris
1714 5431 1966 5480 ornatum

381 5525 737 5594 circampone.
789 5521 1017 5587 Habeas,
1051 5521 1361 5591 imperator,
1392 5526 1554 5577 vitam
1617 5541 1732 5579 cum
1782 5523 1971 5578 Alexio

385 5625 642 5680 consorte,
681 5615 920 5669 omnibus
951 5617 1201 5685 Augustis
1228 5624 1275 5670 et
1310 5621 1640 5688 purpuratis,
1684 5637 1798 5674 cum
1850 5623 1968 5690 qui-

388 5708 483 5764 bus
515 5708 656 5762 vivas
691 5706 809 5761 lwto
843 5722 956 5760 cum
981 5709 1180 5772 animo,
1207 5706 1532 5778 valetudine,
1550 5713 1858 5767 securitate.

990 5799 1178 5855 XVIII.
1205 5801 1363 5856 Item.

455 5891 769 5954 Iluminare,
795 5887 916 5941 urbs
974 5888 1160 5957 Roma,
1193 5891 1387 5943 iterum
1441 5889 1596 5958 dico,
1647 5891 1961 5950 illuminare

2072 4703 2102 4741 o
2140 4703 2233 4740 rea:
2269 4684 2371 4754 sol,
2415 4684 2802 4756 aliquantisper
2861 4686 3239 4755 equitationem
3290 4705 3454 4756 cessa,
3499 4692 3653 4760 frena

2073 4781 2245 4835 inhibe
2267 4791 2314 4834 et
2341 4779 2410 4834 da
2432 4780 2549 4832 urbi
2583 4787 2687 4832 tua:
2718 4796 2750 4832 a
2777 4779 2941 4833 radiis
2987 4781 3088 4834 tuis
3116 4780 3423 4848 demulceri,
3475 4786 3551 4840 ita
3578 4797 3657 4840 ta-

2075 4887 2192 4926 men
2218 4880 2273 4923 ut
2307 4887 2416 4941 prce
2458 4869 2672 4924 illorum
2703 4869 2907 4940 fulgore
2935 4886 3001 4924 ne
3026 4874 3385 4928 cazcutiamus.
3424 4874 3576 4941 Quod
3599 4880 3654 4932 in

2073 4961 2308 5016 Jordane
2337 4962 2469 5015 stitit
2511 4959 2734 5016 Verbum
2760 4979 2975 5032 purum,
3006 4972 3263 5033 potestate
3281 4966 3403 5035 jam
3433 4968 3656 5023 circum-

2073 5058 2248 5121 detur,
2289 5065 2338 5108 et
2368 5057 2551 5109 robore
2579 5057 2809 5110 cinctum
2857 5074 2950 5128 per
3004 5067 3073 5124 te,
3127 5060 3422 5129 imperator
3460 5060 3656 5116 Itoma-

2076 5164 2265 5221 norum
2324 5145 2582 5212 Joannes,
2634 5163 2744 5200 una
2793 5165 2912 5201 cum
2952 5148 3157 5216 Alexio,
3207 5153 3356 5221 regni
3393 5155 3552 5218 socio,
3603 5163 3654 5208 et

2072 5220 2236 5293 tribus
2265 5239 2538 5307 Augustis,
2597 5237 2889 5294 Persarum
2938 5241 3160 5313 imperio
3223 5245 3447 5316 denique
3487 5246 3651 5314 ﬁnem

2072 5329 2334 5396 imponat.

2073 5441 2216 5496 XIX.
2278 5440 2632 5510 Epitaphium
2694 5447 2748 5497 in
2819 5444 3085 5500 honorem
3159 5448 3368 5504 domini
3423 5452 3651 5510 Joannis

2131 5511 2421 5576 Comneni,
2447 5514 2673 5568 victoris
2695 5516 3089 5585 au-gustissimi,
3119 5518 3594 5595 Prophyrogeniti.

2147 5623 2242 5679 Vos
2275 5627 2364 5695 qui
2388 5625 2666 5695 superbitis
2713 5644 2880 5698 reges,
2923 5633 3269 5700 magistratus
3313 5645 3360 5689 et
3401 5641 3652 5708 quotqu'ot

2074 5717 2332 5788 dignitate
2365 5717 2546 5787 aliqua
2568 5721 2750 5772 vestiti
2779 5723 2924 5786 estis,
2949 5739 3014 5776 ea:
3039 5741 3118 5776 me
3139 5725 3367 5792 fortuna;
3397 5731 3655 5784 vicissitu-

2073 5808 2219 5861 dines
2249 5809 2436 5872 edocti,
2472 5809 2842 5879 humiles'jam
2893 5815 3110 5883 spiritus
3139 5814 3360 5883 induite,
3385 5823 3649 5889 morituri,

2073 5905 2123 5951 et
2158 5914 2335 5953 rerum
2362 5899 2721 5955 humanarum
2761 5904 3078 5960 caducitatis
3107 5908 3333 5964 victima:
