4078 6390
483 525 617 595 ἐμὲ
653 526 910 598 προΐσχει
940 527 1202 601 σκῆπτρα
1239 529 1529 603 Ῥωμαίων
1557 531 1681 600 δύο,

398 618 634 683 Πολλοὺς
663 621 1088 692 γεναρχήσαντα
1116 625 1244 689 τοὺς
1271 624 1552 695 βασιλέας·

399 710 753 781 Κομνηνόθεν
784 711 895 783 γὰρ
931 713 1132 784 ὲξέφυν
1163 718 1257 771 καὶ
1288 719 1577 773 Δουκόθε-ν⁶

397 801 570 873 Γεννᾷ
594 801 650 855 δέ
683 819 750 874 με
778 805 1073 877 κράτιστος
1099 808 1354 864 Αὐσόνων
1389 810 1527 879 ἄναξ

398 893 684 965 Κομνηνδς
721 895 958 962 Ἀλέξιος
986 898 1129 971 ἀνὴρ
1163 900 1405 972 ἰσχυρὸς,

396 985 618 1041 Κελτῶν
648 988 883 1061 διώκτης
909 992 1002 1046 xal
1043 994 1268 1049 Σκυθῶν
1293 998 1388 1051 καὶ
1425 997 1709 1070 Περσίδος.

406 1077 472 1131 Ἦ
503 1081 710 1151 κοσμία
739 1083 796 1137 δὲ
831 1089 1144 1160 σπαργανοῖ
1172 1106 1241 1158 με
1272 1091 1556 1162 πορφύρα,

393 1172 475 1225 Τά
508 1172 608 1242 τῆς
633 1174 762 1246 ὅλης
789 1177 846 1232 δὲ
876 1179 1126 1250 σύμϐολα
1157 1187 1534 1256 σκηπτουχίας

405 1267 497 1332 Ἐξ
526 1268 744 1341 ἁπαλῆς
776 1276 973 1343 κοσμεῖ
998 1291 1066 1345 με
1101 1277 1199 1347 της
1240 1264 1481 1347 ἡλικίας.

394 1361 576 1431 Ἔρως
607 1363 665 1416 δὲ
690 1366 847 1433 νίκης
872 1368 1132 1436 ἐμπεσὼν
1157 1373 1222 1443 τῇ
1253 1372 1473 1444 καρδίᾳ,

270 1530 275 1535 ⁷
393 1452 494 1505 Ἕν
526 1454 724 1526 ἱππικῇ
751 1474 820 1528 με
853 1459 1052 1528 πρῶτα
1079 1462 1178 1517 καὶ
1204 1462 1345 1534 τόξῳ
1383 1466 1598 1535 τρέφει·

393 1546 629 1602 Ἐπειτά
671 1568 764 1620 μοι
799 1552 922 1615 δοὺς
948 1554 1242 1627 ἀμφιθηγῆ
1268 1556 1369 1629 τὴν
1400 1558 1620 1629 σπάθην

390 1635 518 1701 Τοῖς
552 1638 837 1711 θηριακοῖς
868 1647 1287 1716 καταγυμνάζει
1316 1648 1503 1713 πόνοις
1523 1692 1539 1717 ,

318 1741 329 1749 ’
393 1729 628 1799 ’Ἄρκτον
657 1733 838 1813 βαλὼν
868 1738 1058 1808 δόρατι
1089 1742 1476 1797 συνακοντίσαι
1503 1786 1518 1808 ,

388 1821 501 1891 Τὴν
530 1824 802 1898 ἀρκτικὴν
831 1829 1097 1901 πάρδαλιν
1129 1833 1208 1904 τῷ
1241 1834 1382 1905 τόξῳ
1413 1835 1638 1904 φθάσαιο

344 1984 351 1989 ε
400 1910 488 1965 Ἐν
519 1909 600 1979 οἷς
626 1920 906 1985 τελεσθεὶς
936 1922 1048 1976 τῶν
1080 1924 1346 1995 μαχητῶν
1371 1926 1495 1991 τοὺς
1521 1926 1744 1999 νόμους,

386 2007 564 2072 Εὐθὺς
591 2009 714 2064 κατ’
740 2013 922 2067 αὐτῶν
946 2016 1258 2071 ὀπλοδυτῶν
1291 2018 1610 2092 βαρϐάρων.

384 2100 495 2154 Καὶ
523 2102 692 2173 τῦφος
725 2096 1169 2181 ούδεὶς,ἐύτυχῶ
1198 2114 1382 2167 πᾶσαν
1415 2114 1619 2186 μάχην·

383 2192 459 2262 Σῇ
490 2193 599 2264 γάρ
624 2196 896 2269 προμάχῳ
927 2200 1160 2277 παλάμῃ
1192 2205 1541 2276 κεχρημένος

396 2285 484 2339 Ἐν
502 2290 633 2353 παῖς
657 2289 780 2343 κατ’
812 2292 1026 2364 ἐχθρῶν
1051 2294 1375 2366 συμϐολαῖς,
1408 2300 1821 2374 παντοκράτορ,

312 2380 321 2387 ’
383 2377 611 2448 Περσῶν
636 2381 887 2453 καθαιρῶ
921 2386 1383 2458 μυριανθρώπους
1411 2392 1617 2458 πόλεις·

382 2470 592 2536 Αὐτοὺς
617 2473 827 2529 άλίσκω
862 2478 990 2541 τοὺς
1020 2479 1278 2551 ἀορνίδας
1309 2482 1507 2554 λόφους

392 2564 598 2634 Ὀφρὺν
626 2569 926 2624 κατασπῶν
950 2573 1250 2643 σατραπῶν
1279 2576 1540 2643 ἀλαζόνα.

390 2657 563 2730 ’Υπὲρ
602 2661 693 2716 τὸν
718 2662 888 2717 Ἀλυν
916 2664 1136 2732 ἐξαπλῶ
1168 2685 1271 2738 μου
1302 2670 1363 2724 τὸ
1390 2673 1618 2744 κράτος,
1694 2714 1710 2729 .

382 2751 488 2806 Ἤν
524 2772 615 2825 μοι
646 2758 861 2829 σπάθην
887 2760 1133 2829 δέδωκας
1164 2766 1220 2819 ὲν
1256 2766 1444 2840 κύκλῳ
1477 2770 1748 2843 στρέφων.

391 2845 565 2918 Ἐμὴν
596 2852 629 2923 ὁ,
651 2850 756 2924 θὴρ
790 2853 979 2925 ἔφριξε
1014 2856 1199 2928 Γαζῆς
1229 2862 1514 2934 παλάμην,

388 2941 456 2993 Ἦ
483 2943 724 3015 Περσικὴ
762 2946 914 3015 φλὸξ,
947 2950 977 3004 ό
1012 2949 1191 3021 θρασὺ
1225 2952 1444 3026 βρύχων
1475 2955 1638 3024 λέων,

376 3033 488 3089 Kal
507 3040 614 3100 πᾶς
647 3039 782 3110 ἑῷος
823 3040 1171 3115 Ἰσμαηλίτης
1206 3045 1371 3112 λύκος

387 3128 538 3200 Ἐμῷ
570 3132 848 3204 παταγμῷ
879 3134 978 3197 τὰς
1005 3136 1244 3204 γνάθους
1285 3141 1601 3214 συνετρίϐη·

383 3219 447 3274 Ἦ
478 3221 723 3295 δυσμικὴ
746 3224 805 3278 δὲ
844 3226 952 3280 τῶν
980 3228 1160 3283 Γετῶν
1183 3234 1574 3305 πανσπερμία,

383 3307 450 3368 Ἡ
474 3314 718 3388 Σκυθικὴ
755 3318 993 3390 χίμαιρα
1018 3322 1078 3373 τὸ
1102 3322 1369 3395 ξύνθρουν
1399 3326 1558 3395 γένος

384 3401 521 3479 Ἐμῇ
558 3410 804 3484 μαχαίρᾳ
835 3415 1103 3484 παγγενεὶ
1133 3416 1423 3492 διεφθάρηο

372 3498 443 3551 Σὺ
477 3501 584 3573 γὰρ
615 3505 738 3556 κατ’
764 3505 930 3561 αὐτοῦ
958 3509 1159 3580 τούμὸν
1196 3511 1443 3576 ἐστιλϐες
1473 3513 1647 3585 ξίφος.

446 3662 558 3718 Duo
595 3668 720 3723 mihi
746 3670 1107 3728 Romanorum
1130 3683 1338 3747 sceptra
1361 3678 1680 3748 obtigerunt,
1711 3683 1803 3753 qui
1821 3681 1960 3736 mul-

370 3755 437 3809 tis
474 3758 682 3827 regibus
713 3771 886 3817 ortum
918 3765 1056 3819 dedi.
1101 3765 1372 3824 Comnena
1405 3786 1487 3825 me
1525 3790 1589 3826 ac
1619 3772 1850 3828 Ductena
1878 3773 1961 3844 fa-

371 3848 745 3931 milia'satum
802 3856 1024 3925 glorior,
1075 3861 1165 3929 qui
1220 3871 1429 3930 patrem
1478 3863 1640 3918 habui
1712 3863 1955 3920 Alexium

366 3938 693 3997 Comnenum
722 3947 896 4000 uirum
928 3948 1064 4003 nulli
1100 3952 1412 4015 secundum,
1461 3952 1643 4009 Italia:
1702 3959 1959 4012 strenuis-

366 4034 560 4089 simum
582 4047 857 4104 rectorem,
890 4043 980 4111 qui
1003 4041 1184 4108 Celtis,
1217 4042 1425 4114 Scythis
1451 4065 1515 4102 ac
1536 4047 1712 4105 Persis
1758 4049 1956 4105 bellum

367 4127 568 4181 intulit.
601 4127 689 4184 Me
728 4148 990 4203 purpura,
1048 4137 1257 4204 imperii
1300 4140 1523 4210 insigne,
1554 4143 1674 4198 inde
1706 4161 1740 4198 a
1766 4151 1948 4203 tenera

365 4226 522 4273 aetate
548 4225 778 4277 ornavit.
831 4225 911 4279 ille
957 4244 1110 4281 amor
1129 4230 1184 4283 in
1215 4229 1350 4284 bello
1393 4234 1632 4288 vincendi
1666 4236 1736 4289 ad
1793 4253 1951 4308 equos

365 4318 415 4363 et
436 4312 749 4382 pharetram
772 4318 1018 4373 adduxit.
1046 4319 1189 4375 Ense
1224 4322 1415 4377 deinde
1433 4324 1633 4396 bicipiti
1659 4344 1782 4383 usus
1806 4329 1949 4400 feras

363 4414 583 4460 venatus
615 4424 801 4464 ursum
854 4412 1043 4499 hastili
1069 4414 1275 4480 domui,
1309 4420 1630 4487 pantheram
1664 4420 1783 4477 telis
1827 4424 1951 4479 sub-

363 4499 465 4567 egi.
510 4498 644 4554 Inde
688 4503 752 4557 de
793 4503 1038 4560 barbaris
1075 4508 1367 4577 triumphos
1411 4511 1492 4582 egi
1537 4511 1667 4568 bene
1698 4518 1967 4572 armatisr

1578 419 1898 483 SCRIPTA
1938 424 2493 491 MISCELLANEA.

3526 435 3667 501 1⁵391

2008 539 2055 597 Α
2097 540 2284 613 Ἐμοῖς
2309 544 2491 613 Δάκης
2523 542 2741 615 ἔκαμψε
2765 548 2988 619 ταρσοῖς
3015 547 3231 619 αὐχένα

2091 633 2265 704 Ἐμὴν
2303 635 2533 705 ἀπειλὴν
2567 636 2863 711 Δαλμάτης
2899 640 3199 713 ύπεστάλη·

2083 726 2379 782 Ἢπλωσεν
2409 730 2620 799 Ἴστρος
2649 730 2926 798 ὑπτιάσας
2956 732 3055 805 τὴν
3092 734 3252 806 ῥάχιν

2080 818 2193 873 Kal
2220 820 2333 883 τοῖς
2364 821 2519 891 ἐμοῖς
2550 820 2800 894 πλώϊμος
2826 822 2984 896 ὤφθη
3014 825 3341 897 ναυμάχοις.

2080 912 2193 967 Kal
2222 911 2403 977 τοῦτο,
2437 913 2666 985 Χριστὲ,
2697 916 2798 987 σῆς
2830 917 3142 984 παναλκοῖκ
3168 918 3381 991 ίσχύος.

2150 1092 2265 1146 Οὐκ
2291 1089 2429 1147 εἶδεν
2453 1095 2636 1168 ἡμέρα
2664 1115 2731 1168 με
2755 1100 3018 1169 καμάτων
3042 1100 3207 1172 δίχα*

2080 1187 2196 1240 Οὐκ
2223 1186 2349 1258 ἔσχε
2381 1186 2477 1253 νὺξ
2510 1189 2608 1260 μία
2638 1207 2705 1261 με
2737 1194 2909 1264 χωρὶς
2939 1195 3259 1265 φροντίδων»

2078 1282 2154 1336 Οὐ
2181 1283 2281 1347 τὰς
2307 1282 2608 1353 φλογώδεις
2637 1284 2733 1340 τοῦ
2764 1285 2960 1357 θέρους
2982 1287 3316 1361 ὑπεστάλην,

2076 1375 2154 1429 Οὐ
2183 1374 2282 1440 τὰς
2314 1376 2561 1446 πιλήσεις
2587 1377 2683 1432 τοῦ
2714 1377 2941 1450 κρύους,
2972 1382 3034 1434 ού
3070 1381 3169 1445 τὰς
3200 1381 3343 1453 βίας·

2086 1466 2175 1527 Ὧς
2219 1467 2470 1537 Ἀκάμας
2511 1465 2568 1520 δὲ
2599 1468 2777 1522 πάντα
2804 1471 2901 1541 τῆς
2938 1470 3084 1543 ζωῆς
3113 1473 3308 1543 χρόνον

2077 1559 2312 1614 κυκλῶν
2346 1559 2613 1616 ὲκύκλουν
2645 1562 2743 1634 τὴν
2777 1563 2908 1636 ὃλην
2937 1565 3295 1637 οἰκουμένηνο

2074 1653 2187 1707 Kal
2216 1652 2311 1707 νῦν
2344 1655 2483 1725 πρὸς
2507 1657 2734 1727 ἄρκτον,
2761 1657 2855 1710 νῦν
2883 1656 2941 1711 δὲ
2984 1659 3124 1729 πρὸς
3154 1661 3310 1714 νότον
3357 1662 3580 1728 κλίνων,

2072 1745 2188 1802 Νῦν
2211 1746 2257 1802 δ’
2287 1749 2369 1812 είς
2401 1748 2477 1803 ἕω
2503 1768 2559 1803 τε
2588 1750 2682 1804 καὶ
2713 1750 2867 1805 δύσιν
2898 1752 3264 1822 μετακλίνων,

2073 1839 2215 1904 Τοὺς
2235 1843 2453 1913 ταραχῇ
2491 1842 2814 1913 σύμπαντας
2852 1845 3089 1916 ἐχθροὺς
3125 1847 3410 1913 ὲκλόνουν,

1993 1906 2043 1966 Β
2074 1931 2263 2000 Afiva
2293 1906 2531 2007 ἑκάστης
2560 1906 2686 1998 τοὺς
2709 1906 2868 2008 ὄρόυς
3037 1906 3318 2008 Ᾰύσόνων,

2073 2027 2183 2080 Καὶ
2218 2028 2632 2100 ταγματαρχῶν
2665 2030 2760 2084 καὶ⁸
2788 2031 3149 2104 στραταρχῶν
3174 2034 3235 2087 ὲν
3268 2034 3437 2107 μάχῃι

2071 2119 2177 2173 Τὸν
2204 2121 2549 2192 στρατιώτην
2582 2122 2682 2176 οὐκ
2705 2123 3073 2196 άπηρνούμην
3104 2126 3278 2197 ὅμως,

2082 2211 2246 2266 Ἀλλὰ
2274 2214 2383 2284 πρὸ
2411 2216 2656 2281 πάντων,
2687 2217 3062 2289 συρραγείσης
3090 2218 3193 2290 τῆς
3226 2219 3432 2291 μάχης.

2082 2305 2225 2374 Ἐγὼ
2252 2306 2379 2361 κατ’
2410 2306 2620 2381 ἐχθρῶν
2658 2306 2996 2379 ἐξεγύμνουν
3020 2310 3123 2382 τὴν
3158 2310 3377 2381 σπάθην
3399 2329 3416 2347 ο

2068 2400 2277 2455 Θᾶττον
2305 2388 2441 2472 πρὸς
2467 2390 2781 2474 ἀνίσχοντος
2809 2403 2962 2474 ἡλίου
2989 2404 3153 2469 σέλας

2080 2495 2391 2567 Ὀφθαλμδς
2419 2495 2611 2568 ἀνδρὸς
2637 2496 2983 2567 ἀντιϐλέψειν
3020 2500 3257 2570 ίσχύσοι,

2068 2590 2181 2642 Kal
2216 2587 2418 2658 μᾶλλον
2444 2589 2510 2643 ἄν
2541 2606 2627 2654 τις
2655 2590 2948 2661 ἀστραπῆς
2978 2590 3158 2657 στέξοι
3188 2591 3367 2663 φλόγα

2072 2683 2144 2735 Ἦ
2167 2683 2294 2749 τοὺς
2324 2684 2628 2755 κεραυνοὺς
2656 2689 2756 2756 τῆς
2785 2685 2925 2756 ἐμῆς
2958 2686 3302 2758 στρατηγίας

2072 2777 2348 2845 Ἤνεγκεν
2373 2777 2408 2848 ἡ
2435 2776 2710 2849 σύμπασα
2746 2778 3026 2851 βάρϐαρος
3054 2780 3293 2852 φάλαγξ.

2068 2870 2262 2925 Πᾶσαν
2285 2869 2557 2945 μετῆλθον
2586 2871 2855 2943 τακτικὴν
2876 2872 2935 2926 ὲν
2962 2875 3086 2937 ταῖς
3117 2872 3347 2945 μάχαις,

2065 2944 2503 3034 Ἐπεζομάχουν,
2530 2963 2844 3020 ναυστολῶν
2868 2944 3238 3037 ἐναυμάχουίθέ

2063 3053 2234 3125 Τείχη
2265 3053 2541 3125 καθῄρουν
2569 3056 2666 3110 καὶ
2695 3056 3255 3127 κατήρειπον,πόλεις

2067 3135 2297 3217 Ἔργοις
2331 3147 2605 3218 χελωνῶν,
2640 3148 2982 3218 χωστρίδων,
3013 3150 3339 3220 ὀρυκτίδων.

1981 3251 2025 3315 C
2060 3238 2166 3294 Kal
2195 3238 2547 3310 μαρτυρείτω
2572 3238 2749 3293 ταῦτα
2781 3242 3101 3314 Κασταμὼν
3130 3244 3286 3305 πόλις

2061 3327 2346 3398 Εύτειχος,
2383 3329 2715 3402 ὑψίπυργος,
2743 3332 3151 3405 άρῤαγεστάτη·

2063 3425 2175 3478 Kal
2194 3423 2423 3496 Γάγγρα
2456 3425 2619 3496 μέχρι
2656 3427 2750 3480 καὶ
2772 3427 2953 3496 νεφῶν
2986 3428 3280 3502 ἱκνουμένη

2061 3517 2172 3573 Kal
2196 3519 2473 3590 Παρνησῷ
2506 3518 2639 3591 πρὸς
2667 3519 2801 3592 ὕψος
2833 3521 3215 3596 άμιλὴομὲνη,

2052 3679 2168 3734 sine
2198 3682 2450 3736 maestitia
2479 3697 2563 3737 me
2581 3683 2795 3750 habuit;
2835 3689 3040 3740 wslwos
3102 3681 3305 3741 calores
3363 3702 3641 3758 perpessus

2053 3787 2194 3837 sum,
2226 3774 2397 3828 nivem
2422 3782 2470 3828 et
2508 3774 2734 3846 glaciem
2775 3788 3041 3847 expertus,
3098 3779 3371 3850 indefessis
3422 3781 3642 3851 pedibus

2054 3879 2149 3935 per
2180 3872 2348 3919 totam
2378 3866 2540 3920 vitam
2577 3876 2749 3921 terras
2782 3868 3111 3937 percucurri,
3151 3870 3302 3923 modo
3329 3870 3400 3925 ad
3422 3879 3641 3925 austra-

2054 3956 2130 4012 les
2167 3956 2356 4029 plagas
2407 3957 2646 4025 tendens,
2681 3959 2939 4014 orientem
2976 3969 3028 4014 et
3074 3961 3391 4016 occidentem
3437 3962 3636 4017 obiens.

2052 4047 2205 4120 Stepe
2236 4051 2291 4105 in
2322 4050 2460 4105 bello
2508 4052 2742 4125 militum
2796 4050 2905 4106 dua:
2963 4051 3138 4109 Italia:
3170 4053 3453 4125 imperium
3501 4073 3640 4112 nun-

2050 4158 2213 4213 quam
2251 4159 2357 4197 non
2403 4159 2598 4215 augere
2617 4143 2816 4198 studui.
2872 4141 2978 4199 Sed
3029 4160 3123 4198 nec
3173 4147 3407 4217 gregarii
3450 4146 3636 4202 militis

2051 4250 2269 4289 munere
2297 4235 2455 4306 fungi
2478 4237 2739 4305 recusavi,
2770 4235 2864 4293 sed
2884 4237 2974 4291 ubi
3001 4238 3295 4292 maximum
3327 4237 3633 4303 discrimen,

2047 4341 2143 4398 ego
2164 4327 2270 4383 tela
2298 4331 2352 4384 in
2376 4331 2551 4384 hostes
2580 4331 2721 4385 misi.
2760 4328 2996 4386 Facilius
3048 4331 3178 4386 solis
3223 4330 3418 4403 aliquis
3465 4333 3635 4404 jubar

2047 4422 2296 4477 irretorto
2327 4423 2479 4478 oculo
2520 4424 2812 4494 aspiceret,
2869 4441 3030 4496 quam
3055 4424 3317 4481 barbarus
3356 4426 3506 4481 miles
3551 4444 3635 4482 re-

2046 4528 2168 4568 rum
2206 4531 2239 4567 a
2270 4531 2353 4570 me
2410 4525 2683 4587 gestarum
2724 4514 3059 4587 splendorem
3115 4518 3407 4572 metiretur.
3441 4516 3633 4573 Omnes

361 4590 469 4646 Nec
498 4596 561 4647 de
586 4596 815 4652 victoriis
840 4601 1088 4669 superbio
1122 4603 1248 4657 meis
1270 4621 1291 4670 ;
1312 4610 1362 4658 te
1381 4605 1533 4671 duce,
1568 4623 1688 4662 cum
1712 4610 1943 4666 hostibus
1977 4618 2022 4674 D
2046 4609 2180 4663 artis
2212 4607 2416 4665 bellicae
2448 4609 2865 4665 machinationes
2891 4618 3053 4681 atque
3079 4611 3414 4681 operationes
3447 4627 3634 4682 οπρεπ-
3698 4622 3703 4627 ·

362 4701 668 4757 congressus
703 4688 901 4745 multas
937 4689 1224 4749 Persarum
1271 4697 1424 4764 capio
1459 4695 1649 4765 urbes;
1688 4690 1948 4757 loca'edi-

362 4778 567 4831 tissima
602 4772 1047 4851 expugnofaltos
1096 4793 1445 4858 satraparum
1501 4790 1720 4860 spiritus
1770 4792 1948 4864 depri—

363 4887 527 4924 mens.
571 4871 723 4928 Ultra
752 4871 932 4946 Halyn
967 4877 1141 4947 ipsum
1179 4889 1489 4949 potestatem
1520 4899 1693 4938 meam
1722 4888 1944 4942 extendo

360 4980 502 5030 ense,
535 4982 691 5037 quem
718 4968 846 5020 mihi
869 4970 1112 5036 dederas,
1136 4975 1340 5028 stricto.
1366 4974 1548 5032 Meam
1589 4978 1755 5034 bestia
1785 4978 1944 5038 Gazae

360 5073 580 5112 manum
614 5059 909 5128 pertimuit,
942 5069 999 5114 ut
1020 5073 1070 5116 et
1091 5065 1315 5133 ﬂamma
1340 5064 1577 5135 Persica,
1613 5078 1671 5124 ut
1726 5070 1806 5126 leo
1835 5073 1945 5143 for-

359 5146 611 5202 midolose
644 5150 880 5219 rugiens,
904 5160 961 5204 ut
994 5151 1147 5223 lupus
1175 5156 1342 5210 tribus
1368 5156 1715 5217 lsmaelitica’
1740 5164 1938 5220 incola.

356 5238 472 5308 Ego
492 5240 633 5311 ferro
665 5240 917 5297 maxillas
941 5247 1189 5311 contudi;
1211 5256 1263 5300 et
1301 5246 1620 5321 Scytharum
1644 5263 1815 5311 totum
1854 5274 1945 5330 ge.

357 5348 457 5388 nus
485 5335 644 5391 exitio
676 5337 897 5391 tradidi.
930 5337 1004 5392 Tu
1028 5339 1189 5406 enim,
1223 5340 1450 5409 Christe,
1475 5362 1653 5403 ensem
1677 5350 1940 5410 direxisti.

360 5424 482 5481 Meis
508 5427 686 5484 Dacus
709 5430 926 5501 pedibus
946 5431 1140 5487 collum
1158 5433 1480 5505 substravit;
1510 5457 1654 5496 meas
1686 5442 1941 5503 Dalmata

360 5519 531 5574 minos
559 5523 807 5592 quamvis.
825 5524 1022 5580 invitus
1067 5529 1355 5594 sustinuit;
1408 5530 1546 5586 Ister
1574 5542 1781 5606 tergum
1804 5556 1942 5609 pra:-

358 5608 466 5663 buit
516 5611 726 5680 uictori,
753 5623 804 5668 et
834 5630 992 5671 naves
1028 5634 1171 5674 meas
1214 5618 1321 5675 leni
1352 5625 1501 5694 fluxu
1532 5631 1780 5697 portavit.
1806 5608 1940 5698 Qua:

358 5704 540 5759 omnia
570 5706 656 5761 cui
689 5707 792 5762 nisi
818 5709 933 5777 tibi,
974 5708 1200 5779 Christe,
1227 5713 1381 5770 debeo
1400 5716 1427 5770 7

428 5879 594 5937 Nulla
627 5883 754 5940 mihi
783 5885 892 5943 dies
917 5889 1030 5945 sine
1063 5906 1304 5949 (erumna
1329 5895 1620 5964 pra-teriit;
1647 5896 1797 5955 nulla
1835 5916 1938 5955 nox

2049 4706 2132 4754 tus
2160 4711 2305 4756 terra
2339 4702 2584 4773 marique
2608 4703 2865 4774 pugnavi,
2898 4717 3080 4757 muros
3117 4702 3285 4767 dirui,
3338 4702 3491 4756 urbes
3517 4703 3632 4757 solo

2047 4796 2275 4864 aequavi,
2313 4795 2595 4860 testudine,
2623 4796 2776 4866 fossis
2801 4794 3002 4866 subegi.
3044 4794 3210 4849 Testis
3243 4796 3370 4849 mihi
3397 4796 3498 4849 erit
3527 4796 3632 4851 Ca-

2043 4894 2275 4952 stamon,
2302 4885 2428 4940 bene
2458 4886 2686 4955 munita,
2714 4887 2931 4952 turrito,
2970 4886 3255 4955 fortissima
3284 4888 3406 4942 urbs
3426 4904 3448 4954 ;
3486 4889 3632 4943 testis
3690 4954 3701 4961 _

2046 4975 2145 5029 erit
2175 4972 2437 5049 Gangra,
2451 4980 2603 5050 cujus
2632 4981 2822 5034 mnia
2847 4978 3033 5045 nubes,
3053 4981 3159 5035 imo
3190 4979 3519 5036 Parnassum
3551 4981 3635 5049 ἕρ·-

2044 5086 2164 5124 sum
2187 5070 2488 5142 attingunt;
2515 5072 2665 5143 cujus
2699 5075 2843 5128 muri
2891 5075 3026 5128 α’ηεὶ
3063 5080 3114 5127 et
3151 5073 3314 5143 ferrei
3368 5073 3628 5127 machinis

2045 5165 2177 5219 meis
2204 5162 2389 5235 ligneis
2425 5166 2669 5221 resistere
2706 5168 2825 5222 ausi
2883 5174 3028 5224 sunt.
3080 5166 3186 5223 Sed
3210 5164 3339 5236 quid
3386 5165 3628 5237 pluribus

2044 5254 2270 5326 eloquar
2290 5256 2316 5309 ?
2350 5253 2477 5312 Solo
2508 5258 2737 5312 nominis
2771 5266 2975 5313 terrore
3033 5259 3271 5335 integras
3327 5256 3626 5329 phalangas

2043 5349 2098 5402 in
2124 5346 2306 5419 fugam
2324 5350 2474 5413 uerti,
2502 5350 2625 5415 tuis,
2655 5346 2903 5413 Verbum,
2927 5350 3175 5421 auspiciis
3192 5350 3440 5419 conﬁsus.
3457 5349 3629 5416 Quid?

2041 5440 2159 5496 sola
2185 5441 2441 5498 Comneni
2461 5445 2674 5499 nomine
2702 5444 2886 5499 audito
2925 5452 3092 5498 metus
3110 5443 3298 5515 ingens
3325 5443 3397 5498 ad
3424 5443 3627 5513 inferos

2041 5534 2195 5602 quasi
2234 5538 2441 5591 turbine
2491 5537 2737 5608 abreptos
2782 5537 3153 5610 praxipitavit.
3189 5533 3278 5590 Sic
3306 5551 3399 5607 ego
3444 5551 3627 5591 omnes

2042 5622 2249 5679 labores
2276 5633 2326 5679 et
2355 5628 2639 5690 conamina
2673 5629 2744 5683 ad
2772 5630 2904 5701 regii
2934 5630 3103 5700 patris
3144 5627 3443 5699 exemplum
3494 5628 3628 5682 diri-

2041 5733 2168 5788 gens
2197 5733 2475 5790 nunquam
2499 5720 2761 5791 superbus
2807 5722 3056 5777 inventus
3103 5737 3244 5776 sum.
3319 5719 3429 5775 (iur
3486 5723 3629 5777 enim

2040 5809 2179 5880 quod
2208 5827 2389 5866 verum
2410 5821 2487 5867 est
2517 5827 2623 5866 non
2661 5812 2839 5868 dicam
2857 5814 2883 5867 ?
2901 5813 3115 5869 Recenti
3145 5828 3349 5886 quoque
3394 5822 3628 5882 tempore
3746 5804 3749 5807 ’

2043 5898 2226 5958 Roma:
2257 5902 2412 5969 huius
2436 5919 2580 5962 nam
2602 5903 2730 5971 ﬁnes
2759 5904 3014 5963 orientem
3043 5921 3219 5964 versus
3249 5903 3394 5987 ultra
3428 5902 3633 5970 Halym
