4078 6400
333 1101 342 1106 -
448 1069 884 1141 Ἐταρταροῦντο
910 1070 1112 1132 πάντες
1149 1069 1335 1140 ἐχθροὶ
1367 1069 1444 1138 τῷ
1469 1069 1644 1140 φόῦῳ,

440 391 577 455 1395
1633 393 2029 454 TliEODORI

2140 391 2474 454 {ODROMI
3570 393 3709 462 1396

430 512 501 566 Αἱ
533 512 873 582 χαλκότειχοι
905 510 999 564 καὶ
1033 510 1250 581 σιδηραῖ
1277 513 1339 580 τῇ
1378 511 1596 574 πλάσει,

445 605 639 674 Ἐμαίς
671 604 914 667 ξυλίναις
949 606 1222 674 μηχαναῖς
1259 603 1622 673 ἠρειμμέναι.

503 698 571 750 Τί
605 715 696 764 μοι
723 698 791 750 τὰ
828 697 1037 763 πολλάς
1071 697 1167 750 καὶ
1195 697 1246 749 τί
1291 713 1382 766 μοι
1420 697 1631 766 μακρδς
1653 697 1863 764 .λόγο;;

432 791 593 860 Φήμη
632 791 768 861 μόνῃ
803 788 1092 857 φάλαγγας
1123 789 1376 841 έκλόνουν
1403 788 1552 850 ὅλας,

447 883 583 937 Ὑπὸ
620 883 916 954 στρατηγῷ
945 901 1028 937 σοι
1061 883 1424 953 τεταγμένος,
1460 884 1621 951 Λόγε·

436 978 548 1030 Καὶ
579 979 677 1046 τὴν
706 978 1005 1047 Κομνηνὴν
1036 977 1228 1045 κλῆσιν
1252 976 1644 1047 ὴκουτισμένοι

2039 526 2083 577 Α
2117 511 2178 564 Εἰ
2209 512 2284 581 μὴ
2312 509 2729 580 περιψύχουσαν
2764 506 3067 577 εἰργάσθης
3107 505 3311 576 φλόγα,

2122 604 2324 673 Εὐχαῖς
2348 603 2608 673 ἀλήκτοις
2638 598 2816 665 δεξιοῦ
2857 617 2960 670 μου
2999 601 3126 662 τοὺς
3160 600 3381 664 ἄθλους.

2121 697 2378 768 Ἰωάννης
2411 714 2494 750 σοι
2521 696 2698 750 ταῦτα
2738 695 3028 765 πορφύρας
3056 694 3218 761 γόνος

2123 789 2512 861 Κομνηνιάδης
2548 789 2779 859 εὐσεϐὴς
2814 788 3203 858 αὐτοκράτωρ.

2123 953 2209 1005 Κ’.
2275 949 2625 1021 Ἐπιτάφιος
2658 950 2734 1020 τῇ
2775 949 3512 1021 μακαρίτιδιᾲβασιλᾨσῃ
3572 949 3712 1004 Ῥωο

2317 1018 2512 1092 μαίων
2536 1018 2798 1092 Είρήνέῃ,
2834 1022 2915 1089 ὡς
2945 1021 3062 1076 ἀπὸ
3091 1018 3198 1087 τῆς
3228 1018 3530 1089 κειμένης,

440 1162 656 1234 Ὠσπερ
686 1164 894 1232 τυφῶνι
927 1163 1006 1234 τῷ
1035 1164 1180 1232 λόγῳ
1211 1164 1558 1234 βεϐλημένον

439 1257 566 1320 Τοῖς
593 1257 688 1310 τοῦ
724 1257 932 1327 πατρὸς
964 1258 1020 1309 δὲ
1058 1259 1152 1310 καὶ
1174 1257 1443 1328 ﬁsa-lito;
1471 1257 1655 1320 ἄθλοις

449 1351 540 1412 Ὠς
570 1351 904 1420 ἀρχετύποις
933 1353 1240 1420 ἐγγράφοις
1272 1355 1336 1422 τῇ
1363 1351 1562 1420 καρδίᾳ.

441 1441 638 1505 Ὅλους
667 1444 907 1514 ἐμαυτοῦ
937 1447 1063 1506 τούς
1096 1447 1292 1507 πόνους
1333 1445 1682 1510 ἀπευθύνων,

439 1536 551 1608 Οὐχ
581 1536 735 1608 ὕϐρις
770 1537 936 1590 αὐτοῦ
963 1539 1070 1600 τοῖς
1101 1539 1370 1606 καμάτοις
1405 1538 1660 1608 εὐρέθην·

440 1630 507 1683 Τί
540 1629 613 1702 μὴ
644 1633 752 1701 γὰρ
774 1633 951 1684 εἰπεῖν
976 1632 1318 1701 εὐλαϐοῦμαι
1357 1632 1628 1697 τὸνλόγον
1651 1651 1664 1698 ;

439 1722 551 1776 Καὶ
584 1722 679 1776 νῦν
711 1724 843 1792 πρὸς
873 1723 1163 1792 ἀνίσχοντα
1197 1726 1294 1794 μὲν
1320 1725 1411 1778 τὸν
1453 1725 1744 1794 φωσφόρον

450 1815 622 1886 ’Υπὲρ
647 1817 738 1869 τὶν
770 1816 935 1868 ’Λλυν
965 1817 1055 1868 τὸν
1089 1815 1258 1886 βαθὺν
1285 1820 1379 1872 καὶ
1403 1818 1496 1870 τὸν
1536 1818 1734 1886 μέγαν,

439 1907 551 1978 Τὴν
581 1909 858 1980 γλυκερὰν
884 1908 1186 1974 Θάλασσαν,
1217 1911 1292 1974 ὡς
1322 1911 1387 1964 ἄν
1423 1927 1507 1973 τις
1542 1910 1732 1978 λέγοι,

441 1997 656 2072 Ἐπῆρα
678 2001 739 2054 τὸ
770 2003 1063 2074 σχοίνισμα
1103 2002 1323 2074 Ῥώμης
1353 2005 1454 2073 τῆς
1487 2005 1638 2068 νέας,

456 2091 630 2162 ’Υπὲρ
663 2093 720 2146 δὲ
754 2095 848 2148 τὸν
882 2094 1176 2150 Δάννουϐιν
1207 2099 1288 2160 είς
1318 2098 1416 2167 τὴν
1453 2097 1716 2165 ἑσπέραν.

513 2187 719 2251 Τόσους
747 2190 1156 2260 ἐκαινούργησα
1186 2191 1312 2254 τοὺς
1340 2191 1559 2254 ἄθλους,
1594 2189 1738 2257 ξένε,

2127 1162 2194 1215 Ei
2223 1179 2306 1226 τις
2336 1163 2502 1232 νόμος
2526 1163 2710 1215 δίδωσι
2738 1164 2833 1216 καὶ
2859 1164 3079 1232 νεκροῖς
3102 1160 3309 1228 λέγειν,

2105 1247 2116 1262 ’
2139 1259 2269 1314 ’1δού
2300 1257 2427 1328 βοὴν
2453 1256 2720 1326 πέμψασα
2747 1256 2904 1322 κάγὼ
2928 1276 2992 1312 τυ
3003 1257 3205 1327 μόόθεν

2127 1356 2208 1409 Τὰ
2243 1356 2364 1408 κατ’
2389 1353 2634 1424 ἐμαυτὴν
2671 1351 2934 1417 ὲκδιδάξω
2970 1369 3054 1415 σε,
3089 1352 3234 1418 ξένε.

2203 1449 2344 1518 Ἐγὼ
2380 1448 2650 1519 προῆλθον
2683 1447 2932 1516 εὐτυχῶν
2962 1445 3333 1517 προπατόρων

2141 1544 2340 1614 Ἀρχῆς
2369 1541 2589 1610 ἀπάσης
2629 1541 2904 1614 δυσμικῆς
2931 1538 3218 1611 βασιλέων,

2143 1635 2350 1688 Ἰούλιοι
2393 1634 2675 1704 Καίσαρες
2707 1633 3008 1705 ὲθρέψαντό
3046 1651 3138 1701 με,

2129 1729 2242 1782 Καὶ
2278 1728 2544 1797 καλλονῆς
2575 1727 2797 1798 χάριτες
2829 1727 3130 1797 ἐστέψαντό
3157 1744 3247 1796 με.
3270 1782 3282 1790 _

2147 1821 2367 1891 Ῥώμης
2390 1821 2434 1874 δ’
2467 1821 2602 1888 ἄναξ
2635 1821 2930 1892 κράτιστος
2980 1820 3295 1891 Ἀλεξιάδης

2134 1913 2590 1991 Πορφυρογεννὴς
2622 1911 2858 1982 εὐτυχὴς
2899 1911 3176 1981 Ἰωάννης,

2133 2006 2354 2077 Ὅρπηξ
2397 2007 2728 2077 Κομνηνῶν,
2760 2005 2997 2077 εὐθαλὴς
3031 2004 3253 2058 Δουκῶν
3287 2003 3506 2068 κλάδος,

2133 2101 2321 2170 Πάσης
2352 2099 2594 2170 διώκτης
2623 2100 2848 2170 ἐθνικῆς
2878 2098 3210 2170 φυλαρχίας,

2134 2197 2231 2258 Εἰς
2255 2195 2511 2266 ὲννομίαν
2543 2193 2739 2259 ζεύξας
2773 2193 3060 2265 ἡρμόσατό
3092 2208 3183 2262 με·

2133 2283 2204 2360 ᾯ
2238 2287 2334 2344 καὶ
2375 2288 2696 2357 συνάρξασα
2726 2288 2826 2357 τῆς
2867 2287 2970 2358 γῆς
3002 2287 3261 2339 Αὐσόνων

2133 2385 2229 2448 Εἰς
2261 2384 2376 2452 φῶς
2408 2383 2658 2454 προϊσχω
2688 2383 2960 2453 τέτταρας
2993 2381 3092 2450 μὲν
3119 2380 3271 2444 υἱέας

2134 2480 2247 2548 Τῆς
2280 2477 2656 2549 πατρογενοῦς
2681 2476 2956 2546 ἔκφύντας
2987 2474 3304 2546 πορφύρας,

2148 2571 2300 2625 Ἰδεῖν
2330 2569 2592 2638 ἀγαθοὺς,
2625 2570 2736 2640 πῦρ
2762 2570 3024 2633 πνέοντας
3056 2572 3136 2633 εἰς
3170 2569 3374 2641 μάχην·

2138 2665 2248 2718 Καὶ
2272 2664 2540 2733 τέτταρας
2572 2663 2629 2716 δὲ
2661 2662 2896 2729 κοσμίοις
2926 2662 3262 2734 θυγατέρας.

2149 2757 2293 2825 Ὀρῶ
2326 2756 2383 2808 δὲ
2420 2758 2656 2826 λαμπρὰ
2689 2755 2757 2809 τὰ
2793 2757 2970 2827 κράτη
3006 2755 3099 2809 τοῦ
3138 2755 3403 2824 συζύγου,

2137 2848 2318 2911 Νίκας
2349 2847 2486 2920 πρὸς
2516 2849 2695 2917 αὐγὴν
2728 2848 2882 2919 ἡλίου
2914 2851 3012 2904 καὶ
3043 2849 3180 2918 πρὸς
3211 2847 3388 2914 δύσιν,

2139 2941 2315 3001 Νίκας
2345 2939 2483 3010 πρὸς
2510 2940 2711 3010 ἄρκτον
2737 2941 2830 2993 καὶ
2857 2937 3016 2994 νότου
3051 2941 3259 3012 θερμὸν
3293 2940 3489 3011 κλίμα.

2140 3030 2304 3094 Τέλος
2330 3030 2566 3084 λιποῦσα
2590 3030 2652 3084 τὸ
2684 3031 2881 3101 στέφος
2923 3031 3021 3102 τὴν
3053 3031 3365 3102 πορφύραν,

451 2279 510 2332 '0
551 2283 804 2351 κείμενος
834 2282 980 2352 χοῦς,
1012 2285 1044 2353 ἡ
1078 2283 1342 2338 κοτυλαία
1369 2285 1536 2346 κόνιςο

445 2372 554 2423 Καὶ
584 2372 713 2437 δόξα
738 2372 815 2444 τῷ
846 2373 1116 2427 πλάσαντι
1147 2376 1241 2427 καὶ
1279 2374 1540 2443 στέψαντί
1574 2392 1664 2443 με,

443 2464 556 2517 Καὶ
589 2467 701 2530 τοῖς
735 2467 890 2536 ἐμοῖς
922 2465 1158 2520 σώσαντι
1196 2468 1296 2537 τὴν
1342 2467 1564 2537 Ῥώμην
1607 2468 1810 2532 πόνοις.

444 2557 528 2611 Τὰ
555 2559 597 2610 δ’
634 2561 716 2621 είς
750 2559 911 2629 λέχος
947 2560 1153 2630 νόμιμα
1184 2561 1263 2623 είς
1289 2561 1578 2614 εὐτεκνίαν

448 2652 563 2704 Οὐκ
589 2650 740 2704 ἔστιν
770 2651 948 2714 οὐδεὶς
977 2653 1128 2716 ὅστις
1162 2653 1454 2723 ἁντάροιτό
1489 2671 1601 2723 μοι·

447 2741 547 2794 Ἐκ
585 2741 694 2812 γὰρ
725 2743 971 2812 ἀνάσσης
1001 2745 1272 2813 δυσμικοῦ
1305 2746 1507 2808 παντὸς
1542 2746 1734 2813 γένους

449 2833 657 2904 Διπλῆν
693 2836 1105 2905 ὲτεκνούργησα
1138 2837 1346 2906 σεμνὴν
1385 2839 1645 2908 τετράδα,

452 2927 736 2998 Τέτταρας
765 2930 916 2990 υἱοὺς
951 2931 1217 3000 ἀλκίμους
1249 2932 1346 2986 καὶ
1384 2932 1657 3002 μαχίμους

471 3020 549 3072 Εκ
579 3020 678 3090 τῆς
703 3023 978 3092 πατρικῆς
1004 3025 1296 3095 πορφύρας
1322 3026 1730 3097 προηγμένους·

453 3113 565 3165 Καὶ
594 3113 865 3184 τέτταρας
893 3115 949 3169 δὲ
982 3118 1221 3188 κοσμίας
1250 3118 1580 3188 θυγατέρας.

524 3207 638 3262 Νῦν
671 3207 716 3261 δ’
754 3208 869 3261 ἀλλ’
904 3210 932 3261 ὁ
961 3211 1064 3281 γῆς
1094 3210 1312 3282 ἄμετρα
1341 3211 1556 3280 πλέθρα
1591 3210 1869 3281 βαρϐάρου

453 3299 545 3371 Τῷ
572 3301 836 3370 ρωμαῖκῷ
865 3301 1335 3369 καθυποστρὼσας
1368 3304 1560 3375 κράτει

453 3393 664 3464 Ψυχρῷ
690 3394 989 3463 καλυφθεὶς
1023 3397 1117 3449 καὶ
1153 3396 1349 3466 βραχεί
1378 3400 1570 3466 κεῖμαι
1593 3395 1748 3466 λίθῳ’

464 3486 526 3539 '0
567 3490 747 3550 κοινὸς
778 3486 916 3552 ἄναξ
945 3487 1151 3552 δύσιος
1188 3490 1402 3558 καὶτῆς
1430 3490 1504 3542 ἓω

454 3577 638 3650 Αὐτὴν
665 3579 906 3649 ὐπῆλθον
937 3580 1034 3651 τὴν
1062 3582 1283 3650 ἀνήλιον
1314 3582 1467 3634 δύσιν
1491 3599 1504 3612 ·

2142 3125 2216 3179 Τὸ
2248 3125 2501 3194 βύσσινον
2543 3125 2814 3196 πόρπημα
2846 3126 2945 3196 τὴν
2977 3126 3298 3195 ἁλουργίδα,

2063 3217 2109 3280 C
2144 3217 2216 3269 Τὸ
2248 3218 2356 3270 τῶν
2387 3218 2674 3288 μοναστῶν
2705 3217 3090 3288 ὲνδιδύσκομαι
3119 3219 3286 3287 ῥάκος
3313 3235 3328 3248 ·

2147 3304 2378 3374 Θνήσκω
2415 3306 2462 3360 δ’
2497 3308 2584 3358 ἐπ’
2617 3308 2788 3375 αὐτῆς
2823 3307 3065 3360 Βιθυνῶν
3099 3309 3373 3378 ἐπαρχίας

2153 3399 2420 3462 ’Ἄποικος
2450 3401 2514 3453 ἐκ
2545 3400 2646 3470 τῆς
2676 3400 2934 3454 Αὐσόνων
2966 3400 3266 3472 βασιλίδοςο

2150 3489 2466 3560 Κομίζομαι
2495 3491 2554 3544 δὲ
2582 3492 3024 3563 ναυστολουμένη
3052 3494 3240 3558 πάλιν,

2149 3583 2262 3636 Καὶ
2290 3583 2390 3652 τὴν
2421 3583 2561 3653 ἐμὴν
2592 3583 2829 3637 ἐνταῦθα
2867 3587 3116 3637 πιστεύω
3146 3585 3298 3638 κόνιν

468 3671 538 3723 Ἦ
563 3671 890 3742 λαμπρότης
913 3672 970 3726 δὲ
999 3671 1098 3740 τῆς
1131 3673 1306 3743 καλῆς
1342 3675 1659 3745 ἁλουργίδος

460 3762 696 3833 ’Ὠνησεν
727 3763 880 3818 οὐδὲν
907 3766 990 3829 είς
1022 3765 1083 3818 τὺ
1125 3766 1199 3836 μὴ
1230 3765 1573 3836 τεθνηκέναι.

456 3856 531 3909 Σὺ
563 3855 609 3910 δ’
633 3855 750 3912 ἀλλ’
772 3858 1030 3926 ἐπιγνοὺς
1059 3859 1159 3930 τὴν
1187 3859 1329 3929 ἐμὴν
1363 3859 1534 3925 κόνιν,
1575 3859 1713 3924 ξένε,

2157 3677 2299 3729 Ἀλλ’
2331 3669 2375 3730 ὦ
2416 3677 2628 3740 πλάσας
2664 3695 2730 3748 με
2765 3678 2862 3732 καὶ
2897 3679 3260 3748 μεταπλάσας
3296 3680 3484 3748 πάλιν,

2155 3769 2215 3823 '0
2243 3771 2342 3840 τὴν
2381 3770 2533 3823 κάτω
2564 3771 2688 3834 δοὺς
2716 3775 2992 3842 κοσμικὴν
3024 3773 3302 3838 ἐξουσίαν,

2143 3862 2255 3915 Καὶ
2282 3861 2382 3933 τὴν
2412 3863 2524 3917 ἄνω
2556 3863 2645 3928 δὸς
2669 3865 2919 3936 οὐρανῶν
2944 3865 3303 3936 κληρουχίαν.

457 4025 680 4097 protuli,
710 4026 856 4080 ultra
887 4043 1055 4093 mare,
1080 4027 1226 4081 ultra
1258 4026 1558 4083 Danubium
1589 4030 1906 4085 occidentem
1930 4045 2048 4085 ver-

457 4138 549 4175 sus
587 4121 845 4190 promovi.

546 4215 654 4278 En,
683 4216 881 4280 viator,
915 4230 1034 4282 quia
1063 4218 1207 4270 vivus
1239 4215 1358 4284 feci,
1392 4230 1532 4268 nunc
1569 4214 1740 4284 pulvis
1781 4221 1828 4267 et
1859 4212 2048 4268 umbra

2223 4029 2352 4085 Orta
2375 4047 2491 4084 sum
2523 4031 2813 4102 majoribus
2837 4033 3145 4104 fortunatis,
3178 4034 3270 4104 qui
3293 4042 3460 4086 totum
3488 4033 3748 4090 Occiden-

2149 4133 2251 4176 tem
2287 4124 2646 4194 gubernarunt
2668 4141 2686 4189 ;
2709 4143 2740 4178 a
2759 4123 3060 4179 Ca’saribus
3083 4126 3364 4180 educatam
3389 4127 3746 4198 Gratiw‘ipsa:

2148 4219 2497 4266 coronarunt.
2530 4211 2711 4266 Roma:
2747 4215 3041 4282 imperator
3067 4214 3391 4285 fortissimus
3423 4215 3743 4270 Alexiadum

464 4306 660 4374 factus,
690 4307 826 4360 unde
853 4305 1083 4377 gloriam
1115 4304 1357 4362 Creatori
1382 4322 1495 4360 meo
1529 4308 1619 4376 qui
1649 4322 1730 4360 me
1751 4305 2045 4371 coronavit,
2149 4322 2176 4357 e
2210 4304 2460 4374 prosapia
2489 4343 2505 4368 ,
2547 4302 2787 4358 Joannes
2841 4303 3334 4377 Porphyrogenitus
3389 4307 3744 4376 feliciissimus,

463 4399 706 4459 retribui.
735 4397 961 4451 Romam
991 4414 1114 4452 vero
1144 4399 1375 4452 servavi.
1435 4396 1586 4463 Quod
1626 4398 1696 4452 ad
1751 4396 2048 4466 legitimam
2148 4393 2429 4450 Comneme
2462 4395 2688 4472 familia:
2727 4395 2898 4464 filius,
2949 4406 2995 4449 et
3028 4395 3292 4450 Duccenus
3327 4398 3500 4452 virens
3532 4414 3736 4464 ramus,

467 4489 800 4543 matrimonii
887 4489 1091 4558 prolem
1141 4498 1390 4561 spectat,
1430 4505 1583 4544 nemo
1641 4489 1798 4559 facile
1845 4505 2047 4543 mecum
2080 4533 2126 4588 υ
2154 4491 2245 4558 qui
2286 4491 2432 4543 omni
2487 4489 2775 4560 gentilitati
2811 4489 3008 4544 bellum
3064 4489 3283 4555 intulit,
3333 4490 3622 4560 legitimam
3666 4510 3749 4546 me

467 4579 861 4650 comparandus
894 4583 1113 4636 venerit.
1161 4581 1246 4636 Ea:
1273 4598 1437 4636 uxore
1476 4584 1620 4637 enim
1657 4583 1721 4636 ab
1771 4581 2049 4637 Occidente
2080 4579 2120 4588 “’
2154 4595 2374 4634 uxorem
2405 4579 2580 4636 duxit.
2613 4579 2696 4634 Ea:
2727 4581 2822 4633 hoc
2867 4580 3209 4634 matrimonio
3236 4622 3250 4644 ,
3287 4580 3410 4634 dum
3439 4581 3616 4636 Italia:
3645 4584 3746 4635 im-

468 4669 720 4736 oriunda,
763 4672 840 4725 bis
865 4681 1093 4739 quatuor
1125 4675 1352 4743 suscepi,
1397 4682 1626 4744 quatuor
1648 4673 1859 4744 quidem
1908 4672 2049 4742 ﬁlios
2155 4669 2451 4741 peritabam
2479 4710 2494 4735 ,
2537 4679 2769 4738 quatuor
2794 4669 2935 4739 filios
2966 4687 3148 4724 omnes
3190 4687 3432 4741 purpura
3483 4681 3636 4726 natos
3687 4674 3744 4726 in

468 4763 728 4831 robustos,
760 4781 924 4818 manu
965 4763 1127 4830 fortes
1154 4781 1181 4819 e
1202 4775 1316 4820 toro
1343 4767 1686 4837 imperatorio
1730 4775 1892 4827 ortos,
1933 4767 2055 4819 toti—
2159 4764 2326 4818 lucem
2357 4766 2520 4826 edidi.
2547 4765 2770 4836 pulchra
2803 4781 3030 4834 corpora
3063 4773 3113 4817 et
3154 4765 3225 4817 ad
3257 4766 3599 4834 pugnandum
3630 4782 3749 4818 cum

469 4858 693 4929 demque
727 4859 965 4928 egregias
1019 4857 1186 4928 ﬁlias.
1233 4857 1523 4930 Postquam
1584 4869 1761 4914 autem
1816 4859 2053 4928 regiones
2157 4858 2305 4910 hoste
2333 4859 2562 4910 maxime
2597 4857 2830 4920 idonea;
2859 4864 3038 4924 postea
3075 4857 3288 4910 totidem
3311 4855 3440 4924 filiae
3473 4865 3751 4927 prognata:

468 4950 778 5004 innumeras
806 4949 1047 5004 Romano
1097 4952 1323 5022 imperio
1365 4953 1584 5017 subjeoi,
1631 4951 1725 5004 sub
1761 4950 1953 5020 pusillo
1995 4966 2056 5002 ac
2157 4959 2301 5001 sunt.
2337 4947 2454 5000 Vidi
2475 4950 2714 5019 conjugis
2744 4965 2827 5003 res
2858 4947 3117 5018 praeclare
3139 4955 3335 5018 gestas,
3368 4948 3477 5004 vidi
3501 4951 3750 5005 victorias

471 5042 664 5112 frigido
717 5059 848 5098 saxo
909 5045 993 5097 hic
1041 5045 1241 5112 positus
1271 5045 1448 5114 jaceo.
1497 5043 1607 5096 Rem
1658 5043 1784 5096 olim
1826 5041 2057 5096 Orientis
2161 5044 2214 5094 in
2244 5050 2474 5112 quatuor
2513 5041 2701 5094 mundi
2756 5041 2928 5112 plagis
2968 5050 3292 5112 reportatas.
3331 5040 3606 5096 Postremo
3637 5043 3755 5097 dia-

471 5143 630 5205 atque
658 5136 954 5192 Occidentis
968 5139 1091 5206 jam
1114 5139 1170 5191 in
1201 5137 1396 5191 tumuli
1427 5147 1630 5190 noctem
1658 5135 1923 5198 descendi,
1966 5150 2059 5188 nec
2162 5134 2370 5187 demate
2397 5149 2460 5186 ac
2494 5149 2731 5203 purpura
2763 5133 2984 5195 relictis.
3027 5134 3128 5188 vile
3167 5134 3535 5188 vestimentum
3567 5150 3755 5187 mona-

473 5245 716 5302 purpura
744 5243 966 5285 mortem
998 5231 1062 5284 ab
1091 5231 1257 5284 oculis
1282 5238 1520 5284 avertere
1564 5228 1750 5283 valuit.
1781 5229 1875 5294 Tu,
1919 5229 2062 5298 quis—
2163 5227 2312 5280 sterii
2334 5228 2508 5282 indui.
2545 5227 2758 5282 Mortua
2787 5244 2905 5280 sum
2948 5227 3213 5296 Bithyniae
3261 5229 3472 5296 regina,
3501 5225 3654 5295 longe
3685 5226 3752 5279 ab

475 5323 592 5391 quis
625 5337 699 5387 es,
732 5322 819 5376 ubi
851 5324 1052 5377 cineres
1083 5339 1222 5377 meos
1249 5321 1606 5392 conspexeris,
1663 5320 1709 5372 si
1739 5317 1890 5372 aliud
1919 5319 2064 5374 sola-
2164 5319 2414 5372 Ausonia:
2439 5317 2650 5387 ﬁnibus.
2687 5317 2794 5372 Per
2817 5335 2964 5372 mare
2997 5317 3267 5372 translata
3312 5318 3394 5371 hic
3417 5318 3550 5371 cinis
3572 5318 3753 5386 jaceo.

477 5411 610 5466 tium
637 5428 741 5466 non
767 5414 940 5484 offers,
995 5415 1052 5467 in
1090 5412 1332 5484 precibus
1374 5414 1479 5466 tuis
1510 5411 1612 5465 mei
1645 5420 1926 5464 memento.
2170 5410 2242 5464 Tu
2285 5420 2464 5466 autem
2502 5412 2593 5481 qui
2627 5426 2707 5464 me
2739 5411 2935 5466 creasti
2968 5417 3018 5462 et
3055 5409 3416 5481 regenerasti;
3453 5417 3568 5479 post
3596 5423 3756 5462 mun-

477 5523 602 5578 Xx.
642 5525 941 5595 Inscriptio
996 5525 1320 5596 sepulcrans
1349 5527 1434 5596 ad!
1462 5525 1785 5581 memoriam
1819 5524 2067 5596 imperm
2170 5504 2368 5560 danum
2398 5521 2636 5576 regnum,
2667 5504 2853 5560 calum
2877 5504 3060 5560 sortiri
3094 5503 3230 5558 mihi
3260 5502 3487 5558 tribuas.

554 5597 708 5720 tricis
749 5596 1164 5738 [)iomanorum,
1210 5595 1739 5664 Irenze,’defunctau.
1785 5595 1927 5667 (Ipsa
1987 5597 2067 5652 |o~

554 5679 648 5735 qui
680 5682 762 5721 ur.

553 5679 788 5735 quitur.)
2923 5696 2991 5708 -—

553 5773 613 5830 Si
659 5776 741 5845 fas
767 5786 846 5832 est
892 5789 1128 5834 mortuos
1155 5780 1319 5850 loqui,
1345 5797 1438 5850 ego
1473 5779 1686 5850 quidem
1711 5793 1884 5833 vocem
1921 5795 1949 5832 ε
1983 5788 2066 5833 tu-

485 5865 630 5922 mulo
649 5867 718 5921 ad
739 5875 784 5923 te
797 5865 1024 5940 dirigam
1059 5870 1148 5940 qui
1173 5871 1390 5944 transis,
1407 5885 1525 5942 quia
1540 5869 1730 5942 fuerim
1750 5873 2069 5931 narratum.
