4078 6408
390 314 524 394 i397

1594 325 1913 389 SCRIPTA
1978 325 2531 389 MISCELLANEA.

3516 328 3665 395 1398

460 435 525 490 Ut
551 433 837 490 Prodromi
864 439 1032 495 nostri
1089 437 1161 495 sit
1189 440 1412 516 aliquod
1446 441 1505 516 in
1553 440 1648 495 hoc
1695 440 1959 516 volumine

2081 438 2257 510 ιαιρδν
2286 441 2414 511 περὶ
2451 439 2557 505 σοὶ,
2599 441 2674 503 ὡς
2706 439 2873 494 παντὶ
2914 440 3013 510 μὲν
3058 442 3207 515 ἄλλῳ
3260 443 3456 516 καιρὸν
3508 441 3651 499 εἶναι

380 518 778 581 monumentum
805 525 977 581 prosa:
1020 526 1222 581 quoque
1272 512 1554 574 orationis,
1623 528 1686 564 en
1722 511 1959 565 subtexi-

380 594 499 651 mus
540 578 799 651 inetlitum
853 578 1091 648 ejusdem
1137 578 1434 637 sermonem
1495 581 1954 651 epithalamicum,

300 694 305 699 .
381 650 513 702 satis
540 648 856 722 elegantem,
887 651 951 707 de
981 670 1085 722 quo
1112 654 1262 708 docte
1281 664 1403 707 ante
1433 648 1532 707 hos
1563 669 1732 708 annos
1761 651 1958 722 pralo-

381 670 513 702 sam
540 670 856 714 elegantem.
887 670 951 707 ae
1017 670 1085 707 uo
1112 670 1262 708 aocte
1281 670 1403 707 ante
1433 670 1524 707 nos
1563 670 1732 708 annos
1761 670 1956 722 prmo-

381 729 533 773 cutus
564 719 667 791 fuit
706 720 849 789 apud
903 670 1087 779 Ga7los
1129 722 1202 780 cl.
1263 724 1500 779 'l'heilius
1557 725 1610 778 in
1674 723 1956 790 Excerptis

381 789 888 864 manus'criptorumi
928 795 1050 864 bibl.
1090 809 1198 863 reg.
1252 793 1317 848 Τ.
1377 793 1543 857 Vill,
1598 803 1743 864 part.
1804 789 1955 864 2,_p.

382 860 494 935 151
519 876 702 935 (supra
727 861 839 935 col.
872 858 1055 935 1060).
1090 858 1307 933 Nuptias
1344 864 1560 935 fuerunt
1597 858 1822 918 duorum
1845 858 1962 935 Cte-

380 932 521 985 saris
553 930 875 1006 Nicephori_
907 930 1233 1006 Bry’ennii'et
1277 930 1442 993 Annae
1482 937 1764 1006 Comitem:
1819 934 1960 1002 ﬁlio-

380 1014 529 1078 rum,
562 1003 808 1078 Alexiiet
841 1002 1066 1078 Joannis
1093 1005 1560 1078 (Xapttw-vtipoui.)
1610 1002 1831 1059 Videtur
1857 1021 1959 1078 au-

382 1078 486 1147 tem
509 1073 606 1125 hoc
627 1075 827 1141 pariter
848 1074 1148 1147 AProdromi
1196 1073 1456 1147 scriptum
1498 1073 1816 1147 Byzantina!
1853 1074 1963 1128 his-

383 1145 534 1198 toriae
568 1159 672 1198 non
696 1145 884 1201 inutile
914 1145 1314 1203 incrementum;
1361 1149 1487 1202 MAI.

342 1250 347 1257 '
381 1234 517 1291 ΚΝ.
556 1235 672 1291 Τοῦ
695 1240 888 1310 αὑτοῦ
919 1242 1426 1310 φιλοσοφωτάτου
1455 1240 1555 1294 καὶ
1588 1238 1960 1307 λογιωτάτου

454 1309 666 1381 κυρίου
701 1307 1005 1381 θεοδώρου
1033 1307 1163 1365 τοῦ⁷
1186 1312 1534 1380 Προδρόμου
1569 1310 1962 1381 ἐπιθαλάμιος

451 1376 726 1453 {cierat}
778 1376 1244 1453 εὐτυχεστάτου
1263 1376 1568 1451 Κάίσίιρος
1602 1377 1757 1447 υἱοῖς
1803 1380 1960 1453 (Cod-

450 1446 635 1503 Ottob.
671 1451 792 1506 Vat.
824 1446 962 1517 466,—
983 1452 1021 1508 1‘.
1056 1453 1146 1516 90,
1175 1452 1251 1517 ιι).

453 1543 523 1599 α’.
563 1543 783 1615 Ἐδὲησε
811 1547 907 1601 καὶ
938 1545 1143 1619 τριχῶν
1163 1548 1359 1618 αἰγίων
1390 1550 1457 1620 τῇ
1482 1547 1653 1602 πάλαι
1686 1562 1964 1617 σκηνοπη-

380 1635 497 1708 γίᾳ,
532 1637 751 1709 Καῖσαρ
786 1638 939 1710 σοφέ·
976 1638 1126 1694 ἄλλοι
1162 1640 1262 1711 μὲν
1311 1640 1424 1711 γὰρ
1467 1639 1649 1703 ἄλλοις
1693 1639 1803 1693 τῶν
1845 1639 1963 1692 ὀνο-

384 1727 571 1799 μάτων
619 1729 748 1793 τοὺς
803 1730 1015 1785 ἑαυτῶν
1043 1732 1465 1802 γνωριζέτωσαν
1510 1732 1825 1803 Καίσαρας,
1867 1732 1963 1784 καὶ

381 1823 478 1887 οὓς
519 1825 620 1895 μὲν
663 1827 776 1890 τοῖς
818 1824 1081 1894 Ἰουλίοις,
1113 1825 1205 1891 οὓς
1244 1826 1302 1880 δὲ
1328 1829 1440 1890 τοῖς
1475 1825 1834 1896 Αὑγούστοις,
1870 1826 1965 1879 καὶ

383 1915 577 1980 ἄλλους
632 1915 817 1982 ἄλλοις
862 1919 1364 1988 ἀποσαφείτωσαν·
1420 1919 1535 1988 ἐγὼ
1580 1919 1636 1973 δὲ
1686 1918 1777 1973 τὸν
1832 1918 1967 1991 ἐμὸν

385 2009 673 2064 θεσπέσιον
695 2011 956 2084 Καίσαρα
987 2012 1203 2086 μυρίοις
1231 2015 1327 2067 καὶ
1356 2012 1541 2078 ἄλλοις
1562 2011 1967 2084 ἀποσεμνύνειν

384 2103 525 2175 ἔχων
555 2103 812 2176 ὀνόμασι,
848 2106 925 2178 μὴ
954 2105 1048 2160 τοῦ
1087 2108 1378 2162 καλλίστου
1409 2107 1602 2163 τούτου
1643 2106 1737 2161 καὶ
1766 2108 1967 2183 οἰκειο-

384 2202 551 2257 τάτου
602 2200 1034 2275 ἀλλοτριώσαιμι
1068 2204 1162 2258 τοῦ
1194 2204 1382 2275 σοφοῦ.
1421 2205 1659 2275 Δεήσαις
1685 2199 1844 2276 οἶμαι
1873 2203 1969 2256 καὶ⁹

386 2298 488 2367 τῆς
533 2297 675 2368 ἐμῆς
718 2298 812 2352 τοῦ
852 2297 1017 2366 λόγου
1048 2302 1414 2372 συνεισφορᾶς
1452 2303 1519 2373 τῇ
1548 2301 1651 2371 τῆς
1681 2299 1830 2371 ἱεροῦ
1872 2316 1968 2354 σου

383 2390 494 2445 τῶν
522 2391 660 2447 υἱῶν
683 2391 978 2464 συνωρίδος
1006 2394 1264 2466 γαμηλίῳ
1288 2397 1665 2467 παστοπηγίᾳ.
1685 2394 1826 2450 Ἀλλ’
1851 2395 1971 2449 ἐκεῖ

390 2483 490 2557 μὲν
528 2484 847 2540 συνετέλουν
897 2503 950 2540 τι
981 2488 1076 2542 καὶ
1106 2489 1162 2547 αι
1194 2471 1405 2558 τρίχες,
1452 2488 1549 2542 καὶ
1597 2486 1798 2558 κόσμοι
1828 2481 1971 2561 ἦσαν

386 2577 488 2651 οὐκ
534 2578 752 2647 ἀγενεῖς
807 2576 886 2649 τῷ
931 2579 1402 2652 δημιουργήματιο
1445 2580 1684 2636 ἐνταῦθα
1740 2580 1798 2636 δὲ
1845 2579 1971 2635 οὔτε

389 2668 709 2734 συντελείας
753 2669 919 2725 ἕνεκα
967 2672 1000 2742 ἡ
1036 2672 1392 2743 συνεισφορὰ,
1440 2671 1566 2726 οὔτε
1618 2672 1831 2743 κόσμου
1861 2672 1971 2726 τῶν

388 2762 473 2832 ἐφ’
504 2756 585 2825 οἷς
616 2764 1057 2836 συνεισφέρεταιο
1089 2764 1177 2829 τίς
1207 2765 1309 2837 μὲν
1333 2762 1443 2836 γὰρ
1466 2770 1579 2830 τοῖς
1605 2767 1971 2836 αὑτοκύσμοις

390 2854 598 2923 κόσμος
627 2854 839 2926 γένοιτο
867 2859 964 2912 καὶ
988 2859 1313 2923 αὐτοκαλοις
1334 2875 1349 2925 ;
1371 2859 1456 2923 τίς
1477 2858 1535 2913 δὲ
1558 2862 1672 2925 τοῖς
1695 2858 1970 2914 ἀνενδεέσι

392 2948 712 3017 συντέλειας
747 2949 862 3003 ἀλλ’
899 2951 981 3014 εἰς
1012 2951 1240 3018 ἔνδειξιν
1280 2952 1382 3022 τῆς
1429 2952 1543 3006 τῶν
1588 2953 1975 3025 συνεισφερόν-

389 3060 497 3096 των
529 3042 763 3107 εὐνοίαςο
795 3044 844 3096 εἰ
868 3043 926 3097 δὲ
956 3044 1034 3117 μὴ
1075 3046 1219 3098 κατὰ
1249 3045 1348 3116 τὴν
1395 3047 1594 3119 κυρίαν
1615 3048 1717 3117 τῆς
1745 3047 1972 3115 τελετῆς

2060 531 2220 604 τίθης
2255 532 2686 604 ἁρμοδιώτατον,
2720 532 3030 604 Σολομῶντι
3060 535 3404 608 πειθόμενος.
3430 538 3460 592 ὁ
3486 539 3651 609 σοφδς

2058 622 2139 694 τῷ
2170 624 2340 695 σοφῷ,
2366 624 2511 696 λόγῳ
2537 624 2595 679 δὲ
2639 625 2786 698 μόνῳ
2811 627 2905 681 τὸν
2934 628 3176 692 ἅπαντα,
3204 629 3281 693 ὡς
3321 629 3461 699 μηδὲ
3495 631 3648 685 ἀντι-

2064 713 2314 783 μέτωπος
2375 716 2667 787 ἱστάμενος
2719 720 2839 782 τοῖς
2893 719 3133 791 ἐχθροῖς,
3193 721 3288 775 καὶ
3347 721 3441 775 τὸν
3501 721 3646 792 ἀέρα.

2062 803 2238 857 πνέων
2258 803 2368 858 τῶν
2383 806 2663 876 ὲρμαῖκῶν
2686 807 2928 879 χαρίτων
2944 811 3243 883 ὐπερορᾷν.
3263 809 3427 864 Ἀλλὰ
3455 812 3651 881 πρῶτα

2064 897 2165 966 μὲν
2193 896 2291 968 τὴν
2319 898 2684 973 εὐαγγελικὴν
2717 902 3122 975 ὑποστέλλομεν
3156 903 3479 975 παραϐολήν
3501 919 3514 934 ·
3551 902 3648 957 καὶ

2064 988 2228 1059 φόϐος
2259 988 2326 1060 μέ
2353 1007 2436 1054 τις
2462 991 2716 1046 ἐντεῦθεν
2742 992 3046 1066 ὑπέτρεχεν
3081 996 3184 1049 οὐκ
3215 994 3538 1064 ἀνεύλογος,
3569 999 3646 1065 μή

2064 1099 2169 1138 που
2205 1083 2387 1155 συμϐῇ
2427 1102 2528 1152 μου
2565 1084 2657 1139 τὸν
2686 1086 2865 1155 λόγον·
2898 1088 3041 1143 ὀκνῶ
3070 1089 3180 1160 γὰρ
3211 1090 3387 1143 εἰπεῖν
3420 1090 3515 1142 καὶ
3558 1088 3653 1141 τὸν

2062 1172 2159 1227 τοῦ
2183 1174 2343 1243 λόγου
2387 1176 2626 1249 πατέρα,
2669 1177 2757 1233 διὰ
2800 1179 2861 1233 τὸ
2895 1180 2973 1252 μὴ
3002 1182 3143 1237 κατὰ
3174 1182 3354 1253 γάμον
3387 1180 3651 1235 ἐστάλθαι

2064 1266 2411 1334 πολυτελῶς,
2454 1272 2643 1341 χεῖρας
2701 1271 2758 1325 δὲ
2810 1271 2971 1326 θέντα
3016 1274 3111 1326 καὶ
3162 1275 3364 1341 πόδας,
3417 1273 3651 1336 ἅστινας

2066 1378 2198 1415 ποτε
2230 1365 2416 1433 χεῖρα;
2449 1363 2663 1434 οἰητέον
2696 1360 2840 1419 εἶναι
2872 1364 3057 1432 λόγου,
3105 1365 3201 1419 καὶ
3230 1367 3400 1429 πόδας
3434 1364 3542 1432 ἔξω
3572 1366 3658 1436 ρι-

2067 1454 2232 1525 φῆναι
2261 1455 2360 1521 τῆς
2409 1456 2796 1528 πανηγύρεως·
2838 1455 3034 1510 ἔπειτα
3085 1457 3143 1510 δὲ
3180 1457 3292 1527 γὰρ
3343 1454 3665 1526 ἀποκρύψω

2067 1544 2126 1597 τδ
2178 1543 2371 1607 πάθος,
2405 1545 2502 1598 καὶ
2546 1543 2623 1613 τῷ
2657 1543 2883 1614 μεγέθει
2922 1545 3024 1614 τῆς
3075 1544 3275 1615 ἡδονῆς
3324 1543 3667 1616 ὑφῃροὺμην-

2068 1634 2244 1706 λάθρα
2266 1633 2360 1687 τοῦ
2382 1634 2546 1704 λόγου
2567 1634 2668 1705 τὴν
2696 1636 2948 1707 δύναμιν·
2974 1636 3121 1706 φιλεί
3142 1637 3199 1690 δὲ
3223 1638 3442 1700 πάντως
3467 1635 3618 1689 ὥσπε
3628 1654 3669 1706 ρ⁵

2070 1729 2217 1801 λύπη
2262 1727 2474 1800 βαθεῖα,
2524 1728 2700 1794 οὕτως
2754 1728 2949 1798 ἀμέλει
2992 1730 3088 1783 καὶ
3129 1731 3291 1801 ἡδονὴ
3340 1731 3522 1802 ψυχὴν
3566 1731 3660 1784 ἀν-

2070 1823 2352 1896 θρωπίνην
2376 1823 2734 1893 περιχυθεῖσα
2756 1825 2875 1903 ταῖς
2900 1822 2956 1876 ὲν
2981 1822 3121 1892 αὐτῇ
3143 1821 3387 1890 λογικαίς
3411 1821 3661 1892 ἐπηρεά-

2071 1914 2189 1982 ζειν
2225 1914 2517 1986 δυνάμεσι.

2142 2030 2207 2100 β’.
2238 2029 2425 2084 Ταῦτά
2459 2048 2551 2102 μοι
2578 2034 2677 2102 τῆς
2707 2030 3090 2103 ὑπερημερίας
3118 2030 3191 2084 τὰ
3226 2029 3380 2087 αἴτια
3406 2045 3418 2059 ·
3444 2028 3664 2091 τούτοις

2070 2120 2184 2190 ἐγὼ
2211 2121 2304 2175 τὸν
2343 2122 2472 2192 ἄχρι
2500 2120 2595 2175 νῦν
2622 2120 2860 2191 ὲσίγησα
2891 2121 3084 2192 χρόνον
3107 2137 3121 2152 ο
3151 2121 3336 2175 καίτοι
3366 2119 3492 2173 οὐδὲ
3517 2118 3681 2172 obsto-

2072 2213 2213 2269 πάνυ
2238 2210 2442 2284 ἔξωρος
2471 2213 2594 2283 ἥκω
2625 2215 2693 2284 τῇ
2721 2207 3036 2283 πανηγύρεί
3060 2232 3074 2246 ·
3130 2212 3390 2282 καθάπερ
3424 2211 3535 2282 γὰρ
3567 2211 3664 2264 ἐπὶ

2069 2305 2166 2361 τοῦ
2196 2305 2460 2377 αἰσθητοῦ
2494 2306 2649 2378 ἡλίου
2686 2307 2796 2362 είσὶ
2823 2305 2924 2378 μὲν
2950 2306 3007 2359 αἶ
3028 2306 3139 2367 τῶν
3171 2306 3411 2360 ἀκτίνων
3437 2302 3677 2359 ἀνατέλο

2068 2403 2187 2458 λειν
2223 2404 2520 2475 μέλλοντος
2541 2402 2714 2459 αὑτοῦ
2742 2401 3196 2475 προεξάλλονται,
3236 2402 3334 2458 καὶ
3362 2401 3476 2455 τῶν
3501 2400 3664 2472 ὡρῶν

2072 2497 2526 2569 ὑπερφαίνονται,
2568 2496 2666 2552 καὶ⁵
2693 2489 2807 2555 οἷον
2844 2497 3294 2569 παραγγέλλουσι
3340 2494 3436 2549 τὸν
3467 2494 3666 2553 ἀνατε-

2071 2591 2358 2662 λούμενονσ
2386 2592 2482 2646 καὶ
2511 2590 2928 2660 καταδυομένοιο
2963 2589 3154 2655 πάλιν,
3197 2589 3300 2660 οὐχ
3340 2588 3459 2659 ἅμα
3485 2590 3665 2642 πᾶσαι

2077 2684 2578 2754 συγκαταδύονται.
2607 2683 2723 2739 ἀλλ’
2757 2683 2908 2737 ἐστιν
2938 2683 3063 2738 ὅσαι
3098 2679 3196 2735 καὶ
3223 2680 3364 2751 ὑπὲρ
3391 2679 3497 2749 γῆς
3527 2679 3669 2732 ὐπο-

2073 2778 2377 2839 λείπονταισ
2408 2776 2553 2832 οὕτω
2581 2777 2676 2831 καὶ
2700 2775 2921 2831 ἐπὶτῶν
2944 2772 3245 2844 βασιλικῶν
3267 2773 3500 2826 τουτωνὶ
3525 2787 3686 2825 παν--

2074 2871 2366 2941 ηγύρεων,
2395 2868 2502 2922 eici
2556 2866 2661 2937 μὲν
2706 2866 2804 2922 καὶ
2852 2860 3308 2936 προπανηγύρεις
3353 2858 3522 2925 τινὲς,
3572 2858 3673 2910 καὶ⁸

2076 2958 2485 3031 προτελεστίαι.
2520 2959 2619 3013 καὶ
2658 2956 2768 3011 τῶν
2800 2955 3030 3028 ἑορτῶν,
3061 2952 3253 3024 ὥσπερ
3276 2952 3479 3016 εἰπεῖν,
3531 2964 3677 3019 προ-

2074 3052 2380 3122 εξάλματα·
2424 3051 2532 3104 εἰσὶ
2571 3049 2631 3103 δὲ
2676 3048 2830 3117 ὅμως
2878 3047 3089 3101 τούτων
3120 3045 3217 3099 καὶ
3246 3042 3691 3113 ὑπολείμματαμ

390 3136 829 3207 ἁπηντήκοιμεν,
863 3136 980 3191 ἀλλ’
1010 3138 1364 3210 ὑπερήμερος
1386 3143 1520 3211 ἡμῖν
1548 3142 1581 3212 ή
1616 3142 1973 3215 συνεισφορὰ,
2003 3153 2047 3212 c
2078 3138 2154 3202 ὦν
2187 3146 2250 3199 οὐ
2283 3144 2432 3200 πάνυ
2471 3142 2666 3212 πόρρω
2694 3141 2788 3195 καὶ
2818 3142 2847 3194 ὁ
2874 3140 3145 3211 ἡμέτερος
3168 3137 3463 3208 ἀπήντηκε
3486 3134 3669 3203 λόγος·

391 3226 696 3299 θαυμάζειν
740 3229 813 3282 0i!
849 3230 981 3302 χρή·
1017 3228 1144 3285 οὔτε
1185 3232 1295 3302 γὰρ
1330 3232 1422 3285 ὑπ’
1449 3233 1845 3306 ἀγνωμοσύνης
1874 3234 1975 3307 τὴν

390 3323 613 3394 τελετὴν
642 3326 1163 3397 κατεσιωπήσαμενο
1196 3325 1399 3398 ἦτίσιν
1432 3329 1638 3394 ἄλλοις,
1674 3333 1725 3384 εἰ
1752 3329 1828 3401 μὴ
1858 3332 1974 3397 τοῖς

392 3419 547 3488 κοινῇ
580 3434 640 3470 τε
667 3418 888 3473 πάντων
911 3418 1010 3471 καὶ
1038 3416 1196 3487 ἡμῶν
1222 3419 1404 3475 αὐτῶν
1432 3421 1539 3494 ἰδίᾳ
1562 3422 1857 3488 δεσπόταις
1878 3424 1974 3480 καὶ

394 3508 714 3579 εὐεργέταις
743 3510 1227 3581 εὐγνωμονοίημεν
1254 3530 1270 3578 ;
1293 3512 1413 3566 οὐδὲ
1440 3513 1520 3584 τῷ
1550 3514 1794 3582 νομίζειν
1815 3516 1974 3572 ἄλλον

398 3603 501 3671 μὲν
530 3603 751 3675 γάμοις,
795 3604 1194 3674 λογογραφίαις
1239 3604 1299 3658 δὲ
1340 3592 1975 3681 ἀλλον’ἁπονενεμῆσθαι

396 3744 870 3819 Χξίητιιοοᾱοτὶ
915 3745 1230 3819 Prodromi.
1261 3748 1583 3819 philosophi
1631 3749 1974 3819 doctissimi,

469 3816 928 3943 Epithalamium,
973 3816 1432 3876 fortunatis—simis
1460 3816 1822 3893 imperatoris
1848 3816 1982 3882 ﬁliis

511 3900 561 3942 ιο
590 3904 702 3943 um.

511 3900 702 3944 totum.

474 4025 528 4080 i.
564 4025 646 4079 Ad
704 4028 1145 4084 constructionem
1207 4031 1415 4101 antiqui
1474 4030 1807 4087 tabernaculi
1860 4032 1985 4105 pilis

406 4120 639 4191 caprinis
680 4135 812 4191 opus
852 4120 1152 4185 habebant,
1209 4121 1503 4193 imperator
1552 4124 1871 4180 doctissime.
1914 4125 1987 4181 Et

403 4227 533 4267 sane
586 4214 796 4283 expedit
850 4221 908 4267 ut
940 4213 1219 4269 Caesarum
1278 4215 1433 4269 modo
1492 4214 1783 4284 Iuliorum,
1832 4220 1987 4273 modo

407 4302 766 4376 Augustorum
800 4306 1019 4361 nomina
1077 4305 1430 4361 innotescunt.
1488 4305 1604 4379 Ego
1663 4317 1842 4365 autem
1895 4311 1987 4382 qui

406 4398 770 4453 venerandum
793 4414 964 4453 meum
988 4400 1366 4471 imperatorem
1396 4399 1642 4472 plurimis
1667 4404 1815 4458 novis
1843 4402 1985 4458 cele-

2084 3239 2181 3292 καὶ
2209 3235 2537 3307 ἀπαντήσας
2593 3232 2644 3287 τί
2680 3230 2802 3286 ποτ’
2832 3229 2943 3300 ἄρα
2990 3230 3087 3283 καὶ
3135 3228 3406 3299 χρήσαιτο
3454 3223 3677 3295 ἑαυτῷ,

2083 3329 2419 3402 ἀμφαγνοεϊ,
2444 3326 2541 3382 καὶ
2565 3324 2935 3395 διαπορεῖται,
2956 3321 3165 3392 πότερα
3184 3320 3277 3373 τὸν
3301 3317 3484 3388 γάμον
3506 3315 3675 3369 αὐτὸν

2082 3423 2521 3498 ἀρχαιολογήσας
2538 3419 2866 3491 ὑμνήσεται,
2889 3416 2922 3488 ἢ
2955 3415 3228 3487 πρότερον
3249 3414 3376 3481 τοὺς
3400 3409 3678 3483 νυμφίους

2082 3519 2192 3590 πρὸ
2213 3516 2307 3571 τοῦ
2344 3515 2524 3585 γάμου
2561 3510 2864 3584 προσείπῃ⁸
2909 3509 3004 3563 καὶ
3037 3506 3268 3578 ἄμεινόν
3296 3521 3362 3574 γε
3400 3504 3583 3577 κρίνει
3613 3502 3676 3555 τὸ

2085 3612 2366 3681 δεύτερον·
2400 3608 2464 3662 τὸ
2506 3607 2606 3679 μὲν
2628 3604 2742 3677 γὰρ
2771 3604 2867 3658 καὶ
2891 3602 3141 3674 μείζονος
3174 3600 3208 3671 ἢ
3243 3599 3389 3655 κατὰ
3413 3598 3477 3653 τὸ
3498 3595 3677 3670 παρὸν

2085 3752 2376 3811 concordia:
2401 3766 2604 3823 quoque
2635 3748 2895 3803 rationem
2934 3742 3144 3799 habebis
3182 3756 3302 3813 qua:
3348 3737 3466 3811 paci
3514 3737 3680 3791 sacri-

2092 3849 2259 3920 ficare
2311 3854 2360 3900 et
2409 3861 2564 3900 arma
2621 3842 2881 3913 deponere
2924 3837 3097 3908 jubet.
3157 3833 3267 3889 Sed
3306 3839 3430 3886 ante
3494 3830 3680 3889 omnia

2098 3937 2461 4010 evangelicum
2511 3939 2810 3988 statuamus
2858 3923 3198 4000 parabolam,
3252 3939 3370 3995 qua:
3398 3935 3584 3975 vereor
3614 3934 3680 3972 ne

2095 4034 2256 4110 plane
2279 4028 2598 4099 intelligam.
2621 4022 2845 4079 Pwnitet
2874 4022 3012 4076 enim
3042 4027 3247 4089 patrem
3264 4015 3489 4070 rationis
3512 4014 3682 4067 citare

2085 4108 2213 4199 quia
2241 4122 2441 4192 nuptiae
2481 4135 2586 4173 non
2617 4113 2929 4172 solentniter
2954 4117 3077 4165 sunt
3102 4108 3280 4179 facta,
3306 4114 3365 4160 ut
3397 4121 3587 4159 manus
3618 4120 3684 4157 ac

2083 4221 2240 4291 pedes
2258 4215 2410 4289 quasi
2444 4210 2668 4267 rationis
2711 4207 2883 4279 putati
2915 4202 2980 4258 ab
3015 4199 3361 4273 epithalamio
3390 4200 3684 4291 abjiceren-

2086 4322 2194 4368 tur.
2242 4308 2379 4365 Hinc
2439 4305 2579 4360 enim
2633 4300 2874 4356 morbum
2917 4294 3103 4350 celabo
3152 4302 3201 4347 et
3236 4310 3239 4311 '
3269 4293 3428 4364 effuso
3484 4290 3682 4363 gaudio

2086 4403 2310 4459 rationis
2341 4399 2446 4454 vim
2490 4394 2796 4450 declarabo.
2827 4389 2970 4445 Scito
3023 4399 3203 4442 autem
3248 4384 3387 4456 quod
3436 4383 3681 4454 voluptas

409 4488 673 4544 brandum
705 4490 870 4546 habeo
920 4493 1241 4558 nominibus,
1273 4509 1550 4563 nunquam
1580 4501 1761 4548 tamen
1830 4493 1894 4548 ab
1927 4511 1987 4550 eo
2022 4532 2066 4588 θ
2092 4512 2198 4566 qua
2237 4495 2417 4546 anima
2445 4488 2648 4543 imbuta
2676 4494 2774 4549 est,
2802 4496 2949 4554 argue
2979 4496 3041 4534 ac
3065 4493 3257 4533 maeror
3281 4475 3469 4548 logices
3495 4480 3699 4530 vincu--

407 4581 549 4654 quod
594 4585 847 4656 sapientis
878 4593 1062 4657 typum
1108 4585 1374 4655 significat
1406 4585 1710 4651 abscedam,
1741 4586 1796 4640 id
1831 4603 1993 4657 agens
2022 4581 2059 4588 ’⁷
2102 4586 2166 4642 lis
2193 4581 2543 4649 disturbatur.

408 4681 466 4727 ut
493 4674 633 4729 vocis
685 4691 816 4730 mea:
846 4690 1050 4746 organo
1092 4661 1591 4743 ﬁliorum'tuorum
1626 4676 1902 4747 sponsalia
1933 4691 1996 4729 ac

412 4767 627 4836 nuptias
654 4766 1013 4831 consolidem;
1061 4784 1164 4839 quo
1192 4768 1249 4822 in
1292 4765 1405 4821 loco
1431 4765 1529 4838 pili
1568 4767 1772 4838 aliquid
1794 4766 1996 4837 signiﬁ-

411 4859 602 4913 cabant
644 4872 811 4927 neque
840 4867 1153 4914 ornamento
1180 4857 1362 4929 aliquo
1396 4854 1795 4927 carebantﬂoc
1819 4866 1999 4913 autem

414 4956 526 5011 lo‘co
549 4955 720 5009 verbis
749 4970 853 5011 non
880 4970 1009 5024 opus
1049 4963 1126 5009 est
1155 4954 1225 5008 ad
1243 4954 1620 5026 perfectionem
1655 4952 2000 5022 proclaman-

280 5110 305 5121 _
413 5052 561 5104 dam.
620 5050 893 5115 Quomodo
948 5049 1090 5103 enim
1147 5054 1523 5103 ornamentum
1574 5047 1752 5117 ipsum
1801 5052 2000 5100 ornatu

415 5158 547 5210 opus
603 5143 797 5196 habeat
833 5147 928 5193 aut
961 5138 1078 5202 ipsa
1128 5137 1469 5208 pulchritudo
1525 5136 2001 5210 pulchrefacientla

411 5240 476 5293 sit
499 5240 526 5294 7
546 5236 627 5289 Διί
655 5232 783 5307 quid
805 5247 927 5304 ergo
949 5231 1198 5301 perfectio
1224 5231 1288 5287 iis
1313 5230 1502 5301 quibus
1520 5230 1655 5285 nihil
1683 5231 1872 5285 deest?
1900 5228 2005 5285 Sed

418 5333 573 5388 unice
606 5327 970 5384 benevolentia
1003 5324 1381 5381 contribulium
1418 5324 1739 5380 a’stimanda
1783 5333 1881 5378 est.
1914 5321 2006 5377 Nil

420 5428 616 5480 mirum
676 5421 868 5478 deinde
919 5420 965 5474 si
1041 5433 1146 5473 non
1202 5418 1344 5475 inter
1405 5419 1782 5489 mysteriorum
1848 5416 2006 5472 initia

421 5515 719 5581 adsumus;
754 5530 861 5570 non
892 5513 1033 5568 enim
1068 5511 1130 5565 ob
1173 5510 1542 5581 ignorantiam
1601 5510 1717 5581 ejus
1748 5511 1823 5565 rei
1859 5508 2008 5565 obliti

421 5625 629 5665 sumus.
656 5607 754 5664 Cui
774 5623 932 5679 porro
962 5607 1232 5677 faveamus
1261 5603 1363 5659 nisi
1383 5602 1806 5657 dominatoribus
1833 5600 2008 5673 publi-

2168 4675 2224 4731 2.
2273 4672 2448 4727 Habes
2483 4682 2702 4723 causam
2736 4682 2852 4736 qua:
2894 4662 3019 4735 fecit
3065 4669 3122 4741 ut
3156 4660 3368 4715 tardior
3408 4672 3575 4713 essem
3625 4656 3683 4709 in

2098 4768 2418 4841 pra’standis
2451 4764 2667 4835 ofﬁciis.
2703 4760 2992 4830 Hucusque
3029 4756 3158 4812 silui
3188 4755 3421 4825 quidem,
3447 4760 3683 4806 attamen

2101 4860 2245 4916 haud
2276 4861 2407 4914 adeo
2438 4857 2832 4928 intempestivus
2859 4852 2926 4908 ad
2955 4850 3248 4922 panegyrin
3289 4845 3501 4901 accedo.
3537 4842 3688 4898 Sicut

2104 4955 2241 5010 enim
2272 4969 2390 5008 cum
2419 4949 2501 5005 sol
2538 4952 2620 5004 hic
2655 4947 2877 5003 visibilis
2902 4947 2956 4998 in
2984 4959 3043 4997 eo
3068 4953 3147 4997 est
3186 4949 3244 4993 ut
3278 4939 3511 5001 oriatur,
3543 4935 3686 4989 radii

2106 5044 2443 5115 antesignani
2486 5042 2639 5096 illum
2683 5038 3023 5108 prteeedunt;
3078 5033 3169 5088 ubi
3218 5041 3397 5087 autent
3437 5044 3687 5086 occasum

2108 5156 2288 5196 versus
2332 5138 2517 5207 vergit.
2562 5133 2707 5188 radii
2751 5132 2804 5186 in
2845 5127 3120 5199 superficie
3183 5134 3339 5179 terra:
3389 5132 3691 5179 remanent;

2110 5235 2187 5290 sic
2214 5234 2269 5287 in
2284 5228 2662 5302 festivitatibus
2689 5222 2846 5296 regiis
2865 5221 3126 5292 proaemia
3146 5214 3416 5286 festivalia
3441 5225 3693 5283 magnam

2109 5322 2403 5395 panegyrin
2442 5315 2758 5373 antecedunt
2795 5319 2847 5367 et
2876 5310 3034 5383 quasi
3071 5306 3259 5361 saltim
3307 5303 3693 5395 introducunt

2110 5386 2202 5469 sed
2222 5386 2381 5467 etiam
2420 5406 2700 5480 postmmia
2743 5404 2837 5473 (sit
2875 5402 3026 5457 venia
3068 5396 3246 5468 verbo)
3288 5399 3606 5466 sequuntur,
3639 5386 3702 5439 id

2113 5505 2252 5579 quod
2286 5505 2351 5559 de
2374 5512 2563 5561 nostra
2595 5500 2840 5555 oratione
2872 5496 2979 5551 dici
3003 5501 3195 5565 potest,
3215 5503 3335 5561 qua:
3356 5487 3449 5538 diu
3480 5483 3697 5579 Itazsita-

2113 5599 2202 5651 bat
2235 5606 2417 5651 utrum
2439 5595 2654 5662 nuptias
2688 5592 2909 5663 antiquo
2944 5603 3088 5642 more
3135 5582 3374 5638 carmine
3399 5577 3733 5667 perlustra-ﬁ

423 5704 498 5756 eis
526 5716 590 5756 ac
624 5670 1080 5771 benefactoribusi'
1105 5695 1165 5753 Si
1193 5694 1381 5752 deinde
1398 5711 1517 5750 cum
1552 5670 1842 5750 Salomone
1862 5692 2011 5748 aliud
2117 5698 2221 5759 ret,
2270 5697 2364 5745 aut
2397 5702 2618 5757 sponsos
2653 5694 2777 5741 ante
2818 5682 3130 5752 nuptiarum
3165 5670 3702 5771 festuntnalloquene-

424 5806 629 5869 tempus
654 5794 810 5853 uxori
834 5793 1109 5862 ducendas,
1132 5790 1282 5853 aliud
1311 5789 1460 5847 libris
1486 5788 1773 5846 scribendis
1798 5787 2006 5856 tribuis,

2120 5791 2229 5853 tur,
2267 5779 2405 5853 quod
2438 5778 2644 5850 quidem
2675 5777 2941 5848 posterius
2970 5772 3132 5832 etiam
3164 5768 3311 5843 fecit.
3349 5763 3524 5821 Unum
3558 5760 3699 5817 enim
