4078 6416
425 330 563 397 1399

424 453 803 518 πραγματείας
833 469 846 482 ο

423 545 679 617 συνιστᾷν
707 544 1005 618 πειρᾶσθαι
1030 546 1122 600 τὸν
1146 547 1344 617 γάμον,
1373 548 1466 601 καὶ
1493 548 1674 616 φύσει,
1697 551 1794 603 καὶ
1825 550 1997 621 νόμῳ,

425 637 516 689 καὶ
542 637 721 706 χρόνῳ
752 638 1163 707 κεκυρωμένον·
1193 638 1255 692 τὸ
1286 638 1366 703 δὲ,
1416 640 1512 692 καὶ
1545 640 1707 694 τοῦτο
1734 640 1833 708 μὲν
1861 639 2001 709 ὑψη-

424 735 641 800 λότερον
695 729 728 800 ἢ
780 729 922 783 κατὰ
964 730 1358 814 τὸν-ἡμέτερον
1387 731 1576 801 λόγον·
1610 734 1912 799 ἀναγκαῖον
1945 732 2000 785 δὲ

424 820 571 890 ὅμως
607 817 700 871 καὶ
725 818 823 888 τῆς
845 817 973 888 ὅλης
998 818 1075 880 ὡς
1112 819 1290 871 εἰπεῖν
1315 819 1509 888 ἑορτῆς
1545 818 1608 871 τδ
1642 817 1957 885 κεφάλαιον.

493 907 565 977 γ’.
586 908 902 979 Προσφωνῶ
931 926 991 962 σε
1012 910 1215 973 τοίνυν,
1252 908 1446 976 ζεῦγος
1468 908 1560 976 ὑφ’
1584 911 1663 962 ἐνὶ
1695 910 1794 979 μὲν
1831 912 2002 979 προῦ-

1617 340 2017 403 THEODORI
2054 344 2461 408 PRODROMI
3332 345 3373 361 “

3550 339 3691 407 1400

892 453 985 506 καὶ
1024 453 1201 518 ἄλλως
1249 455 1349 515 οὐκ
1411 456 1711 523 ἀναγκαῖον
1757 459 1991 526 πρᾶγμα
2023 463 2063 518 Α
2096 460 2224 529 ὃλην
2257 459 2683 530 πλουτήσαντες,
2713 459 2808 514 καὶ
2833 459 2895 512 τὸ
2923 459 3087 530 μέχρι
3117 458 3212 512 νῦν
3240 457 3299 512 ὲν
3331 455 3548 527 ἀπίστῳ
3572 458 3692 510 κεί-

2106 571 2289 623 μενον,
2331 554 2412 616 εἰς
2444 553 2541 607 ἕνα
2575 553 2644 606 τὰ
2676 552 2853 606 πάντα
2880 551 3155 606 συνελθεῖν
3185 549 3388 621 ἀγαθὰ,
3416 551 3532 612 τοῖς
3561 548 3686 602 καθ’

2104 646 2324 708 ἑαυτοῖς
2354 644 2784 713 πιστωσάμενοι.

2175 737 2235 792 δ’.
2267 738 2379 791 Καὶ
2409 738 2457 790 εἰ
2486 736 2731 807 βούλοιτό
2749 754 2856 800 τις,
2879 735 2975 789 ἀπ’
3006 735 3161 788 ὲνίων
3189 735 3320 803 γοῦν
3348 733 3689 805 παχυμερῶς

2105 830 2196 883 καὶ
2228 829 2602 900 ὲπιδρομάδην
2628 830 2687 882 τὸ
2716 827 2978 897 εὔδαιμον
3011 825 3353 897 ἐπιδείξομαι
3403 827 3515 881 τῶν
3547 843 3691 891 νυμο

2104 921 2245 987 φίων
2272 938 2285 952 ·
2320 922 2395 982 ῶς
2436 924 2484 975 εί
2517 922 2590 992 μὴ
2619 921 2814 991 πόρῤω
2845 923 2945 990 τῆς
2976 920 3334 990 γαμηλιακῆς
3363 921 3423 973 τὸ
3453 920 3687 988 πρᾶγμα

424 1001 798 1073 πεζευγμένον
840 1001 992 1074 ξυγῷ
1043 1002 1121 1073 τῷ
1153 1004 1255 1071 τῆς
1307 1001 1668 1071 ἀδελφότητος
1692 1021 1704 1033 “
1750 1003 1855 1055 ὑπὸ
1881 1002 2001 1055 δυσὶ
2101 1008 2170 1083 ἦν
2200 1011 2598 1083 πανηγύρεως·
2641 1012 2752 1066 οὐδ’
2798 1013 2865 1067 ἂν
2913 1014 3024 1066 τῶν
3056 1011 3316 1066 ἁπάντων
3372 1011 3445 1075 ὡς
3486 1006 3598 1071 οἶός
3628 1026 3689 1062 τε

424 1096 477 1148 δὲ
509 1095 634 1167 ἄρτι
684 1096 796 1158 τοῖς
839 1094 1127 1166 γαμηλίοις
1163 1093 1494 1164 μεταξυγὲν,
1554 1094 1731 1163 καλῆς
1784 1094 2002 1148 καλλιε-

425 1186 576 1239 λαίου
601 1186 743 1240 καλὰ
761 1188 1025 1255 νεόφυτα,
1050 1186 1112 1239 οὐ
1155 1185 1361 1255 μᾶλλον
1387 1186 1615 1256 ἀδελφοὶ
1645 1186 1743 1258 τὴν
1775 1187 1937 1256 φύσιν
1968 1186 2000 1258 ἦ

425 1280 483 1331 τὸ
512 1272 667 1348 ἦθος,
718 1277 836 1331 οὐδὲ
865 1276 1070 1347 μᾶλλον
1111 1277 1171 1329 τὸ
1207 1272 1340 1349 ἦθος
1368 1277 1400 1347 ἢ
1424 1277 1521 1334 τὰς
1549 1277 1745 1340 λοιπὰς
1770 1278 2001 1349 χάριτας

425 1370 531 1423 τῶν
554 1364 629 1424 ὧν
652 1367 977 1439 ὲξώρμησθε
1010 1368 1310 1440 σκήπτρων
1346 1368 1570 1436 εὐφυεῖς
1594 1387 1660 1439 με
1672 1371 1870 1440 ρισταὶ,
1906 1370 2004 1424 καὶ

425 1463 484 1514 τὸ
512 1462 713 1514 οἰκεῖον
752 1459 918 1529 λάχος
949 1460 1214 1530 ἑκάτερος
1243 1460 1339 1532 οὐχ
1366 1455 1533 1533 ἦττον
1571 1463 1681 1524 τοῖς
1707 1460 1928 1533 τρόποις
1967 1463 1999 1534 ἢ

426 1556 544 1615 ταῖς
593 1553 934 1623 ἐπωνυμίαις
986 1554 1377 1623 πιστούμενοι’
1432 1554 1495 1608 σὺ
1520 1554 1575 1607 δὲ
1618 1554 2001 1626 ὁδραστῇριος

426 1645 571 1713 νοῦς,
618 1647 902 1717 Ἀλέξιε,ή
953 1647 1094 1717 καλὴ
1141 1647 1356 1719 νεότης,
1408 1649 1441 1719 ἡ
1485 1648 1647 1703 πολιὰ
1681 1649 1917 1713 σύνεσις,
1945 1648 2004 1702 τὸ

426 1733 527 1802 τῆς
552 1734 657 1788 τῶν
697 1733 980 1806 προγόνων
1007 1739 1176 1807 τύχης
1204 1734 1355 1802 ἄξιον
1385 1737 1555 1800 ὐντως
1584 1737 1937 1810 κατάστημα,
1975 1740 2003 1791 ό

425 1828 517 1879 τὸν
541 1825 765 1880 πάππον
792 1827 915 1881 ὅλον
942 1827 1036 1881 καὶ
1069 1828 1297 1899 βασιλέα
1322 1831 1430 1891 τοῖς
1453 1827 1609 1899 ῆθεσι
1635 1828 1839 1898 μᾶλλον
1866 1828 1899 1900 ἢ
1928 1828 2006 1900 τῷ

427 1918 693 1990 Κομνηνῷ
726 1918 818 1974 καὶ⁹
847 1918 925 1992 τῷ
962 1920 1182 1992 Ἀλεξίῳ
1216 1921 1397 1986 ζῶντα
1421 1921 1773 1992 παριστάνων
1793 1923 1851 1976 ὲν
1878 1924 2007 1976 ἑαυ-

425 2013 524 2085 τῷ,
563 2016 657 2069 καὶ
695 2012 1057 2086 πιστούμενος
1079 2016 1143 2069 ἐκ
1176 2014 1288 2068 τῶν
1321 2014 1463 2069 κατὰ
1485 2014 1546 2068 σὲ
1577 2017 1679 2087 τῆς
1701 2016 1810 2070 τῶν
1832 2014 2005 2071 ὲθνῶν

424 2105 676 2176 διαδοχῆς
713 2105 775 2158 τὸ
810 2105 1143 2177 μυστήριον
1180 2107 1230 2158 εἰ
1270 2108 1382 2178 γάρ
1418 2123 1501 2171 τις
1541 2106 1837 2161 καὶταῦτα
1874 2123 2005 2176 συγ-

427 2199 673 2271 χωρήσει
709 2197 788 2270 τῷ
811 2198 969 2269 μύθῳ
998 2198 1322 2271 ἀνθρώπους
1348 2200 1483 2255 ποτὲ
1509 2200 1764 2270 γενέσθαι
1793 2201 1862 2256 τὰ
1905 2202 2004 2273 μὲν

429 2292 570 2362 μέλη
611 2288 709 2346 τοῦ
740 2291 994 2363 σώματος
1027 2309 1132 2347 κα.
1158 2334 1169 2347 .
1196 2336 1208 2350 .
1236 2293 1431 2366 ἅτερον
1455 2294 1513 2348 δὲ
1532 2294 1643 2349 τῶν
1674 2295 1842 2366 ὤμων
1886 2297 2006 2350 ὲλε·
2060 2306 2069 2309 ’

427 2385 825 2457 φαντίνα,,καὶ
874 2387 1145 2456 προγόνου
1192 2386 1358 2441 πόθεν
1419 2387 1765 2460 φυσιωθῆνάι
1808 2391 1920 2455 τοῖς
1945 2391 2004 2458 ἐξ

426 2477 596 2533 αὐτοῦ
615 2480 681 2551 τῇ
709 2478 950 2550 διαδοχῇ,
982 2478 1079 2532 καὶ
1107 2476 1251 2532 οὕτω
1287 2479 1453 2533 πάλιν
1476 2479 1545 2533 τὰ
1577 2481 1700 2535 καθ’
1727 2483 1876 2551 ἡμᾶς
1896 2481 2003 2536 τῶν

428 2571 820 2641 μυθευομένων
872 2568 1052 2640 πολλῷ
1096 2569 1176 2640 τῷ
1242 2571 1493 2641 περιόντι
1552 2572 2001 2644 θαυμασιώτερα,

424 2665 552 2719 ὅσον
577 2664 678 2717 οὐκ
710 2664 774 2717 ἐκ
807 2663 1007 2734 μέρους
1056 2663 1174 2727 ἐνὸς
1203 2663 1300 2717 καὶ
1357 2664 1550 2718 τούτου
1592 2666 1911 2735 σωματικοῦ
1944 2668 2006 2720 τδ

424 2759 588 2824 γένος
616 2754 962 2825 πιστούμεθα
982 2797 998 2822 ,
1032 2755 1151 2809 ἀλλ’
1179 2755 1245 2810 ἐκ
1266 2773 1325 2810 τε
1352 2756 1476 2810 ὅλου
1506 2757 1603 2810 τοῦ
1636 2756 1910 2828 σώματος,
1941 2758 2005 2814 ἔκ

423 2865 485 2902 τε
520 2848 632 2902 τῶν
682 2847 937 2920 ψυχικῶν
993 2850 1223 2904 ἁπασῶν
1273 2850 1610 2904 διαθέσεων..
1651 2852 1763 2906 Καὶ
1803 2852 1867 2905 σὺ
1900 2852 2007 2908 δὲό

424 2943 527 3012 τῆς
559 2941 833 3012 Δουκικῆς
872 2942 1032 3013 ῥίζης
1081 2942 1262 3014 ὄρπηξ
1293 2944 1322 2996 ό
1357 2942 1782 3014 Χαριτώνυμος,
1815 2945 1878 2999 τὸ
1906 2945 2007 3016 τῆς

423 3032 576 3106 ὥρας
605 3033 792 3098 ἄνθος,
838 3035 898 3087 τὸ
924 3035 1024 3105 τῆς
1060 3036 1313 3108 νεότητος
1340 3037 1589 3107 ἄγαλμα,
1639 3036 1699 3093 ὃν
1728 3037 1827 3092 οὐκ
1856 3038 2006 3092 ἔστιν

423 3128 513 3181 ὅτε
551 3125 674 3180 ἰδὼν
694 3127 793 3181 οὐκ
834 3126 1047 3182 ἐκείνου
1074 3129 1169 3181 τοῦ
1206 3130 1448 3198 ἀμέτρου
1492 3129 1635 3184 κατὰ
1663 3130 1789 3185 νοῦν
1816 3131 2006 3186 ἐϐαλό-

427 3238 560 3291 μην,
595 3220 679 3286 τδ,
715 3223 870 3275 ποῖον
903 3221 1050 3291 ἐρεῖς
1076 3222 1137 3274 τὸ
1164 3223 1380 3293 πρῶτον
1401 3216 1542 3287 εἶδος
1572 3223 1723 3290 ἄξιον
1749 3225 2007 3296 τυραννί-

423 3312 516 3377 δος
543 3313 988 3385 ἅποκρινοῦμαις
1035 3316 1274 3388 Χαίρετε
1311 3316 1408 3369 καὶ
1445 3317 1643 3381 κοινῶς
1686 3316 1855 3387 ἄμφω
1909 3317 2005 3371 καὶ

427 3405 536 3478 ιδίᾳ
590 3409 853 3481 ἑκάτερος
908 3410 958 3464 oi
995 3413 1095 3481 τὴν
1148 3408 1593 3481 πολυθρύλλητον
1648 3410 2004 3479 εὐδαιμονίαν

424 3583 590 3639 genus
629 3567 874 3635 superius
921 3575 998 3622 est
1029 3568 1416 3622 conuersationi
1458 3577 1690 3632 nostris;
1718 3585 1781 3623 ne
1824 3568 2000 3625 dicam

424 3659 569 3730 quod
612 3658 814 3729 nuptitn
859 3667 1079 3722 natura,
1130 3658 1260 3729 lege,
1314 3644 1611 3713 conditione
1654 3661 2002 3727 proclamataz

425 3749 728 3818 defensione
767 3764 896 3819 opus
937 3765 1039 3805 non
1081 3751 1310 3815 habent;
1352 3750 1577 3805 alterum
1620 3753 1761 3808 vocis
1806 3762 2004 3808 nostra:

425 3851 631 3899 statum
677 3852 928 3912 superat;
970 3844 1063 3898 sed
1105 3845 1169 3898 de
1199 3844 1362 3898 totius
1410 3842 1531 3912 festi
1570 3859 1776 3897 summa
1823 3843 2001 3914 aliqua

426 3935 602 3997 dicere
639 3935 695 3989 in
733 3944 984 4004 promptu
1021 3944 1124 3990 est.

502 4029 556 4083 5.
598 4028 679 4082 Ad
713 4044 804 4083 vos
841 4028 1026 4099 igitur,
1056 4043 1157 4096 par
1184 4027 1356 4082 nobile
1377 4026 1633 4097 fratrum,
1678 4029 1768 4099 qui
1809 4027 2006 4094 frater-

428 4120 618 4175 nitatis
642 4120 774 4190 jugo
804 4128 852 4174 et
880 4119 1132 4174 connubii
1158 4118 1380 4176 vinculis
1412 4124 1623 4190 utrique
1662 4121 1823 4175 vincti
1852 4122 2004 4185 estis,

430 4215 569 4273 rami
590 4214 741 4267 oliva:
769 4211 980 4277 novelli,
1011 4211 1205 4281 fratres
1231 4227 1337 4266 non
1370 4210 1540 4280 magis
1572 4212 1827 4282 sanguine
1846 4227 2005 4281 quam

428 4310 665 4364 moribus
711 4325 772 4363 ac
810 4309 1028 4379 reliquis
1063 4307 1259 4362 indolis
1306 4306 1544 4368 dntibus,
1571 4323 1688 4378 qua:
1739 4323 1824 4361 vos
1873 4306 2007 4360 solio

430 4403 575 4479 regio
602 4412 648 4456 et
677 4401 775 4456 illa
797 4417 916 4472 qua:
941 4401 1183 4469 familias
1230 4402 1481 4455 honestas
1512 4400 1679 4462 decet,
1712 4399 2003 4456 domestica

426 4494 784 4563 prosperitate
835 4494 1022 4563 dignos
1077 4490 1270 4546 reddit.
1316 4490 1388 4545 Et
1446 4501 1501 4545 tu
1539 4492 1777 4562 quidem,
1828 4489 2001 4554 Alexi,

430 4587 742 4646 adolescens
767 4587 1004 4652 corporis
1048 4584 1568 4656 pulchritudine,uir
1590 4584 1789 4654 ingenii
1827 4593 2007 4637 matu-
2040 4572 2085 4628 Ι)

429 4682 610 4746 ritate,
636 4694 794 4748 nepos
818 4676 1081 4746 majorum
1116 4674 1429 4748 dignissime
1463 4676 1702 4748 fortuna,
1732 4677 1822 4747 qui
1851 4691 2003 4729 avum

427 4776 904 4840 imperatoremque
961 4767 1207 4824 Aleaium
1249 4761 1582 4824 Comnenum
1631 4768 1776 4822 vivus
1818 4781 2011 4836 γεννω-

428 4875 608 4920 sentas
648 4863 838 4934 quique
874 4870 948 4917 tot
978 4861 1298 4930 populorum
1330 4860 1387 4915 in
1414 4876 1573 4928 regno
1608 4875 1883 4914 successor
1919 4857 2008 4912 di-

428 4976 562 5029 gnus
589 4956 823 5020 haberis,
857 4956 1078 5010 salveto.
1106 4951 1166 5009 Si
1208 4952 1411 5024 fabula:
1433 4952 1591 5022 ﬁdem
1628 4952 1816 5005 habere
1852 4949 2010 5006 volu-

427 5068 544 5104 mus
577 5066 692 5121 qua:
715 5049 952 5103 homines
984 5055 1173 5101 narrat
1203 5046 1374 5116 fuisse
1399 5060 1626 5116 quorum
1654 5045 1790 5098 alter
1822 5043 2011 5097 hume-

429 5160 523 5197 rus
551 5141 921 5213 eleplmntinus
957 5139 1143 5207 fuerit,
1169 5153 1481 5209 corporeum
1510 5137 1638 5207 quid
1681 5136 1777 5190 hoc
1818 5134 2011 5200 habet;

431 5244 487 5288 tu
519 5244 697 5295 autem
730 5234 950 5290 virtutis
981 5233 1252 5303 majorum
1286 5231 1453 5285 hwres
1496 5228 1756 5299 majorem
1797 5244 1858 5282 eo
1892 5227 2012 5296 ipso

428 5327 846 5383 admirationem
872 5327 1102 5392 excitae,
1126 5322 1267 5396 quod
1295 5323 1577 5392 spirituale
1616 5321 1746 5393 quid
1774 5322 1869 5375 hoc
1900 5336 2011 5392 prie

429 5433 484 5469 se
508 5415 610 5484 fert
632 5426 681 5471 et
706 5418 916 5472 animos
937 5425 1125 5471 movet.
1152 5414 1224 5471 Te
1250 5429 1457 5485 quoque
1479 5413 1683 5468 salvum
1703 5430 1814 5469 esse
1825 5413 2010 5482 jubeo,

430 5507 685 5564 Ductena:
726 5509 950 5579 familia:
996 5509 1227 5573 soboles,
1264 5506 1664 5577 Charitonyme,
1704 5509 2001 5562 venustatis

432 5600 556 5666 λος,
595 5600 965 5655 adolescentia:
1013 5609 1202 5670 typus,
1252 5598 1404 5669 cujus
1437 5598 1554 5654 sola
1597 5602 1772 5665 forma
1815 5598 2011 5655 celsam

432 5708 584 5749 suam
618 5695 944 5747 vocationem
983 5692 1273 5745 annuntiat
1303 5700 1353 5745 et
1385 5690 1455 5744 ad
1501 5688 1746 5743 thronum
1785 5691 2012 5746 evectio-

435 5801 553 5839 nem
576 5784 881 5854 justi/ient!
930 5783 1137 5839 Salvete
1180 5782 1336 5840 ambo
1384 5785 1473 5856 qui
1495 5800 1593 5853 pro
1638 5800 1739 5837 sua
1782 5784 2013 5854 quisque

436 5886 587 5935 parte
609 5886 657 5933 et
686 5877 742 5932 in
779 5891 1052 5932 commune
1072 5883 1281 5930 natura:
1317 5892 1378 5929 ac
1404 5875 1634 5932 fortuna:
1662 5874 1842 5941 fauore
1876 5874 2013 5945 frui-

2104 1101 2174 1176 ἧν
2236 1105 2566 1176 ἐφεισάμην.
2629 1104 2734 1159 Δύο
2767 1104 2869 1175 μὲν
2902 1103 2996 1157 οῦν
3048 1104 3224 1175 ἤστην
3267 1102 3523 1172 σκῆπτρα
3562 1101 3698 1153 Ῥω·
3808 1098 3817 1103 ’

2110 1198 2291 1267 μαίοις
2318 1198 2569 1268 ἀλλήλοις
2591 1198 2754 1252 καλὸν
2788 1182 3208 1264 ἀνταυγάζοντα
3234 1211 3247 1227 ⁸
3282 1195 3344 1248 τὸ
3377 1194 3475 1264 μὲν
3503 1191 3691 1262 μικρῷ

2109 1292 2372 1361 πρότερον
2423 1290 2484 1343 τὸ
2540 1289 2846 1362 Κομνηνδν.
2884 1288 2948 1341 τὸ
3004 1285 3051 1340 δ’
3109 1286 3271 1343 εὐθὺς
3314 1285 3471 1356 παρὰ
3519 1286 3691 1347 πόδας

2109 1381 2319 1435 ἐκείνου
2360 1382 2421 1435 τὸ
2481 1381 2765 1445 Δουκικδν,
2827 1380 2997 1452 ἄμφω
3049 1379 3252 1451 εὐτυχῆ
3282 1378 3375 1432 καὶ
3406 1378 3686 1445 περιφανῆ

2109 1477 2206 1528 καὶ
2239 1474 2512 1545 κοσμικῆς
2561 1474 2764 1544 ἀρετῆς
2795 1474 2896 1529 οὐκ
2930 1460 3124 1538 ἀνάξια
3145 1488 3161 1506 ·
3218 1466 3364 1526 κᾶτα
3399 1468 3601 1546 ὥσπερ,
3627 1470 3689 1521 ὲκ

2112 1566 2436 1636 συμφωνίας
2479 1564 2905 1637 συνεληλυθέτην
2954 1566 3037 1628 είς
3066 1564 3124 1619 ἓν
3155 1564 3338 1633 πολλῴ
3388 1564 3688 1631 φανότερον

2112 1661 2204 1713 καὶ
2248 1659 2633 1730 λαμπρότερον
2662 1657 2822 1712 τοῦτο
2862 1658 2926 1729 δὴ
2948 1657 3009 1711 τὸ
3044 1644 3560 1728 Κομνηνοδουκικδν
3595 1653 3694 1707 καὶ

2111 1752 2395 1807 παππικδν
2435 1754 2550 1808 τοῖν
2602 1750 2884 1821 νυμφίοιν.
2935 1748 3379 1821 Ἀναμνήσθητε,
3411 1741 3456 1800 ὦ
3483 1745 3692 1815 παρόν-

2108 1863 2221 1911 τες,
2253 1846 2349 1915 τῆς
2384 1845 2766 1917 Ἀλεξιακικῆς
2800 1845 3085 1913 ἐξουσίας·
3119 1842 3261 1914 πλὴν
3291 1840 3409 1895 ἀλλ’
3435 1841 3585 1902 ὅπως
3612 1838 3690 1909 μὴ

2108 1937 2203 1993 τοῦ
2229 1938 2410 2007 γάμου
2442 1936 2919 2015 καταδακρύσητε,
2943 1934 3290 2005 ἐνθυμήθητε
3316 1931 3415 2002 τὴν
3446 1932 3501 1983 ὲν
3537 1930 3691 1998 εἰρή-

2108 2046 2176 2103 νῃ
2210 2017 2472 2099 εὐνομίαν
2505 2028 2747 2099 ἐκείνην,
2793 2028 2896 2091 τὰς
2945 2028 3006 2080 ἐν
3057 2026 3264 2096 μάχαις
3297 2021 3692 2094 ἀνδραγαθίας,

2110 2121 2407 2176 ἀστενακτὶ
2440 2122 2562 2193 μὲν,
2589 2115 2634 2174 ὦ
2670 2120 2819 2191 ἱεραὶ
2846 2118 3141 2190 βασιλίδες,
3186 2115 3490 2171 άστιενακτῖ⁵
3516 2114 3697 2181 φειδοῖ

2107 2214 2208 2283 τῆς
2237 2212 2410 2286 καλῆς
2442 2212 2814 2284 πανηγύρεως
2837 2227 2853 2242 ο
2885 2209 3284 2282 ὐπομνήσθητε
3311 2210 3412 2279 τῆς
3443 2206 3693 2278 πραότη-

2108 2322 2199 2368 τος
2233 2304 2471 2377 ἐκείνης,
2504 2305 2608 2374 τῆς
2657 2303 2986 2366 εὐσταθείας
3014 2342 3028 2363 ,
3059 2301 3163 2370 τῆς
3195 2301 3392 2372 λοιπῆς
3442 2300 3690 2371 χάριτος.

2131 2398 2297 2453 Ἀλλὰ
2328 2398 2382 2450 τί
2409 2397 2605 2466 τοῦτο;
2642 2395 2975 2467 σκυθρωπὴν
2998 2394 3093 2448 ἐπὶ
3119 2392 3337 2456 τούτοις
3368 2391 3468 2461 τὴν
3494 2408 3694 2460 γερου-

2112 2490 2235 2543 σίαν
2256 2489 2367 2560 δρῶ
2392 2506 2406 2519 ·
2455 2489 2756 2558 ἀνάμεινον
2780 2486 2876 2542 οὖν
2905 2486 3119 2557 κόσμον
3168 2484 3332 2538 ἄλλον
3362 2485 3566 2545 ἀεῖσαι,
3596 2482 3694 2534 καὶ

2111 2568 2522 2653 ῆδηὰείδομιν.
2560 2580 2733 2635 Ἴδετέ
2758 2597 2850 2650 μοι
2878 2578 2980 2650 τὴν
3010 2578 3165 2649 ἱερὰν
3188 2577 3418 2648 ταυτηνὶ
3443 2574 3693 2647 βασιλίδα

2108 2676 2208 2746 τὴν
2239 2673 2568 2744 φερώνυμον
2607 2671 2868 2742 Είρηνην,
2901 2669 2995 2724 τὸν
3024 2668 3288 2722 Δουκικδν
3314 2668 3559 2737 ὅρπηκα,
3589 2664 3691 2734 τὴν

2109 2768 2264 2823 οὐδὲν
2291 2761 2455 2839 ἦττον
2481 2765 2590 2822 τῶν
2621 2765 2762 2819 ὅλων
2803 2761 3094 2833 Ῥωμαίων
3115 2761 3470 2831 κρατήσασαν
3496 2774 3511 2789 ’
3535 2756 3690 2823 εὖγε,

2109 2859 2326 2930 διεχέθη
2380 2858 2490 2928 γάρ
2536 2875 2626 2928 μοι
2654 2855 2818 2910 πάλιν
2872 2854 2973 2921 τὰς
2998 2851 3272 2924 ψυχὰςτδ
3322 2850 3691 2920 ἀκροάτερον.

2114 2952 2284 3006 Ἴδετε
2306 2950 2405 3021 τὴν
2422 2951 2580 3021 χεῖρα
2601 2949 2829 3019 ταύτην,
2849 2941 2917 3020 ἦς
2937 2946 3027 3001 ἀεὶ
3051 2943 3340 3017 πειρᾶσθε,
3362 2941 3460 2996 καὶ
3484 2937 3689 3010 πειρώ-

2118 3043 2259 3116 μεθα
2295 3041 2703 3103 πλουτοδότιδος
2754 3039 2854 3112 τὴν
2890 3038 3192 3109 φιλοθεῒαν,
3228 3035 3321 3088 τὸν
3354 3029 3555 3095 οἶκτον,
3591 3029 3692 3101 τὴν

2109 3134 2281 3206 ἀλλην
2315 3135 2536 3189 ἃπασαν
2554 3133 2780 3203 ἀρετήν.
2810 3133 2909 3187 Ἐκ
2940 3129 3204 3185 τοιούτων
3241 3129 3376 3198 ἡμῖν
3403 3127 3514 3179 τῶν
3544 3123 3695 3177 πάπ·

2114 3244 2236 3282 πων
2261 3228 2311 3280 οῖ
2335 3226 2635 3296 εὐπρεπεῖς
2668 3218 2816 3281 οὗτοι
2848 3223 3079 3293 νυμφίοι
3128 3218 3569 3292 προδέδληνται’
3628 3216 3695 3268 ὲκ

2110 3318 2448 3392 τηλικούτων
2470 3320 2603 3389 ἡμῖν
2641 3317 2751 3372 τῶν
2785 3317 2952 3390 ῥιζῶν
2981 3316 3032 3370 οῖ
3069 3315 3265 3387 ὡραῖοι
3307 3312 3515 3383 καρποὶ
3539 3300 3690 3364 οὗτοι

2112 3414 2169 3467 ἀι
2180 3413 2615 3485 ατετράφηνται.
2890 3424 2894 3428 ’

2110 3571 2242 3627 mini
2291 3572 2535 3626 omnibus
2594 3570 2829 3626 numeris
2871 3572 3156 3634 aosoluto,
3229 3568 3419 3640 quippe
3469 3565 3523 3620 in
3562 3578 3693 3634 quos

2111 3680 2275 3720 coruu
2312 3665 2477 3734 copia:
2501 3673 2668 3719 totum
2697 3674 2777 3719 est
2799 3662 3052 3733 effusum.

2182 3758 2236 3812 ι.
2274 3756 2603 3827 Sponsorum
2639 3772 2800 3827 porro
2821 3754 3125 3827 felicitatem
3159 3755 3207 3808 si
3238 3753 3463 3808 breviter
3501 3756 3697 3805 adum-

2115 3847 2321 3900 bratam
2353 3847 2542 3901 audire
2582 3844 2732 3910 uelis,
2766 3843 3142 3915 satisfaciam;
3170 3860 3274 3899 non
3303 3844 3444 3898 enim
3469 3845 3696 3895 multum

2116 3940 2180 3993 ab
2218 3940 2348 4008 ipsis
2394 3941 2595 4008 nuptiis
2631 3938 2919 4003 absumus;
2952 3937 3151 4003 faciam
3192 3947 3368 3990 autem
3408 3936 3698 3989 secundum

2115 4034 2410 4089 veritatem.
2467 4030 2691 4101 Sceptra
2742 4031 2848 4084 duo
2887 4044 2953 4083 ea:
3001 4029 3116 4083 alto
3164 4026 3490 4090 relucebant,
3530 4042 3698 4081 unum

2117 4127 2328 4198 quidem
2357 4123 2749 4180 Comuenornm
2771 4161 2786 4186 ,
2820 4121 3071 4175 Duceente
3113 4119 3237 4174 dein
3283 4119 3513 4188 familia:
3544 4119 3695 4174 alte-

2120 4233 2283 4282 rum;
2329 4225 2612 4285 utrumque
2663 4211 2804 4283 quod
2867 4210 3201 4281 dignissimis
3248 4210 3532 4278 obtingeret
3572 4224 3698 4273 per-

2115 4324 2273 4381 quam
2302 4309 2537 4379 dignum.
2565 4305 2708 4360 Fato
2724 4304 2847 4359 dein
2872 4304 3101 4373 quodam
3128 4302 3316 4367 evenit,
3338 4312 3399 4355 ut
3417 4309 3699 4370 utrumque

2116 4402 2170 4455 in
2203 4412 2409 4472 gentem
2436 4399 2864 4454 illustrissimum
2897 4394 3285 4453 Comnenorum
3316 4409 3379 4448 ac
3402 4392 3589 4459 Ducaz,
3626 4393 3696 4447 ad

2111 4511 2273 4565 quam
2292 4495 2477 4564 sponsi
2499 4492 2666 4547 nostri
2682 4491 3192 4561 pertinent,uenerit.
3209 4485 3697 4552 Mementote,ami-

2117 4591 2186 4657 ei,
2218 4587 2653 4660 regniAlexidis,
2685 4595 2737 4641 et
2763 4585 2911 4641 nouis
2929 4583 3129 4653 nuptiis
3141 4581 3481 4647 benedicetis,
3503 4595 3702 4635 memo-

2117 4697 2199 4736 res
2233 4681 2382 4735 illius
2421 4681 2476 4734 in
2501 4695 2631 4749 pace
2659 4677 3056 4748 prosperitatis,
3083 4676 3139 4730 in
3170 4674 3372 4746 pra’liis
3418 4671 3700 4744 fortitudi-

2118 4775 2203 4828 nis
2234 4774 2378 4827 omni
2403 4771 2624 4826 laudum
2672 4785 2862 4841 genere
2906 4768 3264 4823 cumulandae.
3294 4762 3373 4823 0b
3400 4766 3581 4821 oculos
3608 4781 3700 4820 vo-

2115 4862 2195 4919 bis
2228 4865 2337 4919 sint
2368 4861 2817 4925 mansuetudinis,
2852 4861 3186 4923 constantia,
3217 4858 3484 4912 comitatis
3512 4856 3696 4927 exqui-

2115 4952 2387 5009 sitissimae
2417 4953 2681 5020 exempla.
2702 4950 2808 5006 Sed
2829 4949 2898 5003 ad
2932 4949 3059 5019 quid
3082 4947 3222 5004 hoc?
3252 4946 3527 5002 Mtestitiaz
3553 4940 3695 5001 enim

2116 5060 2180 5098 ac
2229 5043 2482 5098 desiderii
2533 5059 2703 5098 causa
2756 5042 2955 5096 nemini
3015 5056 3127 5095 esse
3172 5039 3350 5094 uelim.
3401 5039 3580 5105 Quare
3623 5039 3694 5092 ad
3788 5082 3795 5087 .

2114 5137 2280 5190 aliam
2321 5152 2432 5191 rem
2463 5152 2559 5191 nos
2579 5145 2870 5191 vertamus.
2913 5132 3096 5188 Videte
3145 5145 3390 5189 sanctam
3419 5136 3557 5187 hanc
3594 5134 3696 5188 im-

2116 5234 2438 5300 peratricem
2490 5232 2705 5296 Ireuen,
2754 5232 2958 5302 prolem
2999 5231 3245 5286 Ducaenie
3280 5231 3452 5302 gentis
3499 5240 3547 5284 et
3575 5246 3694 5300 qua:

2115 5326 2173 5379 in
2224 5341 2402 5380 omnes
2451 5324 2719 5380 Romanos
2768 5324 3042 5379 dominari
3075 5340 3196 5378 cum
3233 5324 3497 5403 dignitate
3524 5323 3693 5392 digna

2114 5424 2192 5472 est
2220 5416 2421 5482 habita,
2446 5428 2496 5471 et
2528 5417 2681 5484 cuius
2717 5416 2867 5487 fama
2897 5417 3132 5471 animum
3175 5414 3455 5469 demulcet.
3515 5413 3694 5469 Videte

2116 5509 2267 5563 illam
2299 5526 2517 5563 manum
2553 5526 2713 5579 quam
2745 5525 2953 5577 semper
2981 5509 3190 5577 experti
3214 5508 3340 5563 estis
3380 5507 3691 5576 beneﬁcam,

2114 5598 2429 5670 prodigam;
2466 5598 2801 5652 considerate
2835 5597 2953 5667 ejus
2977 5596 3402 5653 misericordiam
3437 5604 3694 5650 steteras-

2114 5706 2214 5761 que
2270 5691 2516 5743 uirtutes.
2560 5686 2830 5741 Etalibus
2882 5687 3045 5755 igitur
3089 5684 3383 5757 majoribus
3432 5683 3583 5737 ambo
3637 5680 3696 5734 lii

2119 5783 2295 5851 sponsi
2331 5782 2587 5851 originem
2608 5778 2849 5842 ducunt;
2875 5794 2902 5832 e
2932 5788 3042 5834 tam
3071 5779 3311 5849 angustis
3345 5772 3611 5832 radicibus
3637 5770 3715 5835 hi.

2121 5874 2315 5945 egregii
2342 5875 2545 5929 fructus
2571 5870 2938 5943 germinarunt
2958 5870 2979 5924 ,ι
