4078 6382
369 342 500 406 1401

1497 352 1826 413 SCRIPTA
1863 352 2422 422 MISCELLANEA.

3489 365 3626 431 1402

440 470 504 517 εό
535 463 598 517 Τί
622 465 678 518 δὲ
708 465 892 527 αὖτοῖς
925 465 974 518 οξ
1007 467 1198 534 σεμνοὶ
1221 471 1567 540 γεννήτορες,
1593 470 1687 534 οὓς
1721 471 1939 532 πάντως
1968 471 2017 530 Α
2047 491 2180 541 μους
2205 480 2546 548 φερωνύμως
2567 481 2748 553 νικᾷν,
2785 480 2940 535 οὐδὲν
2971 480 3038 536 ἂν
3077 481 3161 553 εἴη
3221 481 3330 537 τῶν
3367 484 3625 539 ἁπάντων

369 555 564 620 εἰπὼν,
595 556 670 626 μὴ
705 557 825 627 οὐχὶ
850 557 944 610 τοῦ
973 557 1240 626 μεγέθους
1268 562 1380 613 τῶν
1409 563 1759 633 πραγμάτιον
1788 563 1944 615 ἐλατ-

365 648 536 717 τωθῇ,
573 647 669 719 τὴν
699 650 763 702 ἐκ
815 650 1106 720 πορφύρας
1135 651 1279 715 λέγω
1309 650 1513 721 ταύτην
1540 657 1632 707 καὶ
1671 654 1939 724 βασιλίδα,

363 736 432 814 ἧς
461 741 523 794 τὸ
549 742 863 806 κυκλοειδὲς
905 744 1001 797 τοῦ
1046 745 1296 816 ὄμματος
1325 747 1418 800 καὶ
1458 747 1518 814 ἐξ
1558 749 1757 802 ἑαυτοῦ
1806 750 1943 819 πρὸς

368 832 529 886 ἑαυτὸ
555 833 880 904 κινούμενον
910 837 1047 907 ὁμοῦ
1076 841 1170 890 καὶ
1192 841 1650 909 περιφερόμενον,
1680 842 1777 911 τὴν
1806 843 1944 910 πρὸς

367 925 492 979 νοῦν
530 929 623 979 καὶ
653 927 788 981 Θεὸν
820 929 1006 1001 ἐλικὴν
1036 931 1372 1002 ὑπεμφαίνει
1423 933 1746 1000 ἀνάστατον,
1778 927 1852 987 ὧν
1883 934 1944 999 ἐξ

367 1017 576 1071 ἑαυτῶν
625 1021 718 1072 καὶ
745 1021 880 1090 πρὸς
911 1023 1079 1074 ἑαυτὰ
1121 1026 1222 1094 τὴν
1252 1025 1469 1096 κίνησιν
1500 1025 1768 1097 ἔγνωμεν,
1795 1027 1860 1098 ἢν
1892 1027 1946 1079 εἴ

365 1109 419 1162 τί
448 1126 551 1162 που
583 1112 678 1163 καὶ
703 1113 1063 1182 ἀληθεύουσιν
1097 1116 1378 1187 Ἕλληνες,
1406 1117 1673 1188 τετάρτην
1702 1118 1800 1188 μὲν
1823 1119 1942 1180 ταῖς

367 1201 568 1270 Χάρισι
604 1201 840 1272 Χάριτα,
875 1205 1111 1276 δεκάτην
1141 1208 1198 1260 δὲ
1245 1210 1368 1270 ταῖς
1416 1208 1664 1271 Μούσαις
1715 1209 1940 1263 Μοῦσαν

367 1293 856 1362 προσεπιθείημεν,
910 1295 942 1366 ἥ
979 1299 1079 1364 τὴν
1113 1298 1211 1365 μὲν
1264 1297 1387 1351 καθ’
1434 1300 1563 1367 ὃλην
1599 1299 1939 1366 φιλοσοφίαν,

363 1378 430 1453 ἧς
459 1385 518 1436 ού
570 1386 772 1452 γνῶσις
805 1386 938 1440 ἀλλὰ
988 1389 1186 1459 πρᾶξις
1242 1391 1305 1443 τὸ
1334 1392 1510 1457 τέλος,
1543 1393 1683 1462 αὐτὴ
1716 1393 1937 1461 ἑαυτὴν,

364 1477 457 1528 καὶ
491 1475 578 1529 διὰ
607 1477 708 1546 τῆς
734 1479 854 1531 κατ’
882 1480 1082 1550 ἀρετὴν
1106 1483 1392 1552 ἐνεργείας
1425 1486 1894 1553 ἐμυσταγὼγησεν
1922 1501 1936 1550 ;

366 1569 600 1622 Ἔπειτα
641 1571 1024 1642 γενναιότερόν
1055 1591 1111 1626 τε
1145 1575 1283 1644 ὁμοῦ
1309 1577 1632 1645 φρονήσασα
1657 1579 1750 1630 καὶ
1781 1577 1939 1646 βασι-

362 1658 680 1728 λικώτερον,
737 1663 829 1714 καὶ
881 1663 1084 1732 κόσμον
1119 1665 1390 1733 οἰηθεῖσα,
1423 1665 1611 1736 ὥσπερ
1652 1667 1936 1737 βασιλικοῦ

364 1750 619 1820 σώματος
647 1751 744 1823 τὴν
777 1753 1085 1824 πορφύραν,
1115 1755 1258 1809 οὕτω
1293 1757 1387 1810 καὶ
1424 1757 1602 1828 ψυχῆς
1645 1759 1936 1828 βασιλικῆς

485 1818 800 1914 ἐπιστήμην
967 1818 1137 1900 όντων
1166 1846 1264 1918 τὴν
1297 1818 1716 1917 γνῶσινηαύτίῦν
1754 1818 1934 1904 ἐτελέί
1967 1818 2009 1874 Β

363 1931 487 2003 σθη,
521 1935 615 1987 καὶ
674 1934 771 2005 τὴν
817 1936 875 1987 ἐν
927 1937 1141 2000 τούτοις
1172 1939 1429 2008 ἀλήθειαν
1475 1940 1935 2012 ἐθηράσατο,καὶ

362 2025 741 2095 προαιρέσεως
771 2027 830 2080 ού
857 2027 1049 2096 γένους
1074 2028 1276 2096 ἔδειξεν
1301 2027 1440 2085 εἶναι
1472 2035 1661 2103 κτῆμα
1691 2033 1790 2104 τὴν
1811 2034 1938 2103 ἁρε-

357 2116 480 2186 τήν,
513 2119 607 2172 καὶ
639 2121 774 2173 πᾶσι
827 2121 1008 2187 πάσας
1037 2125 1362 2195 ύπεράρασα
1418 2129 1532 2190 τοῖς
1579 2127 1765 2190 καλοῖς
1795 2129 1932 2199 αὑτὴ

298 2264 305 2271 ,
359 2210 560 2280 ἑαυτὴν
587 2212 898 2283 ὑπερήλασε
925 2218 990 2286 τῇ
1013 2217 1154 2270 κατὰ
1181 2218 1279 2289 τὴν
1304 2219 1570 2289 συζυγίαν
1592 2221 1928 2293 εὐδαιμονίαι

358 2302 585 2374 τοιούτῳ
612 2304 705 2357 τοῦ
741 2306 932 2377 λέχους
960 2308 1115 2380 ἀνδρὶ
1160 2315 1543 2384 κοινωνήσασα
1589 2314 1666 2384 τῷ
1697 2315 1815 2385 ἐμῷ
1841 2316 1930 2369 δε-

360 2395 537 2465 σπότῃ
559 2395 652 2447 καὶ
680 2397 942 2469 Καίσαρι,
966 2394 1078 2452 οἷον
1099 2400 1223 2455 οὔτε
1245 2403 1368 2473 ὄψις
1406 2405 1595 2475 ἕτερον
1625 2408 1759 2476 ἡμῖν
1785 2425 1931 2478 παρ-

357 2489 646 2557 ἐστήσατο,
679 2488 802 2542 οὔτε
835 2492 1071 2563 ἱστορίαι
1096 2494 1348 2549 παλαιῶν
1380 2497 1708 2563 ἐδιδάξαντο.
1749 2500 1931 2553 ’Ἄλλοι

360 2579 459 2648 μὲν
521 2580 628 2650 γὰρ
664 2583 965 2653 ’Ἑλλήνων
1021 2603 1080 2638 τε
1129 2587 1227 2641 καὶ
1269 2587 1561 2658 Ῥωμαίων
1602 2592 1738 2645 ἄλλα
1768 2594 1932 2664 τυχὸν

358 2673 835 2742 κατωρθὼκεσαν’
888 2679 981 2730 καὶ
1037 2679 1087 2732 οἱ
1131 2680 1230 2747 μὲν
1272 2681 1737 2752 ὲδημαγώγησαν,
1795 2687 1844 2738 oi
1874 2686 1932 2738 δὲ

357 2764 801 2835 ἐστρατήγησαν,
831 2768 880 2819 οἱ
906 2767 952 2821 δ’
987 2770 1357 2841 εὐδοκίμησαν
1391 2775 1519 2842 περὶ
1563 2775 1758 2844 λόγους
1782 2793 1797 2807 ο
1838 2779 1934 2830 καὶ

355 2855 564 2908 τούτων
595 2859 622 2909 ὁ
652 2857 752 2926 μὲν
787 2858 1133 2930 φιλοσοφίαν,
1161 2864 1188 2916 ὁ
1214 2863 1272 2916 δὲ
1306 2865 1600 2936 ποιητικὴν
1630 2869 1934 2940 ἐκμεμελε-

357 2950 514 3018 τήκει
536 2963 550 2979 ο
583 2949 644 3001 τὸ
665 2949 720 3002 δὲ
741 2950 834 3004 τὸν
854 2953 1017 3009 αὐτὸν
1047 2955 1140 3007 καὶ
1176 2960 1508 3028 στρατηγεῖν
1535 2959 1652 3029 ἅμα
1685 2962 1777 3014 καὶ
1805 2964 1930 3016 ἐπι-

361 3041 577 3091 στατεῖν
610 3041 901 3110 ποιήμασι,
942 3045 1037 3097 καὶ
1069 3044 1404 3115 φιλοσοφεῖν,
1433 3051 1527 3102 καὶ
1566 3050 1927 3124 ψηφοφορεῖν,

2048 567 2079 638 ἢ
2120 570 2280 638 μόνου
2311 573 2612 644 Καίσαρος.

2122 661 2195 728 ς’.
2256 665 2394 716 Ὑπὸ
2422 667 2689 730 τοιούτοις
2709 670 2818 736 ἄρα
2851 671 3218 739 ταττομένους
3249 670 3488 738 πατράσι
3525 686 3626 722 κα-

2046 755 2172 816 λοὺς
2197 755 2420 819 τούτους
2451 760 2719 826 νυμφίους
2750 762 2865 831 ἅμα
2906 749 2997 815 καὶ
3030 763 3315 830 ἀδελφοὺς,
3361 762 3454 814 καὶ
3489 761 3625 828 πρὸς

2045 849 2351 918 τηλικαῦτα
2397 852 2638 921 ὁρῶντας
2669 855 3123 924 παραδείγματα.
3162 854 3300 918 πῶς,
3346 855 3469 908 εἰπέ
3507 873 3620 924 μοι,

2043 943 2152 996 ἔδει
2185 944 2283 1006 τὰς
2316 943 2491 1012 ψυχὰς
2520 945 2866 1014 ἀσκηθῆναι;
2910 945 3023 998 Uine
3077 947 3254 1008 ἄλλως
3301 942 3458 1012 οἶμαι
3489 945 3520 1012 ἦ
3549 943 3624 1004 ὡς

2042 1034 2364 1104 ἠσκήθησαν
2386 1051 2399 1064 ’
2434 1035 2756 1104 ήσκήθησαν
2779 1036 2834 1088 δὲ
2867 1036 3058 1097 οὕτως,
3085 1035 3276 1106 ὥσπερ
3307 1035 3502 1102 ἀμέλει
3530 1034 3622 1084 καὶ

2044 1123 2270 1178 Πλάτων
2318 1125 2413 1178 τὸν
2472 1127 2572 1193 τῆς
2603 1126 2797 1179 ἑαυτοῦ
2842 1129 3290 1196 προστησόμενον
3341 1125 3623 1186 πολιτείας

2041 1217 2348 1287 ἁσκηθῆναι
2379 1217 2679 1287 νομοθετεῖ.
2716 1218 2859 1270 Ὅσα
2895 1219 2992 1286 μὲν
3031 1214 3123 1272 οὖν
3158 1220 3190 1288 ή
3238 1217 3401 1285 φύσις
3437 1215 3623 1277 αὐτοῖς

2043 1309 2467 1379 πεφιλοτίμηται
2530 1310 2733 1377 ἀγαθὰ,
2791 1311 2988 1373 κάλλος
3037 1311 3179 1378 λέγω
3208 1311 3302 1363 καὶ
3334 1310 3496 1378 τάχος
3524 1309 3622 1360 καὶ

2043 1403 2236 1471 ῥώμην
2287 1403 2382 1455 καὶ
2427 1403 2526 1455 ὅσα
2560 1404 2592 1472 ή
2623 1403 2978 1470 εὐανάγωγος
3014 1402 3228 1472 ἀγωγὴ,
3277 1401 3494 1470 εὐφυῶς
3529 1403 3621 1454 ἱπ-

2041 1494 2264 1558 πεῦσαι,
2296 1493 2608 1564 σφαιρίσαι,
2647 1495 2967 1562 περιδεξίως
3009 1494 3298 1563 θηρεῦσαι,
3333 1494 3434 1545 οὐκ
3462 1493 3625 1559 ἀγενο

2039 1586 2147 1649 νῶς
2173 1587 2550 1656 στρατηγῆσαι
2573 1587 2773 1653 δεῆσαν
2805 1587 3292 1656 φαλαγγαρχῆσαι,
3320 1587 3399 1638 ἔτι
3423 1603 3487 1652 γε
3517 1586 3624 1656 μὴν

2040 1678 2108 1732 τὰ
2142 1680 2272 1750 περὶ
2319 1679 2380 1733 τὸ
2417 1679 2578 1746 σῶμα
2633 1678 2944 1749 βασιλείους
2995 1678 3232 1748 ἐσθῆτας
3263 1679 3355 1730 καὶ
3383 1679 3622 1747 ἄργυρον

2040 1773 2134 1826 καὶ¹
2165 1773 2365 1842 χρυσὸν
2388 1774 2482 1824 καὶ
2507 1773 2637 1840 ὅσην
2660 1773 2826 1841 ἄλλην
2851 1771 2984 1838 ὓλην
3015 1772 3280 1841 ἐτίμησεν
3309 1772 3623 1841 ἄνθρωπος,

2044 1863 2303 1932 λαμπράς
2328 1880 2388 1916 τε
2422 1863 2620 1926 οἰκίας,
2663 1863 2759 1915 καὶ
2807 1860 3019 1933 άραϐας
3052 1864 3271 1926 ἵππους,
3301 1866 3393 1914 καὶ
3419 1863 3622 1930 ὅμαδον

2041 1957 2300 2026 ὑπηκόων
2340 1957 2441 2009 οὐκ
2489 1957 2692 2026 ἀγενῆ,
2737 1958 2831 2009 καὶ
2865 1958 2973 2025 γὰρ
3007 1958 3101 2008 καὶ
3154 1955 3329 2008 ταῦτα
3364 1955 3461 2022 τὴν
3491 1955 3621 2024 ὃλην

2037 2047 2386 2114 εὐδαιμονίαν
2435 2045 2899 2116 συναρπάζουσιν,
2955 2047 3005 2098 οἱ
3059 2036 3292 2098 ἑκάστου
3345 2045 3622 2114 ὀφθαλμοὶ

2037 2139 2415 2192 πιστούτωσαν
2470 2137 2732 2190 ἕκαστον·
2799 2136 2912 2204 ἐγὼ
2943 2136 2999 2189 δὲ
3040 2135 3102 2188 τὸ
3156 2136 3247 2188 ἐπὶ
3276 2135 3618 2198 τηλικούτοις

2038 2231 2403 2301 ταπεινόφρον
2438 2231 2620 2285 αὐτῶν
2647 2233 2743 2284 καὶ
2797 2231 3066 2300 προσηνὲς
3104 2230 3489 2300 ύπεράγαμαι,
3524 2230 3620 2282 καὶ

2035 2325 2096 2378 τδ
2131 2325 2266 2396 πρὸς
2291 2325 2417 2388 τοὺς
2449 2323 2886 2393 γεννησαμένους
2925 2324 3124 2392 μέρους
3150 2321 3347 2384 παντὸς
3377 2321 3620 2391 ὑπήκοον

2034 2419 2251 2481 τέθηπα
2283 2418 2421 2487 πρὸς
2452 2417 2750 2480 ξυννενοεῖν
2775 2418 2803 2469 ό
2832 2417 3012 2484 λόγος,
3045 2415 3139 2467 καὶ
3170 2417 3278 2477 τοῖς
3311 2417 3398 2468 ἀλ.
3431 2454 3446 2468 .
3481 2453 3496 2468 .
3529 2454 3542 2466 .

2106 2506 2173 2572 ζ’.
2213 2507 2338 2570 Τοῖς
2376 2502 2468 2560 οὖν
2507 2507 2772 2568 τοιούτοις
2799 2505 2893 2558 καὶ
2950 2506 3015 2557 ἐκ
3064 2505 3324 2557 τοιούτων
3353 2503 3495 2565 τίνος
3536 2501 3618 2555 ἔτι

2035 2601 2177 2653 ἐνδεῖ
2209 2599 2344 2669 πρὸς
2373 2600 2470 2670 τὴν
2524 2599 2778 2669 ὅληςτῆς
2835 2596 3183 2666 εὐδαιμονίας
3238 2591 3616 2662 συγκληρίανς

2035 2691 2264 2755 Οὐδενὸς
2299 2691 2463 2745 ἄλλου
2493 2691 2710 2753 πάντως
2812 2688 2908 2741 τοῦ
2933 2687 3111 2756 γῆμαί
3133 2703 3192 2739 τε
3224 2685 3488 2755 εὐτυχῶς,
3521 2686 3619 2738 καὶ

2037 2785 2280 2855 πατράσι
2310 2784 2517 2837 παίδων
2551 2781 2941 2852 ὀνομασθῆναι.
2989 2779 3062 2833 Τὸ
3095 2779 3198 2848 μὲν
3235 2773 3330 2831 οὖν
3363 2779 3421 2830 ἓν
3453 2778 3482 2830 ὁ
3519 2775 3620 2844 γά-

2038 2895 2138 2948 μος
2162 2878 2263 2948 ἤδη
2300 2875 2632 2946 ἑώρτασται,
2664 2872 2939 2928 καὶτοῦτο
2968 2873 3334 2939 παιανίζομεν
3370 2869 3618 2938 σήμερον

2033 2971 2126 3024 δύο
2178 2969 2385 3023 παίδων
2443 2966 2740 3039 βασιλικῶν
2787 2965 2882 3018 καὶ
2926 2963 3171 3033 ὡραίων,
3203 2962 3303 3016 καὶ
3352 2959 3616 3013 νεανίδων

2033 3062 2147 3126 δύο,
2172 3061 2366 3130 γένους
2396 3061 2494 3128 μὲν
2522 3061 2619 3112 τοῦ
2655 3056 2900 3127 πρώτου,
2951 3053 3130 3118 εἴδους
3161 3054 3220 3107 δὲ
3251 3052 3348 3106 τοῦ
3394 3054 3618 3121 ἀπαρα-

360 3132 452 3225 ἶίαὶ
474 3131 702 3225 ῥήτορσι
727 3132 959 3204 διαιτᾷνι
984 3137 1077 3187 καὶ
1097 3137 1198 3206 τῆς
1223 3137 1282 3189 ἒν
1312 3141 1446 3192 πᾶσι
1473 3141 1546 3212 μὴ
1573 3143 1932 3214 καθυστερεῖν
1961 3158 2004 3218 c
2041 3155 2252 3225 μίλλου,
2277 3153 2374 3206 καὶ¹
2396 3152 2564 3222 ήθους
2580 3148 2963 3219 ἐννομωτάτην
2985 3147 3280 3220 συνάφειαν
3301 3146 3448 3199 δυεῖν
3470 3144 3619 3196 εἴποι

358 3223 678 3296 ἀκρότητος,
711 3225 827 3280 ἀλλ’
858 3227 1077 3299 ἑκάστῳ
1125 3230 1256 3295 τοὺς
1289 3234 1416 3304 περὶ
1456 3233 1689 3290 ἕκαστον
1719 3238 1933 3293 εύδοκί-
2039 3223 2104 3297 ἄν
2133 3259 2215 3306 τις
2248 3242 2421 3313 ήλίοιν
2455 3240 2550 3294 καὶ
2581 3238 2834 3305 σελήναιν
2856 3234 3003 3288 δυεῖν
3033 3231 3340 3303 καινοφανῆ
3370 3228 3615 3294 σύνοδον,

434 3481 488 3537 5.
519 3481 622 3537 Sed
671 3485 798 3554 quid
830 3487 953 3541 huic
995 3482 1283 3544 venerandi
1336 3494 1570 3564 majores
1611 3495 1942 3562 imperatrici
2121 3499 2178 3555 6.
2223 3497 2449 3553 Fratres
2476 3495 2680 3568 sponsi,
2717 3509 2752 3548 ιι
2793 3492 2989 3547 talibus
3041 3489 3347 3560 parentibus
3379 3481 3615 3546 oriundi,

364 3577 727 3646 insuperabili,
745 3583 1218 3653 porphyrogenitae,
1240 3586 1392 3654 cuius
1411 3589 1550 3642 oculi
1565 3605 1776 3643 sursum
1789 3591 1944 3646 deor-
2047 3591 2240 3661 quique
2280 3590 2418 3644 talia
2452 3599 2575 3644 ante
2600 3587 2780 3642 oculos
2810 3583 3143 3653 exemplaria
3173 3580 3451 3639 habebant,
3475 3572 3617 3629 haud

361 3687 474 3724 sum
503 3672 718 3728 mobiles
760 3676 949 3730 mentis
971 3678 1205 3747 prapria:
1237 3689 1288 3734 et
1325 3680 1520 3736 divina:
1585 3681 1822 3737 scientia:
1863 3693 1941 3739 te-

362 3762 677 3817 stimonium
707 3767 1003 3834 perhibent,
1037 3777 1087 3822 et
1117 3771 1206 3834 qui
1225 3770 1508 3840 effecerunt
1536 3782 1593 3826 ut
1625 3771 1798 3829 Graeci
1819 3790 1938 3828 eam

359 3863 609 3922 quartam
661 3853 926 3924 Gratiam,
973 3859 1233 3914 decimam
1293 3859 1528 3928 Musam,
1575 3873 1760 3918 nastra
1809 3881 1938 3920 sane

359 3962 478 4000 cum
524 3947 907 4016 approbatione
952 3953 1351 4020 appellitarent,
1397 3955 1588 4025 quippe
1610 3973 1728 4026 qua:
1757 3973 1938 4012 rerum

360 4041 652 4096 medullam
679 4057 783 4096 non
807 4045 863 4096 in
890 4059 1037 4098 mera
1068 4045 1387 4114 cognitione,
1424 4047 1515 4098 sed
1550 4047 1604 4099 in
1649 4047 1807 4115 praxi
1843 4063 1939 4115 po-

359 4149 526 4203 neret,
557 4139 908 4208 virtutemque
941 4139 994 4192 in
1017 4139 1261 4208 operibus
1289 4140 1451 4193 sitam
1485 4155 1595 4194 esse
1620 4156 1935 4209 persuasum

359 4229 595 4285 haberet.
623 4227 759 4284 Inde
791 4231 999 4301 egregia
1041 4229 1240 4300 femina
1279 4230 1442 4285 altius
1490 4230 1619 4300 quid
1671 4247 1732 4285 ac
1769 4231 1936 4300 magis

358 4322 566 4390 regium
611 4323 807 4376 sentire
841 4322 1014 4390 coepit.
1049 4320 1197 4376 Sicut
1229 4322 1370 4376 enim
1410 4337 1708 4392 purpuram
1752 4338 1938 4392 carpo-

358 4417 455 4480 ris,
479 4415 556 4467 sic
584 4415 858 4468 scientiam
887 4415 1051 4468 animi
1081 4426 1450 4469 ornamentum
1478 4415 1769 4469 rectissime
1823 4414 1936 4468 exi-

2046 3683 2207 3738 aliter
2255 3682 2360 3736 nisi
2388 3681 2677 3736 secundum
2714 3679 2963 3732 Platonis
2992 3683 3257 3744 praecepta
3291 3675 3348 3726 in
3375 3667 3617 3724 Politicis

2043 3775 2098 3830 in
2113 3774 2345 3830 medium
2358 3772 2572 3841 prolata
2585 3770 2804 3825 educari
2821 3778 2872 3822 et
2891 3768 3102 3822 institui
3118 3764 3397 3820 debebant.
3416 3759 3618 3816 Omitto

2045 3877 2219 3922 autem
2253 3883 2370 3938 quae
2400 3874 2598 3919 natura
2621 3861 2749 3932 ipsis
2781 3857 2937 3930 larga
2977 3876 3140 3913 manu
3171 3856 3338 3919 dedit,
3377 3852 3619 3923 pulchri-

2046 3959 2303 4021 tudinem,
2335 3957 2574 4024 inquam,
2600 3950 3148 4013 celeritatem,r0bur,
3183 3956 3230 4001 et
3263 3942 3518 4015 quidquid
3550 3939 3619 3994 ad

2045 4048 2312 4103 liberalem
2339 4047 2707 4101 educationem
2738 4051 2973 4114 spectat:
2995 4042 3250 4110 equitare,
3279 4037 3390 4103 pila
3416 4034 3618 4099 ludere,

2042 4144 2245 4208 venari,
2277 4141 2533 4210 legionem
2564 4147 2658 4192 aut
2689 4137 3009 4206 phalangem
3039 4133 3168 4187 scite
3204 4130 3488 4189 ordinare;
3529 4125 3618 4178 in-

2045 4251 2201 4301 super
2220 4243 2379 4288 vestes
2424 4231 2620 4300 regias,
2646 4243 2860 4293 aurum,
2895 4232 3193 4295 argentum,
3228 4232 3274 4273 et
3299 4231 3622 4290 quacunque

2044 4331 2100 4383 in
2130 4327 2398 4381 hominum
2419 4322 2589 4377 oculis
2615 4321 2850 4392 pretiosa
2878 4319 3146 4381 videntur,
3180 4313 3318 4368 (edes
3342 4319 3619 4378 sumptuo-

2043 4439 2133 4476 sas
2170 4420 2312 4480 dico,
2357 4432 2514 4487 equos
2552 4415 2816 4476 arabicos,
2851 4411 3107 4483 populum
3138 4409 3278 4463 haud
3312 4405 3619 4478 ignobilem,

356 4509 606 4571 stimans,
627 4507 902 4561 veritatem
927 4505 1572 4576 omnifstudioindaqavit,
1593 4508 1938 4574 virtutemque
1973 4525 2016 4579 ι)
2041 4513 2184 4566 dicto
2214 4520 2508 4579 parentem.
2545 4506 2674 4562 liam
2724 4507 2904 4560 omnia
2935 4507 3076 4560 enim
3108 4512 3408 4558 terrestrem
3449 4500 3624 4569 felici-

358 4600 413 4652 in
445 4601 650 4662 merito,
687 4615 790 4653 non
823 4601 877 4653 in
933 4599 1196 4668 sanguine
1241 4599 1403 4651 sitam
1429 4615 1542 4652 esse
1592 4599 1767 4652 duxit.
1801 4597 1936 4652 Cum

358 4693 540 4761 itaque
587 4693 728 4746 inter
772 4709 951 4747 omnes
996 4693 1142 4746 circa
1190 4691 1368 4744 omnia
1395 4690 1649 4744 excellere
1677 4689 1934 4754 studeret,

361 4785 694 4852 splendorem
732 4781 830 4854 qui
869 4785 973 4853 ipsi
1011 4799 1076 4838 ex
1106 4783 1452 4836 matrimonio
1491 4781 1812 4835 redundaret
1837 4782 1939 4856 im-

361 4893 517 4931 mane
567 4886 822 4948 quantum
869 4878 1043 4930 auxit.
1081 4875 1198 4930 Huc
1266 4875 1466 4930 accedit
1522 4876 1662 4941 quod
1721 4873 1936 4927 domino

363 4978 545 5023 nostra
578 4968 892 5037 imperatori
927 4968 1130 5033 nupsit,
1169 4968 1304 5032 viro,
1339 4969 1425 5020 cui
1455 4983 1547 5020 nec
1581 4976 1784 5034 tempus
1842 4981 1938 5018 no-

358 5073 531 5117 strum
575 5076 669 5114 nec
717 5059 1016 5128 antiquitas
1034 5074 1217 5126 parem
1255 5058 1404 5113 nobis
1427 5058 1652 5113 exhibet.
1679 5055 1936 5125 Inﬁtian-

357 5155 482 5206 dum
528 5152 747 5222 quidem
782 5166 888 5204 non
918 5157 996 5203 est
1027 5149 1189 5216 fuisse
1212 5150 1350 5203 inter
1379 5148 1592 5204 Graecos
1637 5165 1701 5202 ac
1734 5147 1938 5202 Roma-

363 5261 458 5300 nos
487 5246 575 5315 qui
603 5243 758 5298 rebus
802 5241 962 5311 gestis
1000 5240 1374 5295 inclaruerunt
1419 5243 1645 5310 imperia
1703 5241 1940 5296 admini-

361 5336 606 5399 strando,
627 5333 946 5389 exercitibus
971 5331 1305 5401 imperando,
1342 5331 1480 5402 leges
1511 5331 1936 5402 ferendo,philo-

361 5426 629 5493 sophiam,
680 5425 862 5494 poesin
909 5422 1232 5487 exercendo;
1274 5422 1369 5475 uni
1412 5432 1588 5475 autem
1629 5422 1939 5489 imperatori

362 5531 544 5574 nostro
574 5518 788 5581 militis,
818 5518 966 5584 civis,
1009 5515 1384 5586 negotiatoris,
1413 5514 1731 5582 philosophi,
1765 5515 1938 5570 consi-

367 5611 535 5676 liarii,
573 5610 808 5665 oratoris
837 5625 1054 5665 munere
1085 5610 1265 5664 eodem
1292 5617 1520 5675 tempore
1546 5623 1664 5662 cum
1700 5617 1939 5663 extrema

365 5701 524 5756 laude
565 5701 717 5774 fungi
761 5717 1040 5776 omnesque
1069 5700 1286 5760 aemulos
1327 5714 1582 5772 superare
1621 5715 1655 5755 a
1698 5699 1812 5769 fato
1837 5702 1935 5755 da-

373 5806 483 5851 tum
514 5794 637 5864 fuit.

2042 4613 2201 4656 tatem
2236 4601 2570 4654 constituunt
2600 4609 2648 4650 et
2683 4595 2976 4667 aliquando
3022 4603 3329 4650 occurrunt.
3359 4592 3621 4662 Equidem

2039 4697 2095 4749 in
2121 4695 2356 4748 laudatis
2387 4709 2418 4746 a
2448 4693 2599 4746 nobis
2633 4691 2920 4761 juvenibus
2952 4699 3075 4744 ante
3106 4689 3285 4744 omnia
3308 4685 3621 4741 modestiam

2039 4795 2089 4841 et
2122 4781 2588 4838 mansuetudinem
2635 4781 2878 4836 admiror
2919 4790 2969 4835 et
3003 4781 3057 4834 in
3091 4789 3335 4849 parentes
3370 4777 3622 4846 pietatem

2039 4879 2257 4950 plurimi
2285 4876 2450 4946 facio.

2111 4970 2162 5024 7.
2209 4967 2424 5022 Talibus
2447 4965 2637 5020 talium
2657 4975 2929 5034 parentum
2948 4961 3074 5032 ﬁliis
3093 4959 3218 5031 quid
3245 4957 3314 5012 ad
3333 4957 3618 5027 perfectam

2041 5059 2347 5129 felicitatem
2377 5055 2559 5111 deest?
2589 5053 2705 5108 Hoc
2736 5068 2898 5107 unum
2929 5060 2984 5104 ut
3015 5051 3190 5117 probis
3219 5047 3471 5102 uxoribus
3492 5047 3624 5117 jun-

2041 5153 2112 5205 cti
2145 5149 2379 5219 pulchra:
2411 5148 2576 5218 prolis
2609 5154 2853 5216 parentes
2885 5144 3038 5212 ﬁant.
3077 5141 3146 5194 Et
3182 5139 3376 5205 nuptia:
3408 5139 3618 5208 quidem

2041 5238 2314 5298 celebrata:
2353 5249 2508 5306 sunt,
2546 5247 2595 5294 et
2629 5237 2782 5292 hodie
2815 5234 3040 5287 duorum
3075 5231 3312 5302 ﬁliorum
3353 5231 3620 5300 regiorum

2041 5335 2438 5390 matrimonium
2487 5331 2721 5385 canimus
2771 5330 2883 5399 qui,
2919 5326 3092 5398 quoad
3139 5340 3334 5393 genus,
3383 5322 3618 5376 omnium

2040 5427 2198 5496 primi
2225 5432 2380 5491 sunt;
2407 5422 2583 5493 quoad
2612 5420 2865 5488 formam,
2893 5414 3271 5485 pulcherrimi;
3302 5413 3478 5483 quoad
3507 5426 3623 5464 mov-

2041 5534 2144 5584 res,
2183 5519 2336 5587 longe
2375 5513 2697 5583 integerrimi
2741 5509 2967 5564 habendi
3008 5516 3149 5562 sunt.
3189 5505 3335 5560 Solis
3377 5520 3438 5557 ac
3476 5501 3620 5557 lunae

2042 5607 2436 5663 matrimonium
2473 5604 2730 5659 celebrari
2764 5602 2984 5657 dixeris.
3020 5599 3182 5653 Faxit
3221 5597 3360 5652 Deus
3393 5595 3618 5666 pulchra

2042 5712 2090 5756 et
2120 5715 2400 5756 numerosa
2428 5698 2597 5766 proles
2623 5696 2951 5767 insequatur,
2979 5709 3096 5766 qua:
3123 5707 3261 5747 nunc
3286 5689 3495 5761 quidem
3522 5687 3616 5742 de-

2042 5793 2322 5848 sideratur.
2358 5789 2459 5846 Sed
2489 5805 2582 5845 cur
2612 5787 2867 5846 Cwsarcte
2897 5786 3076 5841 domui
3107 5799 3207 5841 non
3241 5783 3365 5840 bene
3394 5795 3618 5852 augure-
