  <div class='ocr_page' id='page_1' title='image "/cluster/home/n/w/nwhite01/storage/ocr_20150623/133/coo.31924054870385/709.png"; bbox 0 0 4078 6394; ppageno 0'>
   <div class='ocr_carea' id='block_1_1' title="bbox 432 340 572 408">
    <p class='ocr_par' dir='ltr' id='par_1_1' title="bbox 432 340 572 408">
     <span class='ocr_line' id='line_1_1' title="bbox 432 340 572 408; baseline 0.029 -3"><span class='ocrx_word' id='word_1_1' title='bbox 432 340 572 408; x_wconf 77' lang='grc'>1403</span> 
     </span>
    </p>
   </div>
   <div class='ocr_carea' id='block_1_2' title="bbox 1625 349 2477 419">
    <p class='ocr_par' dir='ltr' id='par_1_2' title="bbox 1625 349 2477 419">
     <span class='ocr_line' id='line_1_2' title="bbox 1625 349 2477 419; baseline 0.012 -9"><span class='ocrx_word' id='word_1_2' title='bbox 1625 349 2027 413; x_wconf 81' lang='lat' dir='ltr'>THEODOBI</span> <span class='ocrx_word' id='word_1_3' title='bbox 2068 354 2477 419; x_wconf 81' lang='lat' dir='ltr'>PRODROMI</span> 
     </span>
    </p>
   </div>
   <div class='ocr_carea' id='block_1_3' title="bbox 3574 358 3709 421">
    <p class='ocr_par' dir='ltr' id='par_1_3' title="bbox 3574 358 3709 421">
     <span class='ocr_line' id='line_1_3' title="bbox 3574 358 3709 421; baseline 0.015 -2"><span class='ocrx_word' id='word_1_4' title='bbox 3574 358 3709 421; x_wconf 68' lang='lat' dir='ltr'><strong><em>lilii</em></strong></span> 
     </span>
    </p>
   </div>
   <div class='ocr_carea' id='block_1_4' title="bbox 428 463 3713 547">
    <p class='ocr_par' dir='ltr' id='par_1_4' title="bbox 428 463 3713 547">
     <span class='ocr_line' id='line_1_4' title="bbox 428 463 3713 547; baseline 0.003 -31"><span class='ocrx_word' id='word_1_5' title='bbox 428 466 466 533; x_wconf 79' lang='grc' dir='ltr'><strong>ἡ</strong></span> <span class='ocrx_word' id='word_1_6' title='bbox 493 463 539 517; x_wconf 79' lang='grc' dir='ltr'>δ’</span> <span class='ocrx_word' id='word_1_7' title='bbox 565 465 817 522; x_wconf 76' lang='grc' dir='ltr'>εὐτεκνία</span> <span class='ocrx_word' id='word_1_8' title='bbox 843 467 976 538; x_wconf 77' lang='grc' dir='ltr'>ὁμοῦ</span> <span class='ocrx_word' id='word_1_9' title='bbox 1002 467 1097 523; x_wconf 62' lang='grc' dir='ltr'>καὶ</span> <span class='ocrx_word' id='word_1_10' title='bbox 1127 467 1458 523; x_wconf 85' lang='grc' dir='ltr'>πολυτεκνία</span> <span class='ocrx_word' id='word_1_11' title='bbox 1487 470 1548 523; x_wconf 83' lang='grc' dir='ltr'>τδ</span> <span class='ocrx_word' id='word_1_12' title='bbox 1573 470 1765 543; x_wconf 70' lang='grc' dir='ltr'>ἕτερον</span> <span class='ocrx_word' id='word_1_13' title='bbox 1786 486 1800 502; x_wconf 87' lang='grc'><strong>·</strong></span> <span class='ocrx_word' id='word_1_14' title='bbox 1833 470 2016 526; x_wconf 84' lang='grc' dir='ltr'>λείπε-</span> <span class='ocrx_word' id='word_1_15' title='bbox 2043 476 2088 534; x_wconf 76' lang='grc' dir='ltr'><strong>Α</strong></span> <span class='ocrx_word' id='word_1_16' title='bbox 2118 475 2218 530; x_wconf 84' lang='grc' dir='ltr'>λιῶ</span> <span class='ocrx_word' id='word_1_17' title='bbox 2251 477 2315 530; x_wconf 82' lang='grc' dir='ltr'>τὸ</span> <span class='ocrx_word' id='word_1_18' title='bbox 2350 477 2577 547; x_wconf 80' lang='grc' dir='ltr'>σύμπαν</span> <span class='ocrx_word' id='word_1_19' title='bbox 2611 474 2935 547; x_wconf 78' lang='grc' dir='ltr'>ὑπήκοον,ἢ</span> <span class='ocrx_word' id='word_1_20' title='bbox 2971 472 3033 530; x_wconf 79' lang='grc' dir='ltr'>τδ</span> <span class='ocrx_word' id='word_1_21' title='bbox 3060 473 3423 544; x_wconf 74' lang='grc' dir='ltr'>ἀληθέστερόν</span> <span class='ocrx_word' id='word_1_22' title='bbox 3454 490 3516 541; x_wconf 90' lang='grc' dir='ltr'>γε</span> <span class='ocrx_word' id='word_1_23' title='bbox 3536 474 3713 539; x_wconf 80' lang='grc' dir='ltr'>ἀγαλ-</span> 
     </span>
    </p>
   </div>
   <div class='ocr_carea' id='block_1_5' title="bbox 430 557 2017 633">
    <p class='ocr_par' dir='ltr' id='par_1_5' title="bbox 430 557 2017 633">
     <span class='ocr_line' id='line_1_5' title="bbox 430 557 2017 633; baseline 0.006 -25"><span class='ocrx_word' id='word_1_24' title='bbox 430 574 523 611; x_wconf 83' lang='grc' dir='ltr'>ται</span> <span class='ocrx_word' id='word_1_25' title='bbox 549 558 647 628; x_wconf 82' lang='grc' dir='ltr'>μὲν</span> <span class='ocrx_word' id='word_1_26' title='bbox 678 557 781 625; x_wconf 77' lang='grc' dir='ltr'>ἔτι,</span> <span class='ocrx_word' id='word_1_27' title='bbox 820 562 885 631; x_wconf 79' lang='grc' dir='ltr'>τῇ</span> <span class='ocrx_word' id='word_1_28' title='bbox 911 561 967 614; x_wconf 81' lang='grc' dir='ltr'>δὲ</span> <span class='ocrx_word' id='word_1_29' title='bbox 996 562 1158 632; x_wconf 85' lang='grc' dir='ltr'>μέχρι</span> <span class='ocrx_word' id='word_1_30' title='bbox 1190 560 1285 615; x_wconf 80' lang='grc' dir='ltr'>νῦν</span> <span class='ocrx_word' id='word_1_31' title='bbox 1312 561 1420 616; x_wconf 81' lang='grc' dir='ltr'>ἀπὸ</span> <span class='ocrx_word' id='word_1_32' title='bbox 1444 561 1549 615; x_wconf 84' lang='grc' dir='ltr'>τῶν</span> <span class='ocrx_word' id='word_1_33' title='bbox 1577 563 1861 633; x_wconf 85' lang='grc' dir='ltr'>προγόνων</span> <span class='ocrx_word' id='word_1_34' title='bbox 1886 565 2017 618; x_wconf 82' lang='grc' dir='ltr'>ἀκο-</span> 
     </span>
    </p>
   </div>
   <div class='ocr_carea' id='block_1_6' title="bbox 432 651 2020 726">
    <p class='ocr_par' dir='ltr' id='par_1_6' title="bbox 432 651 2020 726">
     <span class='ocr_line' id='line_1_6' title="bbox 432 651 2020 726; baseline 0.004 -21"><span class='ocrx_word' id='word_1_35' title='bbox 432 651 622 723; x_wconf 80' lang='grc' dir='ltr'>λουθίᾳ</span> <span class='ocrx_word' id='word_1_36' title='bbox 663 651 842 715; x_wconf 84' lang='grc' dir='ltr'>καλῶς</span> <span class='ocrx_word' id='word_1_37' title='bbox 878 652 1205 718; x_wconf 74' lang='grc' dir='ltr'>οἰωνίζεται.</span> <span class='ocrx_word' id='word_1_38' title='bbox 1243 655 1310 708; x_wconf 85' lang='grc' dir='ltr'>Τί</span> <span class='ocrx_word' id='word_1_39' title='bbox 1343 656 1479 726; x_wconf 83' lang='grc' dir='ltr'>πρὸς</span> <span class='ocrx_word' id='word_1_40' title='bbox 1512 655 1686 710; x_wconf 77' lang='grc' dir='ltr'>ταῦτα</span> <span class='ocrx_word' id='word_1_41' title='bbox 1720 657 1901 724; x_wconf 82' lang='grc' dir='ltr'>λέγεις</span> <span class='ocrx_word' id='word_1_42' title='bbox 1932 658 2020 712; x_wconf 88' lang='grc' dir='ltr'>θε-</span> 
     </span>
    </p>
   </div>
   <div class='ocr_carea' id='block_1_7' title="bbox 433 741 2018 819">
    <p class='ocr_par' dir='ltr' id='par_1_7' title="bbox 433 741 2018 819">
     <span class='ocr_line' id='line_1_7' title="bbox 433 741 2018 819; baseline 0.007 -28"><span class='ocrx_word' id='word_1_43' title='bbox 433 741 634 794; x_wconf 81' lang='grc' dir='ltr'>σπεσία</span> <span class='ocrx_word' id='word_1_44' title='bbox 677 741 823 812; x_wconf 71' lang='grc' dir='ltr'>ψυχὴ</span> <span class='ocrx_word' id='word_1_45' title='bbox 876 745 969 796; x_wconf 64' lang='grc' dir='ltr'>καὶ</span> <span class='ocrx_word' id='word_1_46' title='bbox 1014 744 1238 811; x_wconf 83' lang='grc' dir='ltr'>γλῶσσα</span> <span class='ocrx_word' id='word_1_47' title='bbox 1261 745 1353 798; x_wconf 58' lang='grc' dir='ltr'>τοῦ</span> <span class='ocrx_word' id='word_1_48' title='bbox 1396 747 1711 816; x_wconf 74' lang='grc' dir='ltr'>Καίσαροςς</span> <span class='ocrx_word' id='word_1_49' title='bbox 1763 744 1891 819; x_wconf 70' lang='grc' dir='ltr'>’Ἆρ’</span> <span class='ocrx_word' id='word_1_50' title='bbox 1919 750 2018 802; x_wconf 78' lang='grc' dir='ltr'>οὐκ</span> 
     </span>
    </p>
   </div>
   <div class='ocr_carea' id='block_1_8' title="bbox 434 830 2023 909">
    <p class='ocr_par' dir='ltr' id='par_1_8' title="bbox 434 830 2023 909">
     <span class='ocr_line' id='line_1_8' title="bbox 434 830 2023 909; baseline 0.006 -24"><span class='ocrx_word' id='word_1_51' title='bbox 434 833 759 902; x_wconf 68' lang='grc' dir='ltr'>εὐδαίμονας</span> <span class='ocrx_word' id='word_1_52' title='bbox 789 851 880 886; x_wconf 85' lang='grc' dir='ltr'>σου</span> <span class='ocrx_word' id='word_1_53' title='bbox 906 835 1102 899; x_wconf 76' lang='grc' dir='ltr'>παῖδας</span> <span class='ocrx_word' id='word_1_54' title='bbox 1131 836 1203 898; x_wconf 77' lang='grc' dir='ltr'>ὡς</span> <span class='ocrx_word' id='word_1_55' title='bbox 1231 830 1343 888; x_wconf 78' lang='grc' dir='ltr'>οἷόν</span> <span class='ocrx_word' id='word_1_56' title='bbox 1370 854 1430 889; x_wconf 81' lang='grc' dir='ltr'>τε</span> <span class='ocrx_word' id='word_1_57' title='bbox 1470 831 1535 909; x_wconf 80' lang='grc' dir='ltr'>ἦν</span> <span class='ocrx_word' id='word_1_58' title='bbox 1566 840 1594 891; x_wconf 88' lang='grc' dir='ltr'>ὁ</span> <span class='ocrx_word' id='word_1_59' title='bbox 1620 839 1779 907; x_wconf 80' lang='grc' dir='ltr'>λόγος</span> <span class='ocrx_word' id='word_1_60' title='bbox 1802 840 2023 894; x_wconf 82' lang='grc' dir='ltr'>ἀπέδει-</span> 
     </span>
    </p>
   </div>
   <div class='ocr_carea' id='block_1_9' title="bbox 436 923 2022 1004">
    <p class='ocr_par' dir='ltr' id='par_1_9' title="bbox 436 923 2022 1004">
     <span class='ocr_line' id='line_1_9' title="bbox 436 923 2022 1004; baseline 0.008 -27"><span class='ocrx_word' id='word_1_61' title='bbox 436 926 567 989; x_wconf 80' lang='grc' dir='ltr'>ξεν;</span> <span class='ocrx_word' id='word_1_62' title='bbox 604 928 714 993; x_wconf 76' lang='grc' dir='ltr'>ἐγὼ</span> <span class='ocrx_word' id='word_1_63' title='bbox 748 928 846 996; x_wconf 74' lang='grc' dir='ltr'>μὲν</span> <span class='ocrx_word' id='word_1_64' title='bbox 882 923 1059 997; x_wconf 77' lang='grc' dir='ltr'>οἶμαι,</span> <span class='ocrx_word' id='word_1_65' title='bbox 1086 931 1179 983; x_wconf 74' lang='grc' dir='ltr'>καὶ</span> <span class='ocrx_word' id='word_1_66' title='bbox 1214 931 1275 984; x_wconf 85' lang='grc' dir='ltr'>οὐ</span> <span class='ocrx_word' id='word_1_67' title='bbox 1315 932 1502 1003; x_wconf 77' lang='grc' dir='ltr'>πόρῤω</span> <span class='ocrx_word' id='word_1_68' title='bbox 1556 934 1686 996; x_wconf 79' lang='grc' dir='ltr'>ἴσως</span> <span class='ocrx_word' id='word_1_69' title='bbox 1715 932 1867 1004; x_wconf 82' lang='grc' dir='ltr'>οἶμαι</span> <span class='ocrx_word' id='word_1_70' title='bbox 1898 953 2022 989; x_wconf 85' lang='grc' dir='ltr'>σκο-</span> 
     </span>
    </p>
   </div>
   <div class='ocr_carea' id='block_1_10' title="bbox 436 1018 2015 1099">
    <p class='ocr_par' dir='ltr' id='par_1_10' title="bbox 436 1018 2015 1099">
     <span class='ocr_line' id='line_1_10' title="bbox 436 1018 2015 1099; baseline 0.008 -29"><span class='ocrx_word' id='word_1_71' title='bbox 436 1018 561 1071; x_wconf 84' lang='grc' dir='ltr'>ποῦ.</span> <span class='ocrx_word' id='word_1_72' title='bbox 594 1020 659 1071; x_wconf 84' lang='grc' dir='ltr'>Τί</span> <span class='ocrx_word' id='word_1_73' title='bbox 689 1020 780 1073; x_wconf 77' lang='grc' dir='ltr'>οὖν</span> <span class='ocrx_word' id='word_1_74' title='bbox 806 1022 934 1076; x_wconf 79' lang='grc' dir='ltr'>ἄλλο</span> <span class='ocrx_word' id='word_1_75' title='bbox 956 1026 1130 1075; x_wconf 85' lang='grc' dir='ltr'>ποιεῖν</span> <span class='ocrx_word' id='word_1_76' title='bbox 1158 1025 1249 1077; x_wconf 74' lang='grc' dir='ltr'>ἐπὶ</span> <span class='ocrx_word' id='word_1_77' title='bbox 1277 1025 1457 1079; x_wconf 64' lang='lat' dir='ltr'>mem</span> <span class='ocrx_word' id='word_1_78' title='bbox 1476 1046 1512 1088; x_wconf 70' lang='grc' dir='ltr'>τ,</span> <span class='ocrx_word' id='word_1_79' title='bbox 1538 1026 1571 1098; x_wconf 79' lang='grc' dir='ltr'>ἢ</span> <span class='ocrx_word' id='word_1_80' title='bbox 1603 1029 1819 1099; x_wconf 81' lang='grc' dir='ltr'>χαίρειν</span> <span class='ocrx_word' id='word_1_81' title='bbox 1844 1030 2015 1095; x_wconf 74' lang='grc' dir='ltr'>εἰκὸς,</span> 
     </span>
    </p>
   </div>
   <div class='ocr_carea' id='block_1_11' title="bbox 438 1110 2022 1184">
    <p class='ocr_par' dir='ltr' id='par_1_11' title="bbox 438 1110 2022 1184">
     <span class='ocr_line' id='line_1_11' title="bbox 438 1110 2022 1184; baseline 0.006 -23"><span class='ocrx_word' id='word_1_82' title='bbox 438 1111 532 1162; x_wconf 70' lang='grc' dir='ltr'>καὶ</span> <span class='ocrx_word' id='word_1_83' title='bbox 563 1110 775 1173; x_wconf 81' lang='grc' dir='ltr'>πάντας</span> <span class='ocrx_word' id='word_1_84' title='bbox 800 1113 898 1181; x_wconf 84' lang='grc' dir='ltr'>μὲν</span> <span class='ocrx_word' id='word_1_85' title='bbox 935 1113 1152 1177; x_wconf 75' lang='grc' dir='ltr'>ἄλλους,</span> <span class='ocrx_word' id='word_1_86' title='bbox 1208 1116 1445 1184; x_wconf 79' lang='grc' dir='ltr'>μάλιστα</span> <span class='ocrx_word' id='word_1_87' title='bbox 1499 1116 1556 1168; x_wconf 73' lang='grc' dir='ltr'>δὲ</span> <span class='ocrx_word' id='word_1_88' title='bbox 1603 1118 1728 1180; x_wconf 77' lang='grc' dir='ltr'>τοὺς</span> <span class='ocrx_word' id='word_1_89' title='bbox 1752 1119 2022 1171; x_wconf 79' lang='grc' dir='ltr'>οἰκειοτά-</span> 
     </span>
    </p>
   </div>
   <div class='ocr_carea' id='block_1_12' title="bbox 434 1204 2019 1281">
    <p class='ocr_par' dir='ltr' id='par_1_12' title="bbox 434 1204 2019 1281">
     <span class='ocr_line' id='line_1_12' title="bbox 434 1204 2019 1281; baseline 0.008 -27"><span class='ocrx_word' id='word_1_90' title='bbox 434 1220 597 1269; x_wconf 75' lang='grc' dir='ltr'>τουςς</span> <span class='ocrx_word' id='word_1_91' title='bbox 630 1204 701 1256; x_wconf 69' lang='grc' dir='ltr'>Σύ</span> <span class='ocrx_word' id='word_1_92' title='bbox 733 1221 822 1273; x_wconf 91' lang='grc' dir='ltr'>μοι</span> <span class='ocrx_word' id='word_1_93' title='bbox 853 1209 1012 1277; x_wconf 81' lang='grc' dir='ltr'>χαῖρε.</span> <span class='ocrx_word' id='word_1_94' title='bbox 1044 1208 1229 1259; x_wconf 70' lang='grc' dir='ltr'>λοιπὸν</span> <span class='ocrx_word' id='word_1_95' title='bbox 1263 1208 1368 1279; x_wconf 59' lang='lat' dir='ltr'>&quot;tth</span> <span class='ocrx_word' id='word_1_96' title='bbox 1399 1208 1507 1263; x_wconf 81' lang='grc' dir='ltr'>τῶν</span> <span class='ocrx_word' id='word_1_97' title='bbox 1531 1210 1730 1276; x_wconf 79' lang='grc' dir='ltr'>ἄλλων,</span> <span class='ocrx_word' id='word_1_98' title='bbox 1773 1212 1894 1281; x_wconf 74' lang='grc' dir='ltr'>ίερέι</span> <span class='ocrx_word' id='word_1_99' title='bbox 1926 1215 2019 1266; x_wconf 73' lang='grc' dir='ltr'>καὶ</span> 
     </span>
    </p>
   </div>
   <div class='ocr_carea' id='block_1_13' title="bbox 447 1296 2020 1371">
    <p class='ocr_par' dir='ltr' id='par_1_13' title="bbox 447 1296 2020 1371">
     <span class='ocr_line' id='line_1_13' title="bbox 447 1296 2020 1371; baseline 0.006 -23"><span class='ocrx_word' id='word_1_100' title='bbox 447 1296 568 1348; x_wconf 86' lang='grc' dir='ltr'>θεία</span> <span class='ocrx_word' id='word_1_101' title='bbox 610 1296 940 1366; x_wconf 70' lang='grc' dir='ltr'>βασίὶισσα·</span> <span class='ocrx_word' id='word_1_102' title='bbox 998 1302 1097 1369; x_wconf 77' lang='grc' dir='ltr'>τὴν</span> <span class='ocrx_word' id='word_1_103' title='bbox 1130 1302 1239 1368; x_wconf 72' lang='grc' dir='ltr'>γὰρ</span> <span class='ocrx_word' id='word_1_104' title='bbox 1295 1302 1539 1370; x_wconf 67' lang='grc' dir='ltr'>ἀρχηγὸν</span> <span class='ocrx_word' id='word_1_105' title='bbox 1588 1303 1680 1357; x_wconf 81' lang='grc' dir='ltr'>τοῦ</span> <span class='ocrx_word' id='word_1_106' title='bbox 1707 1305 1896 1371; x_wconf 78' lang='grc' dir='ltr'>γένους</span> <span class='ocrx_word' id='word_1_107' title='bbox 1926 1306 2020 1358; x_wconf 78' lang='grc' dir='ltr'>καὶ</span> 
     </span>
    </p>
   </div>
   <div class='ocr_carea' id='block_1_14' title="bbox 437 1384 2019 1465">
    <p class='ocr_par' dir='ltr' id='par_1_14' title="bbox 437 1384 2019 1465">
     <span class='ocr_line' id='line_1_14' title="bbox 437 1384 2019 1465; baseline 0.007 -23"><span class='ocrx_word' id='word_1_108' title='bbox 437 1389 681 1459; x_wconf 72' lang='grc' dir='ltr'>ἀρχηγὸν</span> <span class='ocrx_word' id='word_1_109' title='bbox 709 1384 851 1443; x_wconf 80' lang='grc' dir='ltr'>εἶναι</span> <span class='ocrx_word' id='word_1_110' title='bbox 882 1391 986 1462; x_wconf 79' lang='grc' dir='ltr'>χρὴ</span> <span class='ocrx_word' id='word_1_111' title='bbox 1034 1396 1129 1464; x_wconf 80' lang='grc' dir='ltr'>τῆς</span> <span class='ocrx_word' id='word_1_112' title='bbox 1163 1397 1361 1465; x_wconf 71' lang='grc' dir='ltr'>χαρᾶςο</span> <span class='ocrx_word' id='word_1_113' title='bbox 1396 1397 1491 1450; x_wconf 76' lang='grc' dir='ltr'>καὶ</span> <span class='ocrx_word' id='word_1_114' title='bbox 1518 1398 1581 1450; x_wconf 84' lang='grc' dir='ltr'>σὺ</span> <span class='ocrx_word' id='word_1_115' title='bbox 1604 1398 1660 1449; x_wconf 81' lang='grc' dir='ltr'>δὲ</span> <span class='ocrx_word' id='word_1_116' title='bbox 1695 1392 1761 1463; x_wconf 86' lang='grc' dir='ltr'>ὧ,</span> <span class='ocrx_word' id='word_1_117' title='bbox 1800 1399 1891 1453; x_wconf 74' lang='grc' dir='ltr'>καὶ</span> <span class='ocrx_word' id='word_1_118' title='bbox 1917 1399 2019 1453; x_wconf 86' lang='grc' dir='ltr'>οὑκ</span> 
     </span>
    </p>
   </div>
   <div class='ocr_carea' id='block_1_15' title="bbox 439 1475 2018 1561">
    <p class='ocr_par' dir='ltr' id='par_1_15' title="bbox 439 1475 2018 1561">
     <span class='ocr_line' id='line_1_15' title="bbox 439 1475 2018 1561; baseline 0.007 -29"><span class='ocrx_word' id='word_1_119' title='bbox 439 1475 557 1534; x_wconf 79' lang='grc' dir='ltr'>οῖδα</span> <span class='ocrx_word' id='word_1_120' title='bbox 585 1482 638 1533; x_wconf 88' lang='grc' dir='ltr'>τί</span> <span class='ocrx_word' id='word_1_121' title='bbox 669 1481 788 1535; x_wconf 83' lang='grc' dir='ltr'>ποτ’</span> <span class='ocrx_word' id='word_1_122' title='bbox 824 1482 888 1536; x_wconf 84' lang='grc' dir='ltr'>ἄν</span> <span class='ocrx_word' id='word_1_123' title='bbox 931 1501 988 1537; x_wconf 88' lang='grc' dir='ltr'>σε</span> <span class='ocrx_word' id='word_1_124' title='bbox 1050 1488 1142 1538; x_wconf 77' lang='grc' dir='ltr'>καὶ</span> <span class='ocrx_word' id='word_1_125' title='bbox 1171 1487 1485 1556; x_wconf 82' lang='grc' dir='ltr'>προσειπὼν</span> <span class='ocrx_word' id='word_1_126' title='bbox 1511 1488 1677 1556; x_wconf 78' lang='grc' dir='ltr'>ἀξίως</span> <span class='ocrx_word' id='word_1_127' title='bbox 1713 1491 2018 1561; x_wconf 78' lang='grc' dir='ltr'>προσείπω,</span> 
     </span>
    </p>
   </div>
   <div class='ocr_carea' id='block_1_16' title="bbox 442 1570 2021 1655">
    <p class='ocr_par' dir='ltr' id='par_1_16' title="bbox 442 1570 2021 1655">
     <span class='ocr_line' id='line_1_16' title="bbox 442 1570 2021 1655; baseline 0.008 -30"><span class='ocrx_word' id='word_1_128' title='bbox 442 1570 697 1647; x_wconf 80' lang='grc' dir='ltr'>θειοτάτη</span> <span class='ocrx_word' id='word_1_129' title='bbox 723 1578 1237 1647; x_wconf 86' lang='grc' dir='ltr'>πορφυρογέννητε,</span> <span class='ocrx_word' id='word_1_130' title='bbox 1290 1585 1450 1653; x_wconf 77' lang='grc' dir='ltr'>χαῖρε</span> <span class='ocrx_word' id='word_1_131' title='bbox 1499 1582 1593 1636; x_wconf 84' lang='grc' dir='ltr'>καὶ</span> <span class='ocrx_word' id='word_1_132' title='bbox 1625 1582 1888 1655; x_wconf 71' lang='grc' dir='ltr'>σύγχαιρὲ</span> <span class='ocrx_word' id='word_1_133' title='bbox 1914 1601 2021 1654; x_wconf 91' lang='grc' dir='ltr'>μου</span> 
     </span>
    </p>
   </div>
   <div class='ocr_carea' id='block_1_17' title="bbox 438 1665 1698 1743">
    <p class='ocr_par' dir='ltr' id='par_1_17' title="bbox 438 1665 1698 1743">
     <span class='ocr_line' id='line_1_17' title="bbox 438 1665 1698 1743; baseline 0.012 -26"><span class='ocrx_word' id='word_1_134' title='bbox 438 1665 519 1736; x_wconf 83' lang='grc' dir='ltr'>τῷ</span> <span class='ocrx_word' id='word_1_135' title='bbox 542 1665 774 1739; x_wconf 78' lang='grc' dir='ltr'>δεσπότῃ</span> <span class='ocrx_word' id='word_1_136' title='bbox 810 1669 888 1735; x_wconf 86' lang='grc' dir='ltr'>τῷ</span> <span class='ocrx_word' id='word_1_137' title='bbox 930 1669 1079 1740; x_wconf 85' lang='grc' dir='ltr'>σοφῷ</span> <span class='ocrx_word' id='word_1_138' title='bbox 1113 1670 1378 1743; x_wconf 82' lang='grc' dir='ltr'>Καίσαρι.</span> <span class='ocrx_word' id='word_1_139' title='bbox 1690 1734 1698 1741; x_wconf 88' lang='lat'><strong>_</strong></span> 
     </span>
    </p>
   </div>
   <div class='ocr_carea' id='block_1_18' title="bbox 511 1755 2022 1838">
    <p class='ocr_par' dir='ltr' id='par_1_18' title="bbox 511 1755 2022 1838">
     <span class='ocr_line' id='line_1_18' title="bbox 511 1755 2022 1838; baseline 0.006 -25"><span class='ocrx_word' id='word_1_140' title='bbox 511 1755 581 1829; x_wconf 85' lang='grc' dir='ltr'>η’.</span> <span class='ocrx_word' id='word_1_141' title='bbox 616 1760 959 1832; x_wconf 86' lang='grc' dir='ltr'>Πεπέρανται</span> <span class='ocrx_word' id='word_1_142' title='bbox 994 1762 1123 1831; x_wconf 87' lang='grc' dir='ltr'>ὑμῖν</span> <span class='ocrx_word' id='word_1_143' title='bbox 1147 1764 1255 1819; x_wconf 74' lang='grc' dir='ltr'>ἰδοὺ</span> <span class='ocrx_word' id='word_1_144' title='bbox 1287 1768 1320 1835; x_wconf 90' lang='grc' dir='ltr'>ή</span> <span class='ocrx_word' id='word_1_145' title='bbox 1349 1766 1510 1837; x_wconf 80' lang='grc' dir='ltr'>εὐχὴ,</span> <span class='ocrx_word' id='word_1_146' title='bbox 1544 1768 1640 1820; x_wconf 72' lang='grc' dir='ltr'>καὶ</span> <span class='ocrx_word' id='word_1_147' title='bbox 1667 1769 1698 1838; x_wconf 85' lang='grc' dir='ltr'>ή</span> <span class='ocrx_word' id='word_1_148' title='bbox 1730 1767 1912 1836; x_wconf 69' lang='grc' dir='ltr'>ἔφεσις</span> <span class='ocrx_word' id='word_1_149' title='bbox 1935 1786 2022 1822; x_wconf 85' lang='grc' dir='ltr'>τε·</span> 
     </span>
    </p>
   </div>
   <div class='ocr_carea' id='block_1_19' title="bbox 2120 561 3709 635">
    <p class='ocr_par' dir='ltr' id='par_1_19' title="bbox 2120 561 3709 635">
     <span class='ocr_line' id='line_1_19' title="bbox 2120 561 3709 635; baseline -0.001 -20"><span class='ocrx_word' id='word_1_150' title='bbox 2120 562 2407 634; x_wconf 84' lang='grc' dir='ltr'>λιώμεθα·</span> <span class='ocrx_word' id='word_1_151' title='bbox 2462 564 2667 619; x_wconf 85' lang='grc' dir='ltr'>δούλων</span> <span class='ocrx_word' id='word_1_152' title='bbox 2700 566 2810 635; x_wconf 78' lang='grc' dir='ltr'>γὰρ</span> <span class='ocrx_word' id='word_1_153' title='bbox 2855 564 3189 633; x_wconf 84' lang='grc' dir='ltr'>ἀγνωμόνων</span> <span class='ocrx_word' id='word_1_154' title='bbox 3244 562 3320 633; x_wconf 82' lang='grc' dir='ltr'>μὴ</span> <span class='ocrx_word' id='word_1_155' title='bbox 3387 561 3709 631; x_wconf 75' lang='grc' dir='ltr'>συγχαίρειν</span> 
     </span>
    </p>
   </div>
   <div class='ocr_carea' id='block_1_20' title="bbox 2123 650 3711 724">
    <p class='ocr_par' dir='ltr' id='par_1_20' title="bbox 2123 650 3711 724">
     <span class='ocr_line' id='line_1_20' title="bbox 2123 650 3711 724; baseline -0.003 -19"><span class='ocrx_word' id='word_1_156' title='bbox 2123 651 2378 722; x_wconf 80' lang='grc' dir='ltr'>χαίρουσι</span> <span class='ocrx_word' id='word_1_157' title='bbox 2408 655 2522 717; x_wconf 87' lang='grc' dir='ltr'>τοῖς</span> <span class='ocrx_word' id='word_1_158' title='bbox 2556 653 3039 724; x_wconf 70' lang='grc' dir='ltr'>δεσπόταις,’μηδὶ</span> <span class='ocrx_word' id='word_1_159' title='bbox 3064 654 3216 720; x_wconf 83' lang='grc' dir='ltr'>σφῶν</span> <span class='ocrx_word' id='word_1_160' title='bbox 3237 650 3447 706; x_wconf 77' lang='grc' dir='ltr'>ἑαυτῶν</span> <span class='ocrx_word' id='word_1_161' title='bbox 3477 651 3535 703; x_wconf 73' lang='grc' dir='ltr'>τὸ</span> <span class='ocrx_word' id='word_1_162' title='bbox 3565 651 3711 703; x_wconf 80' lang='grc' dir='ltr'>ὲκεί-</span> 
     </span>
    </p>
   </div>
   <div class='ocr_carea' id='block_1_21' title="bbox 2121 730 3705 816">
    <p class='ocr_par' dir='ltr' id='par_1_21' title="bbox 2121 730 3705 816">
     <span class='ocr_line' id='line_1_21' title="bbox 2121 730 3705 816; baseline 0.001 -19"><span class='ocrx_word' id='word_1_163' title='bbox 2121 762 2228 797; x_wconf 91' lang='grc' dir='ltr'>νων</span> <span class='ocrx_word' id='word_1_164' title='bbox 2262 744 2428 813; x_wconf 75' lang='grc' dir='ltr'>γῆθος</span> <span class='ocrx_word' id='word_1_165' title='bbox 2483 730 2679 809; x_wconf 80' lang='grc' dir='ltr'>ποιεῖν,</span> <span class='ocrx_word' id='word_1_166' title='bbox 2713 745 2904 816; x_wconf 78' lang='grc' dir='ltr'>ὥσπερ</span> <span class='ocrx_word' id='word_1_167' title='bbox 2937 746 3003 816; x_wconf 76' lang='grc' dir='ltr'>δή</span> <span class='ocrx_word' id='word_1_168' title='bbox 3034 748 3131 800; x_wconf 71' lang='grc' dir='ltr'>καὶ</span> <span class='ocrx_word' id='word_1_169' title='bbox 3158 747 3219 800; x_wconf 81' lang='grc' dir='ltr'>τδ</span> <span class='ocrx_word' id='word_1_170' title='bbox 3254 748 3515 800; x_wconf 76' lang='grc' dir='ltr'>ἐναντίον.</span> <span class='ocrx_word' id='word_1_171' title='bbox 3564 746 3705 799; x_wconf 81' lang='grc' dir='ltr'>Ἀλλ’</span> 
     </span>
    </p>
   </div>
   <div class='ocr_carea' id='block_1_22' title="bbox 2122 838 3704 908">
    <p class='ocr_par' dir='ltr' id='par_1_22' title="bbox 2122 838 3704 908">
     <span class='ocr_line' id='line_1_22' title="bbox 2122 838 3704 908; baseline 0.001 -18"><span class='ocrx_word' id='word_1_172' title='bbox 2122 838 2461 906; x_wconf 75' lang='grc' dir='ltr'>ἀποτρέποις</span> <span class='ocrx_word' id='word_1_173' title='bbox 2500 839 2591 907; x_wconf 86' lang='grc' dir='ltr'>ἀφ’</span> <span class='ocrx_word' id='word_1_174' title='bbox 2624 840 2782 908; x_wconf 83' lang='grc' dir='ltr'>ήμῶν</span> <span class='ocrx_word' id='word_1_175' title='bbox 2817 839 2885 893; x_wconf 85' lang='grc' dir='ltr'>τὰ</span> <span class='ocrx_word' id='word_1_176' title='bbox 2936 839 3264 908; x_wconf 78' lang='grc' dir='ltr'>κακόφημα,</span> <span class='ocrx_word' id='word_1_177' title='bbox 3304 840 3509 907; x_wconf 80' lang='grc' dir='ltr'>Χριστὲ</span> <span class='ocrx_word' id='word_1_178' title='bbox 3547 838 3704 907; x_wconf 80' lang='grc' dir='ltr'>βασι-</span> 
     </span>
    </p>
   </div>
   <div class='ocr_carea' id='block_1_23' title="bbox 2119 927 3706 1003">
    <p class='ocr_par' dir='ltr' id='par_1_23' title="bbox 2119 927 3706 1003">
     <span class='ocr_line' id='line_1_23' title="bbox 2119 927 3706 1003; baseline 0.003 -23"><span class='ocrx_word' id='word_1_179' title='bbox 2119 927 2236 982; x_wconf 78' lang='grc' dir='ltr'>λεῦ.</span> <span class='ocrx_word' id='word_1_180' title='bbox 2273 928 2340 982; x_wconf 71' lang='lat' dir='ltr'><strong><em>Ei</em></strong></span> <span class='ocrx_word' id='word_1_181' title='bbox 2390 948 2474 991; x_wconf 88' lang='grc' dir='ltr'>τις</span> <span class='ocrx_word' id='word_1_182' title='bbox 2531 931 2808 1000; x_wconf 79' lang='grc' dir='ltr'>αἴσθησις,</span> <span class='ocrx_word' id='word_1_183' title='bbox 2852 932 3040 985; x_wconf 79' lang='grc' dir='ltr'>καὶσὺ</span> <span class='ocrx_word' id='word_1_184' title='bbox 3093 933 3193 1001; x_wconf 81' lang='grc' dir='ltr'>τῆς</span> <span class='ocrx_word' id='word_1_185' title='bbox 3224 934 3404 1003; x_wconf 78' lang='grc' dir='ltr'>χαρᾶς</span> <span class='ocrx_word' id='word_1_186' title='bbox 3454 933 3706 987; x_wconf 81' lang='grc' dir='ltr'>κοινώνει</span> 
     </span>
    </p>
   </div>
   <div class='ocr_carea' id='block_1_24' title="bbox 2122 1016 3704 1093">
    <p class='ocr_par' dir='ltr' id='par_1_24' title="bbox 2122 1016 3704 1093">
     <span class='ocr_line' id='line_1_24' title="bbox 2122 1016 3704 1093; baseline 0.004 -24"><span class='ocrx_word' id='word_1_187' title='bbox 2122 1016 2335 1088; x_wconf 84' lang='grc' dir='ltr'>θάλαμε</span> <span class='ocrx_word' id='word_1_188' title='bbox 2390 1020 2482 1074; x_wconf 80' lang='grc' dir='ltr'>καὶ</span> <span class='ocrx_word' id='word_1_189' title='bbox 2536 1023 2749 1083; x_wconf 86' lang='grc' dir='ltr'>παστάς</span> <span class='ocrx_word' id='word_1_190' title='bbox 2777 1039 2790 1052; x_wconf 88' lang='grc'><strong>·</strong></span> <span class='ocrx_word' id='word_1_191' title='bbox 2828 1023 3020 1092; x_wconf 75' lang='grc' dir='ltr'>μηδεὶς</span> <span class='ocrx_word' id='word_1_192' title='bbox 3060 1022 3299 1077; x_wconf 77' lang='grc' dir='ltr'>ἐνταῦθα</span> <span class='ocrx_word' id='word_1_193' title='bbox 3355 1024 3704 1093; x_wconf 77' lang='grc' dir='ltr'>σκυθρωπὸς,</span> 
     </span>
    </p>
   </div>
   <div class='ocr_carea' id='block_1_25' title="bbox 2127 1110 3837 1186">
    <p class='ocr_par' dir='ltr' id='par_1_25' title="bbox 2127 1110 3837 1186">
     <span class='ocr_line' id='line_1_25' title="bbox 2127 1110 3837 1186; baseline 0.005 -24"><span class='ocrx_word' id='word_1_194' title='bbox 2127 1110 2318 1180; x_wconf 76' lang='grc' dir='ltr'>μηδεὶς</span> <span class='ocrx_word' id='word_1_195' title='bbox 2364 1114 2645 1183; x_wconf 77' lang='grc' dir='ltr'>κατηφὴς,</span> <span class='ocrx_word' id='word_1_196' title='bbox 2700 1114 2879 1168; x_wconf 83' lang='grc' dir='ltr'>πάντα</span> <span class='ocrx_word' id='word_1_197' title='bbox 2917 1116 3200 1185; x_wconf 69' lang='grc' dir='ltr'>μεισιάτω,</span> <span class='ocrx_word' id='word_1_198' title='bbox 3232 1115 3413 1169; x_wconf 88' lang='grc' dir='ltr'>πάντα</span> <span class='ocrx_word' id='word_1_199' title='bbox 3444 1115 3705 1186; x_wconf 75' lang='grc' dir='ltr'>χαιρέτω,</span> <span class='ocrx_word' id='word_1_200' title='bbox 3816 1114 3837 1132; x_wconf 88' lang='grc'><strong>⁸</strong></span> 
     </span>
    </p>
   </div>
   <div class='ocr_carea' id='block_1_26' title="bbox 2127 1206 3367 1279">
    <p class='ocr_par' dir='ltr' id='par_1_26' title="bbox 2127 1206 3367 1279">
     <span class='ocr_line' id='line_1_26' title="bbox 2127 1206 3367 1279; baseline 0.005 -22"><span class='ocrx_word' id='word_1_201' title='bbox 2127 1206 2303 1257; x_wconf 81' lang='grc' dir='ltr'>πάντα</span> <span class='ocrx_word' id='word_1_202' title='bbox 2329 1207 2823 1274; x_wconf 81' lang='grc' dir='ltr'>συνεπαγαλλέσθω</span> <span class='ocrx_word' id='word_1_203' title='bbox 2852 1210 2967 1269; x_wconf 86' lang='grc' dir='ltr'>τοῖς</span> <span class='ocrx_word' id='word_1_204' title='bbox 2994 1207 3367 1279; x_wconf 79' lang='grc' dir='ltr'>τελουμένοις.</span> 
     </span>
    </p>
   </div>
   <div class='ocr_carea' id='block_1_27' title="bbox 2204 1298 3710 1370">
    <p class='ocr_par' dir='ltr' id='par_1_27' title="bbox 2204 1298 3710 1370">
     <span class='ocr_line' id='line_1_27' title="bbox 2204 1298 3710 1370; baseline 0.002 -18"><span class='ocrx_word' id='word_1_205' title='bbox 2204 1299 2269 1352; x_wconf 89' lang='grc' dir='ltr'>θ’.</span> <span class='ocrx_word' id='word_1_206' title='bbox 2297 1299 2451 1352; x_wconf 86' lang='grc' dir='ltr'>Νικῶ</span> <span class='ocrx_word' id='word_1_207' title='bbox 2476 1316 2591 1358; x_wconf 65' lang='grc' dir='ltr'>σου.</span> <span class='ocrx_word' id='word_1_208' title='bbox 2625 1298 2783 1368; x_wconf 83' lang='grc' dir='ltr'>μὺθε,</span> <span class='ocrx_word' id='word_1_209' title='bbox 2810 1300 2936 1362; x_wconf 77' lang='grc' dir='ltr'>τοὺς</span> <span class='ocrx_word' id='word_1_210' title='bbox 2956 1299 3194 1370; x_wconf 81' lang='grc' dir='ltr'>γάμους,</span> <span class='ocrx_word' id='word_1_211' title='bbox 3222 1301 3327 1354; x_wconf 75' lang='grc' dir='ltr'>κᾶν</span> <span class='ocrx_word' id='word_1_212' title='bbox 3353 1300 3534 1370; x_wconf 83' lang='grc' dir='ltr'>δῶμεν</span> <span class='ocrx_word' id='word_1_213' title='bbox 3574 1302 3710 1370; x_wconf 80' lang='grc' dir='ltr'>άλη-</span> 
     </span>
    </p>
   </div>
   <div class='ocr_carea' id='block_1_28' title="bbox 2123 1391 3711 1463">
    <p class='ocr_par' dir='ltr' id='par_1_28' title="bbox 2123 1391 3711 1463">
     <span class='ocr_line' id='line_1_28' title="bbox 2123 1391 3711 1463; baseline 0.001 -17"><span class='ocrx_word' id='word_1_214' title='bbox 2123 1392 2302 1446; x_wconf 85' lang='grc' dir='ltr'>θεύειν</span> <span class='ocrx_word' id='word_1_215' title='bbox 2331 1392 2399 1445; x_wconf 83' lang='grc' dir='ltr'>τά</span> <span class='ocrx_word' id='word_1_216' title='bbox 2426 1391 2743 1462; x_wconf 75' lang='grc' dir='ltr'>μυθούμενα</span> <span class='ocrx_word' id='word_1_217' title='bbox 2764 1408 2777 1422; x_wconf 86' lang='grc'><strong>·</strong></span> <span class='ocrx_word' id='word_1_218' title='bbox 2834 1393 2898 1445; x_wconf 77' lang='grc' dir='ltr'>σὺ</span> <span class='ocrx_word' id='word_1_219' title='bbox 2929 1394 3029 1461; x_wconf 67' lang='grc' dir='ltr'>μὲν</span> <span class='ocrx_word' id='word_1_220' title='bbox 3059 1392 3171 1463; x_wconf 83' lang='grc' dir='ltr'>γὰρ</span> <span class='ocrx_word' id='word_1_221' title='bbox 3214 1392 3385 1463; x_wconf 86' lang='grc' dir='ltr'>Πηλεῖ</span> <span class='ocrx_word' id='word_1_222' title='bbox 3410 1395 3711 1459; x_wconf 80' lang='grc' dir='ltr'>συνάπτεις</span> 
     </span>
    </p>
   </div>
   <div class='ocr_carea' id='block_1_29' title="bbox 2123 1485 3711 1559">
    <p class='ocr_par' dir='ltr' id='par_1_29' title="bbox 2123 1485 3711 1559">
     <span class='ocr_line' id='line_1_29' title="bbox 2123 1485 3711 1559; baseline 0.001 -20"><span class='ocrx_word' id='word_1_223' title='bbox 2123 1486 2403 1556; x_wconf 80' lang='grc' dir='ltr'>θυγατέρα</span> <span class='ocrx_word' id='word_1_224' title='bbox 2452 1485 2612 1539; x_wconf 79' lang='grc' dir='ltr'>Θέτιν</span> <span class='ocrx_word' id='word_1_225' title='bbox 2647 1485 2822 1540; x_wconf 86' lang='grc' dir='ltr'>ἀλίοιο</span> <span class='ocrx_word' id='word_1_226' title='bbox 2866 1485 3148 1556; x_wconf 81' lang='grc' dir='ltr'>γέροντος,</span> <span class='ocrx_word' id='word_1_227' title='bbox 3186 1486 3298 1555; x_wconf 75' lang='grc' dir='ltr'>ἐγὼ</span> <span class='ocrx_word' id='word_1_228' title='bbox 3327 1487 3383 1541; x_wconf 82' lang='grc' dir='ltr'>δὲ</span> <span class='ocrx_word' id='word_1_229' title='bbox 3419 1489 3577 1541; x_wconf 76' lang='grc' dir='ltr'>παισὶ</span> <span class='ocrx_word' id='word_1_230' title='bbox 3612 1489 3711 1559; x_wconf 87' lang='grc' dir='ltr'>βα-</span> 
     </span>
    </p>
   </div>
   <div class='ocr_carea' id='block_1_30' title="bbox 2124 1573 3708 1645">
    <p class='ocr_par' dir='ltr' id='par_1_30' title="bbox 2124 1573 3708 1645">
     <span class='ocr_line' id='line_1_30' title="bbox 2124 1573 3708 1645; baseline 0.001 -17"><span class='ocrx_word' id='word_1_231' title='bbox 2124 1575 2321 1628; x_wconf 82' lang='grc' dir='ltr'>σιλέων</span> <span class='ocrx_word' id='word_1_232' title='bbox 2360 1573 2758 1638; x_wconf 78' lang='grc' dir='ltr'>ὲπιδοξοτάτων</span> <span class='ocrx_word' id='word_1_233' title='bbox 2792 1575 3053 1644; x_wconf 84' lang='grc' dir='ltr'>ἀρχηγῶν</span> <span class='ocrx_word' id='word_1_234' title='bbox 3103 1574 3411 1645; x_wconf 77' lang='grc' dir='ltr'>θυγατέρας</span> <span class='ocrx_word' id='word_1_235' title='bbox 3436 1592 3449 1605; x_wconf 91' lang='grc'><strong>·</strong></span> <span class='ocrx_word' id='word_1_236' title='bbox 3515 1577 3611 1629; x_wconf 76' lang='grc' dir='ltr'>καὶ</span> <span class='ocrx_word' id='word_1_237' title='bbox 3644 1578 3708 1631; x_wconf 71' lang='grc' dir='ltr'>σὺ</span> 
     </span>
    </p>
   </div>
   <div class='ocr_carea' id='block_1_31' title="bbox 2128 1665 3711 1738">
    <p class='ocr_par' dir='ltr' id='par_1_31' title="bbox 2128 1665 3711 1738">
     <span class='ocr_line' id='line_1_31' title="bbox 2128 1665 3711 1738; baseline 0.001 -19"><span class='ocrx_word' id='word_1_238' title='bbox 2128 1667 2227 1738; x_wconf 77' lang='grc' dir='ltr'>μὲν</span> <span class='ocrx_word' id='word_1_239' title='bbox 2259 1669 2317 1719; x_wconf 82' lang='grc' dir='ltr'>ὲν</span> <span class='ocrx_word' id='word_1_240' title='bbox 2346 1667 2531 1737; x_wconf 78' lang='grc' dir='ltr'>ἄντρῳ</span> <span class='ocrx_word' id='word_1_241' title='bbox 2567 1666 2886 1737; x_wconf 81' lang='grc' dir='ltr'>πετρήεντι,</span> <span class='ocrx_word' id='word_1_242' title='bbox 2945 1665 3057 1735; x_wconf 81' lang='grc' dir='ltr'>ἐγὼ</span> <span class='ocrx_word' id='word_1_243' title='bbox 3089 1665 3134 1719; x_wconf 84' lang='grc' dir='ltr'>δ’</span> <span class='ocrx_word' id='word_1_244' title='bbox 3165 1669 3225 1721; x_wconf 70' lang='grc' dir='ltr'>ἐν</span> <span class='ocrx_word' id='word_1_245' title='bbox 3256 1668 3445 1731; x_wconf 83' lang='grc' dir='ltr'>αὐτοῖς</span> <span class='ocrx_word' id='word_1_246' title='bbox 3474 1669 3711 1722; x_wconf 82' lang='grc' dir='ltr'>ἀνακτό-</span> 
     </span>
    </p>
   </div>
   <div class='ocr_carea' id='block_1_32' title="bbox 2127 1760 3708 1835">
    <p class='ocr_par' dir='ltr' id='par_1_32' title="bbox 2127 1760 3708 1835">
     <span class='ocr_line' id='line_1_32' title="bbox 2127 1760 3708 1835; baseline 0.001 -22"><span class='ocrx_word' id='word_1_247' title='bbox 2127 1779 2239 1835; x_wconf 87' lang='grc' dir='ltr'>ροις</span> <span class='ocrx_word' id='word_1_248' title='bbox 2260 1760 2622 1829; x_wconf 82' lang='grc' dir='ltr'>νυμφοστολῶ</span> <span class='ocrx_word' id='word_1_249' title='bbox 2648 1776 2663 1791; x_wconf 85' lang='lat'>&#39;</span> <span class='ocrx_word' id='word_1_250' title='bbox 2690 1762 2784 1815; x_wconf 75' lang='grc' dir='ltr'>καὶ</span> <span class='ocrx_word' id='word_1_251' title='bbox 2807 1761 2872 1815; x_wconf 81' lang='grc' dir='ltr'>σὺ</span> <span class='ocrx_word' id='word_1_252' title='bbox 2908 1762 3005 1831; x_wconf 79' lang='grc' dir='ltr'>μὲν</span> <span class='ocrx_word' id='word_1_253' title='bbox 3036 1760 3361 1832; x_wconf 79' lang='grc' dir='ltr'>Ἀφροδίτην</span> <span class='ocrx_word' id='word_1_254' title='bbox 3395 1762 3708 1832; x_wconf 86' lang='grc' dir='ltr'>συμποσιά-</span> 
     </span>
    </p>
   </div>
   <div class='ocr_carea' id='block_1_33' title="bbox 440 1830 3709 1932">
    <p class='ocr_par' dir='ltr' id='par_1_33' title="bbox 440 1830 3709 1932">
     <span class='ocr_line' id='line_1_33' title="bbox 440 1830 3709 1932; baseline 0.004 -29"><span class='ocrx_word' id='word_1_255' title='bbox 440 1830 790 1921; x_wconf 52' lang='grc' dir='ltr'>τελεὺτηταιξ</span> <span class='ocrx_word' id='word_1_256' title='bbox 808 1854 996 1909; x_wconf 84' lang='grc' dir='ltr'>Εἰδετε</span> <span class='ocrx_word' id='word_1_257' title='bbox 1013 1830 1847 1931; x_wconf 64' lang='grc' dir='ltr'>νυμφαγωγουμενουςεὺτυχιῦς</span> <span class='ocrx_word' id='word_1_258' title='bbox 1868 1864 2021 1932; x_wconf 84' lang='grc' dir='ltr'>ὑμῶν</span> <span class='ocrx_word' id='word_1_259' title='bbox 2053 1830 2095 1884; x_wconf 68' lang='grc' dir='ltr'><strong>Β</strong></span> <span class='ocrx_word' id='word_1_260' title='bbox 2124 1830 2239 1918; x_wconf 56' lang='grc' dir='ltr'>(ἵεις</span> <span class='ocrx_word' id='word_1_261' title='bbox 2267 1853 2360 1905; x_wconf 57' lang='grc' dir='ltr'>καὶ</span> <span class='ocrx_word' id='word_1_262' title='bbox 2384 1852 2565 1922; x_wconf 80' lang='grc' dir='ltr'>Ἥραν</span> <span class='ocrx_word' id='word_1_263' title='bbox 2595 1854 2690 1905; x_wconf 66' lang='grc' dir='ltr'>καὶ</span> <span class='ocrx_word' id='word_1_264' title='bbox 2736 1830 2994 1921; x_wconf 71' lang='grc' dir='ltr'>Ἀθηνᾶν,</span> <span class='ocrx_word' id='word_1_265' title='bbox 3017 1851 3131 1919; x_wconf 66' lang='grc' dir='ltr'>ἐγὼ</span> <span class='ocrx_word' id='word_1_266' title='bbox 3148 1830 3217 1905; x_wconf 10' lang='grc' dir='ltr'>νδδ</span> <span class='ocrx_word' id='word_1_267' title='bbox 3246 1830 3375 1915; x_wconf 65' lang='grc' dir='ltr'>ὀλὰς</span> <span class='ocrx_word' id='word_1_268' title='bbox 3397 1830 3709 1917; x_wconf 66' lang='grc' dir='ltr'>δεάποίναςο</span> 
     </span>
    </p>
   </div>
   <div class='ocr_carea' id='block_1_34' title="bbox 440 1946 2020 2023">
    <p class='ocr_par' dir='ltr' id='par_1_34' title="bbox 440 1946 2020 2023">
     <span class='ocr_line' id='line_1_34' title="bbox 440 1946 2020 2023; baseline 0.007 -27"><span class='ocrx_word' id='word_1_269' title='bbox 440 1946 565 2007; x_wconf 78' lang='grc' dir='ltr'>τοὺς</span> <span class='ocrx_word' id='word_1_270' title='bbox 593 1946 768 2009; x_wconf 74' lang='grc' dir='ltr'>υἱέας,</span> <span class='ocrx_word' id='word_1_271' title='bbox 804 1950 1297 2018; x_wconf 78' lang='grc' dir='ltr'>στεφανουμένους,</span> <span class='ocrx_word' id='word_1_272' title='bbox 1321 1953 1761 2022; x_wconf 74' lang='grc' dir='ltr'>κηρυττομένους</span> <span class='ocrx_word' id='word_1_273' title='bbox 1783 1956 1848 2023; x_wconf 80' lang='grc' dir='ltr'>τῇ</span> <span class='ocrx_word' id='word_1_274' title='bbox 1887 1969 2020 2022; x_wconf 80' lang='grc' dir='ltr'>συγ·</span> 
     </span>
    </p>
   </div>
   <div class='ocr_carea' id='block_1_35' title="bbox 441 2036 2022 2115">
    <p class='ocr_par' dir='ltr' id='par_1_35' title="bbox 441 2036 2022 2115">
     <span class='ocr_line' id='line_1_35' title="bbox 441 2036 2022 2115; baseline 0.005 -26"><span class='ocrx_word' id='word_1_275' title='bbox 441 2036 626 2107; x_wconf 84' lang='grc' dir='ltr'>κλήτῳ</span> <span class='ocrx_word' id='word_1_276' title='bbox 655 2037 843 2110; x_wconf 78' lang='grc' dir='ltr'>βουλῇ,</span> <span class='ocrx_word' id='word_1_277' title='bbox 880 2040 958 2110; x_wconf 80' lang='grc' dir='ltr'>τῷ</span> <span class='ocrx_word' id='word_1_278' title='bbox 990 2040 1169 2113; x_wconf 86' lang='grc' dir='ltr'>δήμῳ,</span> <span class='ocrx_word' id='word_1_279' title='bbox 1226 2041 1303 2111; x_wconf 77' lang='grc' dir='ltr'>τῷ</span> <span class='ocrx_word' id='word_1_280' title='bbox 1342 2042 1572 2113; x_wconf 85' lang='grc' dir='ltr'>βήματι,</span> <span class='ocrx_word' id='word_1_281' title='bbox 1620 2046 2022 2115; x_wconf 71' lang='grc' dir='ltr'>προπεμπομέ-</span> 
     </span>
    </p>
   </div>
   <div class='ocr_carea' id='block_1_36' title="bbox 442 2130 2021 2207">
    <p class='ocr_par' dir='ltr' id='par_1_36' title="bbox 442 2130 2021 2207">
     <span class='ocr_line' id='line_1_36' title="bbox 442 2130 2021 2207; baseline 0.004 -25"><span class='ocrx_word' id='word_1_282' title='bbox 442 2146 566 2193; x_wconf 90' lang='grc' dir='ltr'>νους</span> <span class='ocrx_word' id='word_1_283' title='bbox 599 2130 669 2184; x_wconf 87' lang='grc' dir='ltr'>τά</span> <span class='ocrx_word' id='word_1_284' title='bbox 700 2133 1082 2201; x_wconf 83' lang='grc' dir='ltr'>νυμφευτήρια</span> <span class='ocrx_word' id='word_1_285' title='bbox 1118 2132 1196 2202; x_wconf 84' lang='grc' dir='ltr'>τῷ</span> <span class='ocrx_word' id='word_1_286' title='bbox 1223 2135 1349 2203; x_wconf 80' lang='grc' dir='ltr'>χθὲς</span> <span class='ocrx_word' id='word_1_287' title='bbox 1375 2134 1445 2187; x_wconf 77' lang='grc' dir='ltr'>τὰ</span> <span class='ocrx_word' id='word_1_288' title='bbox 1484 2135 1730 2188; x_wconf 74' lang='grc' dir='ltr'>ἐπινίκια</span> <span class='ocrx_word' id='word_1_289' title='bbox 1766 2153 2021 2207; x_wconf 87' lang='grc' dir='ltr'>προπεμ-</span> 
     </span>
    </p>
   </div>
   <div class='ocr_carea' id='block_1_37' title="bbox 444 2222 2019 2296">
    <p class='ocr_par' dir='ltr' id='par_1_37' title="bbox 444 2222 2019 2296">
     <span class='ocr_line' id='line_1_37' title="bbox 444 2222 2019 2296; baseline 0.003 -21"><span class='ocrx_word' id='word_1_290' title='bbox 444 2222 630 2292; x_wconf 76' lang='grc' dir='ltr'>φθέντι</span> <span class='ocrx_word' id='word_1_291' title='bbox 662 2222 790 2293; x_wconf 89' lang='grc' dir='ltr'>θείῳ</span> <span class='ocrx_word' id='word_1_292' title='bbox 822 2224 915 2277; x_wconf 64' lang='grc' dir='ltr'>καὶ⁸</span> <span class='ocrx_word' id='word_1_293' title='bbox 975 2223 1208 2293; x_wconf 79' lang='grc' dir='ltr'>βασιλεῖ.</span> <span class='ocrx_word' id='word_1_294' title='bbox 1289 2225 1517 2295; x_wconf 80' lang='grc' dir='ltr'>Σὺμπας</span> <span class='ocrx_word' id='word_1_295' title='bbox 1555 2226 1777 2280; x_wconf 81' lang='grc' dir='ltr'>ἀπέστω</span> <span class='ocrx_word' id='word_1_296' title='bbox 1806 2227 2019 2296; x_wconf 84' lang='grc' dir='ltr'>φθόνος,</span> 
     </span>
    </p>
   </div>
   <div class='ocr_carea' id='block_1_38' title="bbox 442 2314 2020 2389">
    <p class='ocr_par' dir='ltr' id='par_1_38' title="bbox 442 2314 2020 2389">
     <span class='ocr_line' id='line_1_38' title="bbox 442 2314 2020 2389; baseline 0.003 -21"><span class='ocrx_word' id='word_1_297' title='bbox 442 2314 644 2380; x_wconf 81' lang='grc' dir='ltr'>καλοὺς</span> <span class='ocrx_word' id='word_1_298' title='bbox 673 2318 866 2381; x_wconf 83' lang='grc' dir='ltr'>καλαῖς</span> <span class='ocrx_word' id='word_1_299' title='bbox 901 2319 1305 2389; x_wconf 73' lang='grc' dir='ltr'>ὲνυμφεύσατε,</span> <span class='ocrx_word' id='word_1_300' title='bbox 1334 2319 1484 2384; x_wconf 79' lang='grc' dir='ltr'>ἄξιον</span> <span class='ocrx_word' id='word_1_301' title='bbox 1541 2315 1696 2372; x_wconf 79' lang='grc' dir='ltr'>εἶπεν</span> <span class='ocrx_word' id='word_1_302' title='bbox 1724 2318 1790 2372; x_wconf 83' lang='grc' dir='ltr'>ἄν</span> <span class='ocrx_word' id='word_1_303' title='bbox 1820 2336 1899 2382; x_wconf 67' lang='grc' dir='ltr'>τις</span> <span class='ocrx_word' id='word_1_304' title='bbox 1927 2320 2020 2372; x_wconf 81' lang='grc' dir='ltr'>τοῦ</span> 
     </span>
    </p>
   </div>
   <div class='ocr_carea' id='block_1_39' title="bbox 443 2409 2023 2483">
    <p class='ocr_par' dir='ltr' id='par_1_39' title="bbox 443 2409 2023 2483">
     <span class='ocr_line' id='line_1_39' title="bbox 443 2409 2023 2483; baseline 0.003 -21"><span class='ocrx_word' id='word_1_305' title='bbox 443 2409 644 2463; x_wconf 82' lang='grc' dir='ltr'>Πυθίου</span> <span class='ocrx_word' id='word_1_306' title='bbox 698 2412 759 2464; x_wconf 77' lang='grc' dir='ltr'>τὸ</span> <span class='ocrx_word' id='word_1_307' title='bbox 801 2411 1025 2481; x_wconf 86' lang='grc' dir='ltr'>χρῆμα·</span> <span class='ocrx_word' id='word_1_308' title='bbox 1078 2413 1173 2466; x_wconf 75' lang='grc' dir='ltr'>καὶ</span> <span class='ocrx_word' id='word_1_309' title='bbox 1208 2414 1367 2483; x_wconf 82' lang='grc' dir='ltr'>ὑμεῖς</span> <span class='ocrx_word' id='word_1_310' title='bbox 1417 2412 1473 2466; x_wconf 79' lang='grc' dir='ltr'>δὲ</span> <span class='ocrx_word' id='word_1_311' title='bbox 1505 2410 1640 2467; x_wconf 83' lang='grc' dir='ltr'>θεῖοι</span> <span class='ocrx_word' id='word_1_312' title='bbox 1671 2412 1781 2465; x_wconf 80' lang='grc' dir='ltr'>τῶν</span> <span class='ocrx_word' id='word_1_313' title='bbox 1815 2412 2023 2466; x_wconf 80' lang='grc' dir='ltr'>παίδων</span> 
     </span>
    </p>
   </div>
   <div class='ocr_carea' id='block_1_40' title="bbox 443 2486 2023 2574">
    <p class='ocr_par' dir='ltr' id='par_1_40' title="bbox 443 2486 2023 2574">
     <span class='ocr_line' id='line_1_40' title="bbox 443 2486 2023 2574; baseline 0.003 -22"><span class='ocrx_word' id='word_1_314' title='bbox 443 2502 666 2572; x_wconf 76' lang='grc' dir='ltr'>χαίρετε</span> <span class='ocrx_word' id='word_1_315' title='bbox 725 2503 986 2572; x_wconf 79' lang='grc' dir='ltr'>βασιλεῖς,</span> <span class='ocrx_word' id='word_1_316' title='bbox 1038 2504 1135 2558; x_wconf 74' lang='grc' dir='ltr'>καὶ</span> <span class='ocrx_word' id='word_1_317' title='bbox 1187 2503 1328 2557; x_wconf 88' lang='grc' dir='ltr'>θεῖαι</span> <span class='ocrx_word' id='word_1_318' title='bbox 1369 2486 1704 2574; x_wconf 73' lang='grc' dir='ltr'>βασίλισσαι,</span> <span class='ocrx_word' id='word_1_319' title='bbox 1762 2504 1856 2556; x_wconf 81' lang='grc' dir='ltr'>ὲ.πὶ</span> <span class='ocrx_word' id='word_1_320' title='bbox 1888 2505 2023 2556; x_wconf 67' lang='grc' dir='ltr'>πᾶσι</span> 
     </span>
    </p>
   </div>
   <div class='ocr_carea' id='block_1_41' title="bbox 444 2593 2025 2665">
    <p class='ocr_par' dir='ltr' id='par_1_41' title="bbox 444 2593 2025 2665">
     <span class='ocr_line' id='line_1_41' title="bbox 444 2593 2025 2665; baseline -0.001 -17"><span class='ocrx_word' id='word_1_321' title='bbox 444 2597 541 2648; x_wconf 79' lang='grc' dir='ltr'>καὶ</span> <span class='ocrx_word' id='word_1_322' title='bbox 574 2593 680 2665; x_wconf 77' lang='grc' dir='ltr'>πρὸ</span> <span class='ocrx_word' id='word_1_323' title='bbox 732 2596 950 2650; x_wconf 84' lang='grc' dir='ltr'>πάντων</span> <span class='ocrx_word' id='word_1_324' title='bbox 1008 2597 1167 2665; x_wconf 80' lang='grc' dir='ltr'>ὑμεῖς</span> <span class='ocrx_word' id='word_1_325' title='bbox 1214 2598 1263 2648; x_wconf 89' lang='grc' dir='ltr'>οί</span> <span class='ocrx_word' id='word_1_326' title='bbox 1297 2594 1557 2663; x_wconf 85' lang='grc' dir='ltr'>νυμφίοι⁹</span> <span class='ocrx_word' id='word_1_327' title='bbox 1594 2597 1643 2647; x_wconf 84' lang='grc' dir='ltr'>οῑ</span> <span class='ocrx_word' id='word_1_328' title='bbox 1692 2597 1798 2664; x_wconf 80' lang='grc' dir='ltr'>γάρ</span> <span class='ocrx_word' id='word_1_329' title='bbox 1844 2593 2025 2657; x_wconf 81' lang='grc' dir='ltr'>ἄλλοις</span> 
     </span>
    </p>
   </div>
   <div class='ocr_carea' id='block_1_42' title="bbox 443 2680 2026 2757">
    <p class='ocr_par' dir='ltr' id='par_1_42' title="bbox 443 2680 2026 2757">
     <span class='ocr_line' id='line_1_42' title="bbox 443 2680 2026 2757; baseline 0.002 -20"><span class='ocrx_word' id='word_1_330' title='bbox 443 2686 787 2757; x_wconf 80' lang='grc' dir='ltr'>εὐφροσύνης</span> <span class='ocrx_word' id='word_1_331' title='bbox 836 2689 1128 2755; x_wconf 86' lang='grc' dir='ltr'>γεγονότες</span> <span class='ocrx_word' id='word_1_332' title='bbox 1189 2680 1445 2749; x_wconf 65' lang='grc' dir='ltr'>ὑπόθεσις</span> <span class='ocrx_word' id='word_1_333' title='bbox 1496 2687 1678 2756; x_wconf 81' lang='grc' dir='ltr'>πολλῷ</span> <span class='ocrx_word' id='word_1_334' title='bbox 1711 2688 1876 2740; x_wconf 76' lang='grc' dir='ltr'>πλέον</span> <span class='ocrx_word' id='word_1_335' title='bbox 1934 2687 2026 2755; x_wconf 74' lang='grc' dir='ltr'>γέ-</span> 
     </span>
    </p>
   </div>
   <div class='ocr_carea' id='block_1_43' title="bbox 445 2775 2026 2849">
    <p class='ocr_par' dir='ltr' id='par_1_43' title="bbox 445 2775 2026 2849">
     <span class='ocr_line' id='line_1_43' title="bbox 445 2775 2026 2849; baseline 0 -19"><span class='ocrx_word' id='word_1_336' title='bbox 445 2775 613 2830; x_wconf 74' lang='grc' dir='ltr'>νοισθ’</span> <span class='ocrx_word' id='word_1_337' title='bbox 644 2778 710 2831; x_wconf 81' lang='grc' dir='ltr'>ἂν</span> <span class='ocrx_word' id='word_1_338' title='bbox 752 2778 966 2842; x_wconf 71' lang='grc' dir='ltr'>ἑαυτοῖς</span> <span class='ocrx_word' id='word_1_339' title='bbox 989 2794 1004 2810; x_wconf 81' lang='grc'><em>’</em></span> <span class='ocrx_word' id='word_1_340' title='bbox 1036 2780 1182 2849; x_wconf 82' lang='grc' dir='ltr'>ὑμᾶς</span> <span class='ocrx_word' id='word_1_341' title='bbox 1214 2796 1275 2831; x_wconf 86' lang='grc' dir='ltr'>τε</span> <span class='ocrx_word' id='word_1_342' title='bbox 1313 2778 1424 2849; x_wconf 82' lang='grc' dir='ltr'>γάρ</span> <span class='ocrx_word' id='word_1_343' title='bbox 1461 2779 1519 2830; x_wconf 82' lang='lat' dir='ltr'>al</span> <span class='ocrx_word' id='word_1_344' title='bbox 1561 2778 1900 2845; x_wconf 74' lang='grc' dir='ltr'>συζυγεῐσαι,</span> <span class='ocrx_word' id='word_1_345' title='bbox 1927 2778 2026 2831; x_wconf 77' lang='grc' dir='ltr'>καὶ</span> 
     </span>
    </p>
   </div>
   <div class='ocr_carea' id='block_1_44' title="bbox 444 2870 2025 2942">
    <p class='ocr_par' dir='ltr' id='par_1_44' title="bbox 444 2870 2025 2942">
     <span class='ocr_line' id='line_1_44' title="bbox 444 2870 2025 2942; baseline 0 -19"><span class='ocrx_word' id='word_1_346' title='bbox 444 2871 607 2941; x_wconf 82' lang='grc' dir='ltr'>ὑμεῖς</span> <span class='ocrx_word' id='word_1_347' title='bbox 636 2870 733 2933; x_wconf 84' lang='grc' dir='ltr'>τάς</span> <span class='ocrx_word' id='word_1_348' title='bbox 755 2870 1086 2938; x_wconf 74' lang='grc' dir='ltr'>συζυγείσας</span> <span class='ocrx_word' id='word_1_349' title='bbox 1111 2873 1577 2942; x_wconf 87' lang='grc' dir='ltr'>ἀντευτυχήκατε,</span> <span class='ocrx_word' id='word_1_350' title='bbox 1598 2873 1654 2924; x_wconf 91' lang='grc' dir='ltr'>αί</span> <span class='ocrx_word' id='word_1_351' title='bbox 1678 2872 1737 2935; x_wconf 79' lang='grc' dir='ltr'>ἐξ</span> <span class='ocrx_word' id='word_1_352' title='bbox 1765 2872 2025 2941; x_wconf 84' lang='grc' dir='ltr'>ἁρχηγῶν</span> 
     </span>
    </p>
   </div>
   <div class='ocr_carea' id='block_1_45' title="bbox 441 2963 2022 3037">
    <p class='ocr_par' dir='ltr' id='par_1_45' title="bbox 441 2963 2022 3037">
     <span class='ocr_line' id='line_1_45' title="bbox 441 2963 2022 3037; baseline -0.001 -20"><span class='ocrx_word' id='word_1_353' title='bbox 441 2963 572 3027; x_wconf 83' lang='grc' dir='ltr'>τοὺς</span> <span class='ocrx_word' id='word_1_354' title='bbox 607 2966 671 3017; x_wconf 71' lang='grc' dir='ltr'>ἐκ</span> <span class='ocrx_word' id='word_1_355' title='bbox 709 2963 997 3034; x_wconf 82' lang='grc' dir='ltr'>βασιλέων,</span> <span class='ocrx_word' id='word_1_356' title='bbox 1027 2966 1125 3029; x_wconf 83' lang='grc' dir='ltr'>τάς</span> <span class='ocrx_word' id='word_1_357' title='bbox 1163 2965 1220 3032; x_wconf 75' lang='grc' dir='ltr'>ἐξ</span> <span class='ocrx_word' id='word_1_358' title='bbox 1252 2964 1520 3037; x_wconf 81' lang='grc' dir='ltr'>άρχηγῶν</span> <span class='ocrx_word' id='word_1_359' title='bbox 1555 2967 1605 3019; x_wconf 78' lang='grc' dir='ltr'>οἱ</span> <span class='ocrx_word' id='word_1_360' title='bbox 1629 2966 1693 3018; x_wconf 84' lang='grc' dir='ltr'>ὲκ</span> <span class='ocrx_word' id='word_1_361' title='bbox 1726 2964 2022 3036; x_wconf 74' lang='grc' dir='ltr'>βασιλέων,</span> 
     </span>
    </p>
   </div>
   <div class='ocr_carea' id='block_1_46' title="bbox 443 3056 2023 3127">
    <p class='ocr_par' dir='ltr' id='par_1_46' title="bbox 443 3056 2023 3127">
     <span class='ocr_line' id='line_1_46' title="bbox 443 3056 2023 3127; baseline -0.001 -16"><span class='ocrx_word' id='word_1_362' title='bbox 443 3059 500 3111; x_wconf 74' lang='lat' dir='ltr'>ai</span> <span class='ocrx_word' id='word_1_363' title='bbox 525 3056 765 3120; x_wconf 81' lang='grc' dir='ltr'>νεάνιδες</span> <span class='ocrx_word' id='word_1_364' title='bbox 789 3058 920 3119; x_wconf 85' lang='grc' dir='ltr'>τοὺς</span> <span class='ocrx_word' id='word_1_365' title='bbox 943 3057 1118 3121; x_wconf 77' lang='grc' dir='ltr'>νέους,</span> <span class='ocrx_word' id='word_1_366' title='bbox 1153 3058 1249 3112; x_wconf 81' lang='grc' dir='ltr'>καὶ</span> <span class='ocrx_word' id='word_1_367' title='bbox 1279 3060 1328 3111; x_wconf 83' lang='grc' dir='ltr'>οἰ</span> <span class='ocrx_word' id='word_1_368' title='bbox 1370 3058 1480 3111; x_wconf 83' lang='grc' dir='ltr'>νέοι</span> <span class='ocrx_word' id='word_1_369' title='bbox 1514 3058 1750 3127; x_wconf 74' lang='grc' dir='ltr'>ἔμπαλιν</span> <span class='ocrx_word' id='word_1_370' title='bbox 1774 3057 1872 3119; x_wconf 70' lang='grc' dir='ltr'>τὰς</span> <span class='ocrx_word' id='word_1_371' title='bbox 1894 3056 2023 3110; x_wconf 79' lang='grc' dir='ltr'>νεά-</span> 
     </span>
    </p>
   </div>
   <div class='ocr_carea' id='block_1_47' title="bbox 441 3150 2094 3244">
    <p class='ocr_par' dir='ltr' id='par_1_47' title="bbox 441 3150 2094 3244">
     <span class='ocr_line' id='line_1_47' title="bbox 441 3150 2094 3244; baseline 0 -40"><span class='ocrx_word' id='word_1_372' title='bbox 441 3152 759 3244; x_wconf 45' lang='grc' dir='ltr'>νιδας-Καὶ</span> <span class='ocrx_word' id='word_1_373' title='bbox 782 3152 940 3222; x_wconf 81' lang='grc' dir='ltr'>ὑμεῖς</span> <span class='ocrx_word' id='word_1_374' title='bbox 964 3152 1024 3206; x_wconf 72' lang='grc' dir='ltr'>δὲ</span> <span class='ocrx_word' id='word_1_375' title='bbox 1059 3155 1440 3223; x_wconf 76' lang='grc' dir='ltr'>τρισευτυχεῖς</span> <span class='ocrx_word' id='word_1_376' title='bbox 1460 3152 1734 3222; x_wconf 82' lang='grc' dir='ltr'>γεγήθατε</span> <span class='ocrx_word' id='word_1_377' title='bbox 1783 3150 2021 3221; x_wconf 78' lang='grc' dir='ltr'>νύμφαι,</span> <span class='ocrx_word' id='word_1_378' title='bbox 2050 3185 2094 3244; x_wconf 69' lang='lat' dir='ltr'>c</span> 
     </span>
    </p>
   </div>
   <div class='ocr_carea' id='block_1_48' title="bbox 443 3238 2021 3317">
    <p class='ocr_par' dir='ltr' id='par_1_48' title="bbox 443 3238 2021 3317">
     <span class='ocr_line' id='line_1_48' title="bbox 443 3238 2021 3317; baseline 0.001 -22"><span class='ocrx_word' id='word_1_379' title='bbox 443 3247 542 3296; x_wconf 80' lang='grc' dir='ltr'>καὶ</span> <span class='ocrx_word' id='word_1_380' title='bbox 577 3238 644 3317; x_wconf 80' lang='grc' dir='ltr'>τῇ</span> <span class='ocrx_word' id='word_1_381' title='bbox 704 3244 996 3313; x_wconf 72' lang='grc' dir='ltr'>σεμνότητι</span> <span class='ocrx_word' id='word_1_382' title='bbox 1046 3245 1317 3316; x_wconf 82' lang='grc' dir='ltr'>Δουκαίνῃ</span> <span class='ocrx_word' id='word_1_383' title='bbox 1364 3244 1460 3297; x_wconf 79' lang='grc' dir='ltr'>καὶ</span> <span class='ocrx_word' id='word_1_384' title='bbox 1512 3243 1651 3314; x_wconf 81' lang='grc' dir='ltr'>καλῇ</span> <span class='ocrx_word' id='word_1_385' title='bbox 1702 3242 1810 3296; x_wconf 84' lang='grc' dir='ltr'>τῶν</span> <span class='ocrx_word' id='word_1_386' title='bbox 1839 3242 2021 3296; x_wconf 82' lang='grc' dir='ltr'>καλῶν</span> 
     </span>
    </p>
   </div>
   <div class='ocr_carea' id='block_1_49' title="bbox 444 3330 2024 3408">
    <p class='ocr_par' dir='ltr' id='par_1_49' title="bbox 444 3330 2024 3408">
     <span class='ocr_line' id='line_1_49' title="bbox 444 3330 2024 3408; baseline 0.001 -22"><span class='ocrx_word' id='word_1_387' title='bbox 444 3333 691 3405; x_wconf 80' lang='grc' dir='ltr'>νυμφίων</span> <span class='ocrx_word' id='word_1_388' title='bbox 734 3334 941 3405; x_wconf 81' lang='grc' dir='ltr'>ἀδελφῇ</span> <span class='ocrx_word' id='word_1_389' title='bbox 985 3335 1394 3404; x_wconf 85' lang='grc' dir='ltr'>συγγεγήθατε,</span> <span class='ocrx_word' id='word_1_390' title='bbox 1432 3330 1499 3408; x_wconf 84' lang='grc' dir='ltr'>ἦς</span> <span class='ocrx_word' id='word_1_391' title='bbox 1523 3336 1617 3388; x_wconf 80' lang='grc' dir='ltr'>καὶ</span> <span class='ocrx_word' id='word_1_392' title='bbox 1644 3335 1817 3390; x_wconf 84' lang='grc' dir='ltr'>τάλλα</span> <span class='ocrx_word' id='word_1_393' title='bbox 1845 3335 2024 3387; x_wconf 86' lang='grc' dir='ltr'>πάντα</span> 
     </span>
    </p>
   </div>
   <div class='ocr_carea' id='block_1_50' title="bbox 447 3422 2025 3497">
    <p class='ocr_par' dir='ltr' id='par_1_50' title="bbox 447 3422 2025 3497">
     <span class='ocr_line' id='line_1_50' title="bbox 447 3422 2025 3497; baseline 0.003 -22"><span class='ocrx_word' id='word_1_394' title='bbox 447 3422 672 3493; x_wconf 79' lang='grc' dir='ltr'>ζηλοῦτε</span> <span class='ocrx_word' id='word_1_395' title='bbox 706 3425 801 3494; x_wconf 76' lang='grc' dir='ltr'>τῆς</span> <span class='ocrx_word' id='word_1_396' title='bbox 823 3423 1004 3497; x_wconf 83' lang='grc' dir='ltr'>ἀώρου</span> <span class='ocrx_word' id='word_1_397' title='bbox 1039 3425 1162 3495; x_wconf 89' lang='grc' dir='ltr'>δίχα</span> <span class='ocrx_word' id='word_1_398' title='bbox 1190 3426 1419 3497; x_wconf 88' lang='grc' dir='ltr'>χηρείας</span> <span class='ocrx_word' id='word_1_399' title='bbox 1439 3442 1454 3458; x_wconf 88' lang='grc'><strong>·</strong></span> <span class='ocrx_word' id='word_1_400' title='bbox 1491 3426 1585 3479; x_wconf 76' lang='grc' dir='ltr'>ἐπὶ</span> <span class='ocrx_word' id='word_1_401' title='bbox 1614 3425 1825 3489; x_wconf 80' lang='grc' dir='ltr'>τούτοις</span> <span class='ocrx_word' id='word_1_402' title='bbox 1856 3425 2025 3493; x_wconf 81' lang='grc' dir='ltr'>ἀγαλ-</span> 
     </span>
    </p>
   </div>
   <div class='ocr_carea' id='block_1_51' title="bbox 444 3585 2027 3657">
    <p class='ocr_par' dir='ltr' id='par_1_51' title="bbox 444 3585 2027 3657">
     <span class='ocr_line' id='line_1_51' title="bbox 444 3585 2027 3657; baseline 0 -17"><span class='ocrx_word' id='word_1_403' title='bbox 444 3586 605 3640; x_wconf 81' lang='lat' dir='ltr'><strong><em>tnur.’</em></strong></span> <span class='ocrx_word' id='word_1_404' title='bbox 635 3585 823 3641; x_wconf 85' lang='lat' dir='ltr'><strong><em>Nonne</em></strong></span> <span class='ocrx_word' id='word_1_405' title='bbox 846 3586 947 3657; x_wconf 85' lang='lat' dir='ltr'><strong><em>ﬁlii</em></strong></span> <span class='ocrx_word' id='word_1_406' title='bbox 973 3587 1050 3640; x_wconf 87' lang='lat' dir='ltr'>tui</span> <span class='ocrx_word' id='word_1_407' title='bbox 1080 3587 1256 3656; x_wconf 77' lang='lat' dir='ltr'><strong><em>{elices</em></strong></span> <span class='ocrx_word' id='word_1_408' title='bbox 1281 3600 1457 3651; x_wconf 86' lang='lat' dir='ltr'><strong><em>erunt,</em></strong></span> <span class='ocrx_word' id='word_1_409' title='bbox 1488 3597 1536 3641; x_wconf 89' lang='lat' dir='ltr'>et</span> <span class='ocrx_word' id='word_1_410' title='bbox 1565 3604 1727 3655; x_wconf 97' lang='lat' dir='ltr'><strong><em>supra</em></strong></span> <span class='ocrx_word' id='word_1_411' title='bbox 1756 3603 1914 3657; x_wconf 87' lang='lat' dir='ltr'><strong><em>quam</em></strong></span> <span class='ocrx_word' id='word_1_412' title='bbox 1943 3585 2027 3653; x_wconf 76' lang='lat' dir='ltr'><strong><em>fas</em></strong></span> 
     </span>
    </p>
   </div>
   <div class='ocr_carea' id='block_1_52' title="bbox 447 3679 2025 3753">
    <p class='ocr_par' dir='ltr' id='par_1_52' title="bbox 447 3679 2025 3753">
     <span class='ocr_line' id='line_1_52' title="bbox 447 3679 2025 3753; baseline 0.001 -19"><span class='ocrx_word' id='word_1_413' title='bbox 447 3689 524 3735; x_wconf 91' lang='lat' dir='ltr'>est</span> <span class='ocrx_word' id='word_1_414' title='bbox 564 3682 820 3750; x_wconf 74' lang='lat' dir='ltr'><strong><em>sperare?</em></strong></span> <span class='ocrx_word' id='word_1_415' title='bbox 859 3679 971 3751; x_wconf 86' lang='lat' dir='ltr'><strong><em>Ego</em></strong></span> <span class='ocrx_word' id='word_1_416' title='bbox 1008 3683 1217 3751; x_wconf 78' lang='lat' dir='ltr'>quidem</span> <span class='ocrx_word' id='word_1_417' title='bbox 1260 3684 1448 3736; x_wconf 88' lang='lat' dir='ltr'><strong><em>bonam</em></strong></span> <span class='ocrx_word' id='word_1_418' title='bbox 1486 3699 1626 3750; x_wconf 87' lang='lat' dir='ltr'><strong><em>spem</em></strong></span> <span class='ocrx_word' id='word_1_419' title='bbox 1668 3683 1935 3747; x_wconf 75' lang='lat' dir='ltr'>concipio,</span> <span class='ocrx_word' id='word_1_420' title='bbox 1976 3691 2025 3753; x_wconf 80' lang='lat' dir='ltr'>et</span> 
     </span>
    </p>
   </div>
   <div class='ocr_carea' id='block_1_53' title="bbox 446 3773 2025 3845">
    <p class='ocr_par' dir='ltr' id='par_1_53' title="bbox 446 3773 2025 3845">
     <span class='ocr_line' id='line_1_53' title="bbox 446 3773 2025 3845; baseline 0 -18"><span class='ocrx_word' id='word_1_421' title='bbox 446 3782 583 3827; x_wconf 90' lang='lat' dir='ltr'><strong><em>recte</em></strong></span> <span class='ocrx_word' id='word_1_422' title='bbox 610 3774 843 3842; x_wconf 84' lang='lat' dir='ltr'><strong><em>quidem,</em></strong></span> <span class='ocrx_word' id='word_1_423' title='bbox 873 3775 928 3828; x_wconf 91' lang='lat' dir='ltr'>ni</span> <span class='ocrx_word' id='word_1_424' title='bbox 956 3773 1136 3843; x_wconf 81' lang='lat' dir='ltr'><strong><em>fallor.</em></strong></span> <span class='ocrx_word' id='word_1_425' title='bbox 1168 3775 1310 3840; x_wconf 82' lang='lat' dir='ltr'><strong><em>Quid</em></strong></span> <span class='ocrx_word' id='word_1_426' title='bbox 1338 3776 1501 3845; x_wconf 91' lang='lat' dir='ltr'><strong><em>igitur</em></strong></span> <span class='ocrx_word' id='word_1_427' title='bbox 1524 3785 1685 3829; x_wconf 90' lang='lat' dir='ltr'><strong><em>restat</em></strong></span> <span class='ocrx_word' id='word_1_428' title='bbox 1717 3776 1819 3828; x_wconf 85' lang='lat' dir='ltr'><strong><em>nisi</em></strong></span> <span class='ocrx_word' id='word_1_429' title='bbox 1847 3786 1903 3827; x_wconf 90' lang='lat' dir='ltr'>ut</span> <span class='ocrx_word' id='word_1_430' title='bbox 1932 3790 2025 3827; x_wconf 88' lang='lat' dir='ltr'>nos</span> 
     </span>
    </p>
   </div>
   <div class='ocr_carea' id='block_1_54' title="bbox 448 3863 2030 3936">
    <p class='ocr_par' dir='ltr' id='par_1_54' title="bbox 448 3863 2030 3936">
     <span class='ocr_line' id='line_1_54' title="bbox 448 3863 2030 3936; baseline 0.002 -20"><span class='ocrx_word' id='word_1_431' title='bbox 448 3872 501 3916; x_wconf 88' lang='lat' dir='ltr'>et</span> <span class='ocrx_word' id='word_1_432' title='bbox 536 3863 661 3931; x_wconf 90' lang='lat' dir='ltr'><strong><em>alii,</em></strong></span> <span class='ocrx_word' id='word_1_433' title='bbox 695 3875 741 3919; x_wconf 88' lang='lat' dir='ltr'>et</span> <span class='ocrx_word' id='word_1_434' title='bbox 775 3866 1072 3933; x_wconf 64' lang='lat' dir='ltr'><strong><em>praesertim</em></strong></span> <span class='ocrx_word' id='word_1_435' title='bbox 1105 3867 1398 3933; x_wconf 79' lang='lat' dir='ltr'><strong><em>familiares</em></strong></span> <span class='ocrx_word' id='word_1_436' title='bbox 1429 3868 1789 3936; x_wconf 71' lang='lat' dir='ltr'>gaudeamus?</span> <span class='ocrx_word' id='word_1_437' title='bbox 1822 3865 1899 3920; x_wconf 88' lang='lat' dir='ltr'><strong><em>Tu</em></strong></span> <span class='ocrx_word' id='word_1_438' title='bbox 1933 3884 2030 3919; x_wconf 83' lang='lat' dir='ltr'><strong><em>au—</em></strong></span> 
     </span>
    </p>
   </div>
   <div class='ocr_carea' id='block_1_55' title="bbox 448 3959 2028 4028">
    <p class='ocr_par' dir='ltr' id='par_1_55' title="bbox 448 3959 2028 4028">
     <span class='ocr_line' id='line_1_55' title="bbox 448 3959 2028 4028; baseline 0.001 -18"><span class='ocrx_word' id='word_1_439' title='bbox 448 3967 578 4025; x_wconf 90' lang='lat' dir='ltr'><strong><em>tem,</em></strong></span> <span class='ocrx_word' id='word_1_440' title='bbox 619 3960 957 4027; x_wconf 73' lang='lat' dir='ltr'><strong><em>imperatrix,</em></strong></span> <span class='ocrx_word' id='word_1_441' title='bbox 994 3960 1167 4028; x_wconf 89' lang='lat' dir='ltr'><strong><em>prima</em></strong></span> <span class='ocrx_word' id='word_1_442' title='bbox 1205 3963 1439 4015; x_wconf 88' lang='lat' dir='ltr'><strong><em>omnium</em></strong></span> <span class='ocrx_word' id='word_1_443' title='bbox 1477 3959 1683 4014; x_wconf 63' lang='lat' dir='ltr'><strong><em>laetare.</em></strong></span> <span class='ocrx_word' id='word_1_444' title='bbox 1724 3961 1854 4025; x_wconf 70' lang='lat' dir='ltr'><strong><em>Quae</em></strong></span> <span class='ocrx_word' id='word_1_445' title='bbox 1891 3962 2028 4013; x_wconf 88' lang='lat' dir='ltr'><strong><em>enim</em></strong></span> 
     </span>
    </p>
   </div>
   <div class='ocr_carea' id='block_1_56' title="bbox 450 4051 2027 4123">
    <p class='ocr_par' dir='ltr' id='par_1_56' title="bbox 450 4051 2027 4123">
     <span class='ocr_line' id='line_1_56' title="bbox 450 4051 2027 4123; baseline 0.001 -20"><span class='ocrx_word' id='word_1_446' title='bbox 450 4051 673 4119; x_wconf 60' lang='lat' dir='ltr'><strong><em>familia:</em></strong></span> <span class='ocrx_word' id='word_1_447' title='bbox 700 4062 858 4118; x_wconf 89' lang='lat' dir='ltr'><strong><em>caput</em></strong></span> <span class='ocrx_word' id='word_1_448' title='bbox 886 4063 982 4116; x_wconf 88' lang='lat' dir='ltr'><strong><em>est,</em></strong></span> <span class='ocrx_word' id='word_1_449' title='bbox 1008 4053 1349 4121; x_wconf 71' lang='lat' dir='ltr'>gaudentium</span> <span class='ocrx_word' id='word_1_450' title='bbox 1374 4068 1579 4123; x_wconf 85' lang='lat' dir='ltr'><strong><em>quoque</em></strong></span> <span class='ocrx_word' id='word_1_451' title='bbox 1603 4054 1819 4105; x_wconf 82' lang='lat' dir='ltr'><strong><em>chorum</em></strong></span> <span class='ocrx_word' id='word_1_452' title='bbox 1848 4056 2027 4105; x_wconf 88' lang='lat' dir='ltr'><strong><em>ducat.</em></strong></span> 
     </span>
    </p>
   </div>
   <div class='ocr_carea' id='block_1_57' title="bbox 452 4143 2035 4216">
    <p class='ocr_par' dir='ltr' id='par_1_57' title="bbox 452 4143 2035 4216">
     <span class='ocr_line' id='line_1_57' title="bbox 452 4143 2035 4216; baseline -0.002 -16"><span class='ocrx_word' id='word_1_453' title='bbox 452 4143 534 4200; x_wconf 83' lang='lat' dir='ltr'><strong><em>Tu</em></strong></span> <span class='ocrx_word' id='word_1_454' title='bbox 564 4161 685 4215; x_wconf 90' lang='lat' dir='ltr'><strong><em>ergo</em></strong></span> <span class='ocrx_word' id='word_1_455' title='bbox 718 4149 841 4216; x_wconf 89' lang='lat' dir='ltr'><strong><em>(quo</em></strong></span> <span class='ocrx_word' id='word_1_456' title='bbox 875 4161 993 4200; x_wconf 88' lang='lat' dir='ltr'><strong><em>vero</em></strong></span> <span class='ocrx_word' id='word_1_457' title='bbox 1029 4154 1076 4199; x_wconf 88' lang='lat' dir='ltr'>te</span> <span class='ocrx_word' id='word_1_458' title='bbox 1109 4145 1318 4199; x_wconf 88' lang='lat' dir='ltr'><strong><em>nomine</em></strong></span> <span class='ocrx_word' id='word_1_459' title='bbox 1352 4144 1669 4214; x_wconf 82' lang='lat' dir='ltr'><strong><em>appellem?)</em></strong></span> <span class='ocrx_word' id='word_1_460' title='bbox 1701 4145 1891 4198; x_wconf 80' lang='lat' dir='ltr'><strong><em>iterum</em></strong></span> <span class='ocrx_word' id='word_1_461' title='bbox 1922 4143 2035 4197; x_wconf 90' lang='lat' dir='ltr'><strong><em>col-</em></strong></span> 
     </span>
    </p>
   </div>
   <div class='ocr_carea' id='block_1_58' title="bbox 449 4237 2036 4309">
    <p class='ocr_par' dir='ltr' id='par_1_58' title="bbox 449 4237 2036 4309">
     <span class='ocr_line' id='line_1_58' title="bbox 449 4237 2036 4309; baseline 0 -19"><span class='ocrx_word' id='word_1_462' title='bbox 449 4237 637 4293; x_wconf 69' lang='lat' dir='ltr'><strong><em>la&#39;tare</em></strong></span> <span class='ocrx_word' id='word_1_463' title='bbox 670 4255 790 4293; x_wconf 89' lang='lat' dir='ltr'>cum</span> <span class='ocrx_word' id='word_1_464' title='bbox 823 4238 1041 4293; x_wconf 88' lang='lat' dir='ltr'><strong><em>domino</em></strong></span> <span class='ocrx_word' id='word_1_465' title='bbox 1072 4246 1252 4292; x_wconf 89' lang='lat' dir='ltr'><strong><em>nostro</em></strong></span> <span class='ocrx_word' id='word_1_466' title='bbox 1286 4248 1443 4309; x_wconf 85' lang='lat' dir='ltr'><strong><em>alque</em></strong></span> <span class='ocrx_word' id='word_1_467' title='bbox 1473 4238 1787 4307; x_wconf 74' lang='lat' dir='ltr'><strong><em>imperatore</em></strong></span> <span class='ocrx_word' id='word_1_468' title='bbox 1823 4237 2036 4307; x_wconf 84' lang='lat' dir='ltr'><strong><em>sapien-</em></strong></span> 
     </span>
    </p>
   </div>
   <div class='ocr_carea' id='block_1_59' title="bbox 454 4330 678 4385">
    <p class='ocr_par' dir='ltr' id='par_1_59' title="bbox 454 4330 678 4385">
     <span class='ocr_line' id='line_1_59' title="bbox 454 4330 678 4385; baseline 0.013 -3"><span class='ocrx_word' id='word_1_469' title='bbox 454 4330 678 4385; x_wconf 84' lang='lat' dir='ltr'><strong><em>tissimo.</em></strong></span> 
     </span>
    </p>
   </div>
   <div class='ocr_carea' id='block_1_60' title="bbox 446 4418 2035 4492">
    <p class='ocr_par' dir='ltr' id='par_1_60' title="bbox 446 4418 2035 4492">
     <span class='ocr_line' id='line_1_60' title="bbox 446 4418 2035 4492; baseline 0.003 -18"><span class='ocrx_word' id='word_1_470' title='bbox 446 4450 449 4457; x_wconf 61' lang='grc' dir='ltr'><em>ς</em></span> <span class='ocrx_word' id='word_1_471' title='bbox 523 4421 577 4475; x_wconf 91' lang='lat'>8.</span> <span class='ocrx_word' id='word_1_472' title='bbox 622 4420 759 4476; x_wconf 80' lang='lat' dir='ltr'><strong><em>Ecce</em></strong></span> <span class='ocrx_word' id='word_1_473' title='bbox 801 4436 979 4492; x_wconf 79' lang='lat' dir='ltr'><strong><em>preces</em></strong></span> <span class='ocrx_word' id='word_1_474' title='bbox 1024 4418 1180 4475; x_wconf 62' lang='lat' dir='ltr'><strong><em>dicta!</em></strong></span> <span class='ocrx_word' id='word_1_475' title='bbox 1225 4431 1378 4488; x_wconf 86' lang='lat' dir='ltr'><strong><em>sunt;</em></strong></span> <span class='ocrx_word' id='word_1_476' title='bbox 1420 4432 1592 4475; x_wconf 82' lang='lat' dir='ltr'><strong><em>votum</em></strong></span> <span class='ocrx_word' id='word_1_477' title='bbox 1633 4421 1895 4492; x_wconf 74' lang='lat' dir='ltr'><strong><em>expletum</em></strong></span> <span class='ocrx_word' id='word_1_478' title='bbox 1935 4432 2035 4478; x_wconf 90' lang='lat' dir='ltr'><strong><em>est.</em></strong></span> 
     </span>
    </p>
   </div>
   <div class='ocr_carea' id='block_1_61' title="bbox 2122 1946 3710 2017">
    <p class='ocr_par' dir='ltr' id='par_1_61' title="bbox 2122 1946 3710 2017">
     <span class='ocr_line' id='line_1_61' title="bbox 2122 1946 3710 2017; baseline 0.001 -17"><span class='ocrx_word' id='word_1_479' title='bbox 2122 1947 2305 2014; x_wconf 85' lang='grc' dir='ltr'>Ἥρας</span> <span class='ocrx_word' id='word_1_480' title='bbox 2340 1946 2439 2017; x_wconf 73' lang='grc' dir='ltr'>μὲν</span> <span class='ocrx_word' id='word_1_481' title='bbox 2474 1946 2933 2017; x_wconf 83' lang='grc' dir='ltr'>βασιλικωτέρας,</span> <span class='ocrx_word' id='word_1_482' title='bbox 2959 1946 3413 2017; x_wconf 84' lang='grc' dir='ltr'>σωφρονεστέρας</span> <span class='ocrx_word' id='word_1_483' title='bbox 3444 1948 3502 2002; x_wconf 71' lang='grc' dir='ltr'>δὲ</span> <span class='ocrx_word' id='word_1_484' title='bbox 3545 1949 3710 2017; x_wconf 75' lang='grc' dir='ltr'>Ἀθη-</span> 
     </span>
    </p>
   </div>
   <div class='ocr_carea' id='block_1_62' title="bbox 2121 2043 3712 2115">
    <p class='ocr_par' dir='ltr' id='par_1_62' title="bbox 2121 2043 3712 2115">
     <span class='ocr_line' id='line_1_62' title="bbox 2121 2043 3712 2115; baseline -0.001 -18"><span class='ocrx_word' id='word_1_485' title='bbox 2121 2045 2239 2108; x_wconf 76' lang='grc' dir='ltr'>νΞς,</span> <span class='ocrx_word' id='word_1_486' title='bbox 2279 2044 2375 2098; x_wconf 69' lang='grc' dir='ltr'>καὶ</span> <span class='ocrx_word' id='word_1_487' title='bbox 2442 2044 2767 2115; x_wconf 81' lang='grc' dir='ltr'>Ἀφροδίτης</span> <span class='ocrx_word' id='word_1_488' title='bbox 2825 2043 3203 2115; x_wconf 74' lang='grc' dir='ltr'>ὡραιοτέραςο</span> <span class='ocrx_word' id='word_1_489' title='bbox 3232 2043 3352 2108; x_wconf 58' lang='grc' dir='ltr'>Δκαὶ</span> <span class='ocrx_word' id='word_1_490' title='bbox 3383 2044 3447 2096; x_wconf 84' lang='grc' dir='ltr'>σὺ</span> <span class='ocrx_word' id='word_1_491' title='bbox 3485 2043 3583 2113; x_wconf 82' lang='grc' dir='ltr'>μὲν</span> <span class='ocrx_word' id='word_1_492' title='bbox 3610 2044 3712 2111; x_wconf 85' lang='grc' dir='ltr'>τὴν</span> 
     </span>
    </p>
   </div>
   <div class='ocr_carea' id='block_1_63' title="bbox 2125 2132 3712 2204">
    <p class='ocr_par' dir='ltr' id='par_1_63' title="bbox 2125 2132 3712 2204">
     <span class='ocr_line' id='line_1_63' title="bbox 2125 2132 3712 2204; baseline 0 -17"><span class='ocrx_word' id='word_1_493' title='bbox 2125 2132 2286 2204; x_wconf 86' lang='grc' dir='ltr'>Ἔριν</span> <span class='ocrx_word' id='word_1_494' title='bbox 2316 2134 2560 2203; x_wconf 75' lang='grc' dir='ltr'>εἰσάγεις</span> <span class='ocrx_word' id='word_1_495' title='bbox 2593 2134 2758 2204; x_wconf 66' lang='grc' dir='ltr'>δῆθεν</span> <span class='ocrx_word' id='word_1_496' title='bbox 2808 2134 3165 2203; x_wconf 84' lang='grc' dir='ltr'>αὐτόκλητον.</span> <span class='ocrx_word' id='word_1_497' title='bbox 3207 2132 3304 2187; x_wconf 73' lang='grc' dir='ltr'>καὶ</span> <span class='ocrx_word' id='word_1_498' title='bbox 3345 2132 3407 2185; x_wconf 79' lang='grc' dir='ltr'>τὸ</span> <span class='ocrx_word' id='word_1_499' title='bbox 3451 2134 3619 2203; x_wconf 82' lang='grc' dir='ltr'>μῆλον</span> <span class='ocrx_word' id='word_1_500' title='bbox 3650 2134 3712 2187; x_wconf 82' lang='grc' dir='ltr'>ὲν</span> 
     </span>
    </p>
   </div>
   <div class='ocr_carea' id='block_1_64' title="bbox 2125 2227 3713 2299">
    <p class='ocr_par' dir='ltr' id='par_1_64' title="bbox 2125 2227 3713 2299">
     <span class='ocr_line' id='line_1_64' title="bbox 2125 2227 3713 2299; baseline 0.001 -20"><span class='ocrx_word' id='word_1_501' title='bbox 2125 2227 2278 2297; x_wconf 79' lang='grc' dir='ltr'>μέσῳ</span> <span class='ocrx_word' id='word_1_502' title='bbox 2307 2228 2549 2299; x_wconf 77' lang='grc' dir='ltr'>ῥίπτεις,</span> <span class='ocrx_word' id='word_1_503' title='bbox 2580 2228 2752 2299; x_wconf 79' lang='grc' dir='ltr'>μῆλον</span> <span class='ocrx_word' id='word_1_504' title='bbox 2778 2230 2954 2282; x_wconf 73' lang='grc' dir='ltr'>ἐκεῖνο</span> <span class='ocrx_word' id='word_1_505' title='bbox 2973 2228 3071 2297; x_wconf 81' lang='grc' dir='ltr'>τῆς</span> <span class='ocrx_word' id='word_1_506' title='bbox 3106 2229 3236 2294; x_wconf 84' lang='grc' dir='ltr'>ὅλης</span> <span class='ocrx_word' id='word_1_507' title='bbox 3279 2227 3505 2288; x_wconf 82' lang='grc' dir='ltr'>Ἰλιάδος</span> <span class='ocrx_word' id='word_1_508' title='bbox 3536 2228 3713 2297; x_wconf 74' lang='grc' dir='ltr'>ἀφορο</span> 
     </span>
    </p>
   </div>
   <div class='ocr_carea' id='block_1_65' title="bbox 2126 2316 3715 2391">
    <p class='ocr_par' dir='ltr' id='par_1_65' title="bbox 2126 2316 3715 2391">
     <span class='ocr_line' id='line_1_65' title="bbox 2126 2316 3715 2391; baseline 0.001 -23"><span class='ocrx_word' id='word_1_509' title='bbox 2126 2318 2256 2389; x_wconf 84' lang='grc' dir='ltr'>μὴν,</span> <span class='ocrx_word' id='word_1_510' title='bbox 2297 2320 2391 2372; x_wconf 69' lang='grc' dir='ltr'>καὶ</span> <span class='ocrx_word' id='word_1_511' title='bbox 2425 2320 2716 2391; x_wconf 80' lang='grc' dir='ltr'>ταράττεις</span> <span class='ocrx_word' id='word_1_512' title='bbox 2740 2319 2831 2372; x_wconf 85' lang='grc' dir='ltr'>τὸν</span> <span class='ocrx_word' id='word_1_513' title='bbox 2866 2320 3052 2384; x_wconf 86' lang='grc' dir='ltr'>πότον,</span> <span class='ocrx_word' id='word_1_514' title='bbox 3085 2320 3178 2372; x_wconf 75' lang='grc' dir='ltr'>καὶ</span> <span class='ocrx_word' id='word_1_515' title='bbox 3205 2316 3715 2388; x_wconf 78' lang='grc' dir='ltr'>ἀνακυμϐαλιάζεις</span> 
     </span>
    </p>
   </div>
   <div class='ocr_carea' id='block_1_66' title="bbox 2122 2410 3713 2482">
    <p class='ocr_par' dir='ltr' id='par_1_66' title="bbox 2122 2410 3713 2482">
     <span class='ocr_line' id='line_1_66' title="bbox 2122 2410 3713 2482; baseline 0 -20"><span class='ocrx_word' id='word_1_516' title='bbox 2122 2410 2248 2474; x_wconf 74' lang='grc' dir='ltr'>τοὺς</span> <span class='ocrx_word' id='word_1_517' title='bbox 2275 2410 2521 2481; x_wconf 79' lang='grc' dir='ltr'>δίφρους,</span> <span class='ocrx_word' id='word_1_518' title='bbox 2561 2410 2722 2463; x_wconf 79' lang='grc' dir='ltr'>τοῦτο</span> <span class='ocrx_word' id='word_1_519' title='bbox 2751 2410 2814 2482; x_wconf 80' lang='grc' dir='ltr'>δὴ</span> <span class='ocrx_word' id='word_1_520' title='bbox 2840 2412 2903 2464; x_wconf 83' lang='grc' dir='ltr'>τὸ</span> <span class='ocrx_word' id='word_1_521' title='bbox 2931 2412 3251 2481; x_wconf 79' lang='grc' dir='ltr'>λεγόμενον,</span> <span class='ocrx_word' id='word_1_522' title='bbox 3283 2412 3376 2464; x_wconf 75' lang='grc' dir='ltr'>καὶ</span> <span class='ocrx_word' id='word_1_523' title='bbox 3406 2412 3523 2464; x_wconf 86' lang='grc' dir='ltr'>κατ’</span> <span class='ocrx_word' id='word_1_524' title='bbox 3548 2410 3713 2481; x_wconf 79' lang='grc' dir='ltr'>ἀλλή-</span> 
     </span>
    </p>
   </div>
   <div class='ocr_carea' id='block_1_67' title="bbox 2123 2499 3715 2574">
    <p class='ocr_par' dir='ltr' id='par_1_67' title="bbox 2123 2499 3715 2574">
     <span class='ocr_line' id='line_1_67' title="bbox 2123 2499 3715 2574; baseline 0.001 -23"><span class='ocrx_word' id='word_1_525' title='bbox 2123 2499 2233 2553; x_wconf 81' lang='grc' dir='ltr'>λων</span> <span class='ocrx_word' id='word_1_526' title='bbox 2261 2502 2505 2567; x_wconf 77' lang='grc' dir='ltr'>ὁπλίζεις</span> <span class='ocrx_word' id='word_1_527' title='bbox 2535 2503 2665 2567; x_wconf 76' lang='grc' dir='ltr'>τοὺς</span> <span class='ocrx_word' id='word_1_528' title='bbox 2688 2503 3043 2574; x_wconf 83' lang='grc' dir='ltr'>δαιτυμόνας,</span> <span class='ocrx_word' id='word_1_529' title='bbox 3078 2503 3192 2572; x_wconf 78' lang='grc' dir='ltr'>ἐγὼ</span> <span class='ocrx_word' id='word_1_530' title='bbox 3224 2503 3282 2557; x_wconf 70' lang='grc' dir='ltr'>δὲ</span> <span class='ocrx_word' id='word_1_531' title='bbox 3314 2503 3407 2556; x_wconf 75' lang='grc' dir='ltr'>καὶ</span> <span class='ocrx_word' id='word_1_532' title='bbox 3429 2502 3528 2573; x_wconf 82' lang='grc' dir='ltr'>τὴν</span> <span class='ocrx_word' id='word_1_533' title='bbox 3555 2503 3715 2572; x_wconf 77' lang='grc' dir='ltr'>Ἔριν</span> 
     </span>
    </p>
   </div>
   <div class='ocr_carea' id='block_1_68' title="bbox 2124 2593 3710 2666">
    <p class='ocr_par' dir='ltr' id='par_1_68' title="bbox 2124 2593 3710 2666">
     <span class='ocr_line' id='line_1_68' title="bbox 2124 2593 3710 2666; baseline 0 -19"><span class='ocrx_word' id='word_1_534' title='bbox 2124 2596 2206 2659; x_wconf 88' lang='grc' dir='ltr'>είς</span> <span class='ocrx_word' id='word_1_535' title='bbox 2247 2593 2309 2647; x_wconf 75' lang='grc' dir='ltr'>τὸ</span> <span class='ocrx_word' id='word_1_536' title='bbox 2365 2593 2583 2648; x_wconf 78' lang='grc' dir='ltr'>δεῖπνον</span> <span class='ocrx_word' id='word_1_537' title='bbox 2631 2594 3066 2666; x_wconf 71' lang='grc' dir='ltr'>παραλαμϐάνω,</span> <span class='ocrx_word' id='word_1_538' title='bbox 3131 2595 3226 2649; x_wconf 78' lang='grc' dir='ltr'>καὶ</span> <span class='ocrx_word' id='word_1_539' title='bbox 3274 2594 3375 2665; x_wconf 82' lang='grc' dir='ltr'>τῆς</span> <span class='ocrx_word' id='word_1_540' title='bbox 3425 2596 3619 2663; x_wconf 72' lang='grc' dir='ltr'>ἑορτῆς</span> <span class='ocrx_word' id='word_1_541' title='bbox 3647 2595 3710 2647; x_wconf 91' lang='grc' dir='ltr'>οὑ</span> 
     </span>
    </p>
   </div>
   <div class='ocr_carea' id='block_1_69' title="bbox 2125 2686 3712 2760">
    <p class='ocr_par' dir='ltr' id='par_1_69' title="bbox 2125 2686 3712 2760">
     <span class='ocr_line' id='line_1_69' title="bbox 2125 2686 3712 2760; baseline 0.001 -20"><span class='ocrx_word' id='word_1_542' title='bbox 2125 2686 2445 2759; x_wconf 76' lang='grc' dir='ltr'>καθυὸρίζω</span> <span class='ocrx_word' id='word_1_543' title='bbox 2468 2687 2529 2740; x_wconf 78' lang='grc' dir='ltr'>τὸ</span> <span class='ocrx_word' id='word_1_544' title='bbox 2556 2687 2853 2760; x_wconf 86' lang='grc' dir='ltr'>πρόσωπον</span> <span class='ocrx_word' id='word_1_545' title='bbox 2877 2704 2892 2723; x_wconf 77' lang='grc' dir='ltr'><strong><em>ο</em></strong></span> <span class='ocrx_word' id='word_1_546' title='bbox 2945 2688 3104 2759; x_wconf 86' lang='grc' dir='ltr'>Ἔριν</span> <span class='ocrx_word' id='word_1_547' title='bbox 3133 2688 3343 2758; x_wconf 80' lang='grc' dir='ltr'>ταύτην</span> <span class='ocrx_word' id='word_1_548' title='bbox 3372 2689 3434 2741; x_wconf 90' lang='grc' dir='ltr'>οὑ</span> <span class='ocrx_word' id='word_1_549' title='bbox 3466 2690 3567 2756; x_wconf 75' lang='grc' dir='ltr'>τὴν</span> <span class='ocrx_word' id='word_1_550' title='bbox 3596 2704 3712 2757; x_wconf 89' lang='grc' dir='ltr'>μω-</span> 
     </span>
    </p>
   </div>
   <div class='ocr_carea' id='block_1_70' title="bbox 2129 2776 3710 2848">
    <p class='ocr_par' dir='ltr' id='par_1_70' title="bbox 2129 2776 3710 2848">
     <span class='ocr_line' id='line_1_70' title="bbox 2129 2776 3710 2848; baseline 0 -19"><span class='ocrx_word' id='word_1_551' title='bbox 2129 2777 2328 2847; x_wconf 78' lang='grc' dir='ltr'>μητὴν,</span> <span class='ocrx_word' id='word_1_552' title='bbox 2358 2776 2481 2829; x_wconf 79' lang='grc' dir='ltr'>οὐδὲ</span> <span class='ocrx_word' id='word_1_553' title='bbox 2506 2777 2606 2848; x_wconf 83' lang='grc' dir='ltr'>τὴν</span> <span class='ocrx_word' id='word_1_554' title='bbox 2631 2776 2999 2847; x_wconf 86' lang='grc' dir='ltr'>κακόχαρτον,</span> <span class='ocrx_word' id='word_1_555' title='bbox 3033 2777 3151 2831; x_wconf 81' lang='grc' dir='ltr'>ἀλλ’</span> <span class='ocrx_word' id='word_1_556' title='bbox 3173 2779 3240 2848; x_wconf 76' lang='grc' dir='ltr'>ἦν</span> <span class='ocrx_word' id='word_1_557' title='bbox 3264 2796 3359 2831; x_wconf 81' lang='grc' dir='ltr'>κεν</span> <span class='ocrx_word' id='word_1_558' title='bbox 3392 2778 3710 2831; x_wconf 81' lang='grc' dir='ltr'>ἐπαινέσειε</span> 
     </span>
    </p>
   </div>
   <div class='ocr_carea' id='block_1_71' title="bbox 2125 2868 3708 2943">
    <p class='ocr_par' dir='ltr' id='par_1_71' title="bbox 2125 2868 3708 2943">
     <span class='ocr_line' id='line_1_71' title="bbox 2125 2868 3708 2943; baseline 0.002 -23"><span class='ocrx_word' id='word_1_559' title='bbox 2125 2869 2328 2939; x_wconf 84' lang='grc' dir='ltr'>νοήσας</span> <span class='ocrx_word' id='word_1_560' title='bbox 2356 2885 2371 2899; x_wconf 74' lang='grc'><strong><em>⁸</em></strong></span> <span class='ocrx_word' id='word_1_561' title='bbox 2405 2868 2549 2923; x_wconf 82' lang='grc' dir='ltr'>οὑτω</span> <span class='ocrx_word' id='word_1_562' title='bbox 2582 2871 2889 2941; x_wconf 83' lang='grc' dir='ltr'>σεμνότερα</span> <span class='ocrx_word' id='word_1_563' title='bbox 2923 2871 3102 2943; x_wconf 80' lang='grc' dir='ltr'>πολλῷ</span> <span class='ocrx_word' id='word_1_564' title='bbox 3125 2874 3233 2925; x_wconf 85' lang='grc' dir='ltr'>τῶν</span> <span class='ocrx_word' id='word_1_565' title='bbox 3260 2872 3449 2941; x_wconf 83' lang='grc' dir='ltr'>μύθων</span> <span class='ocrx_word' id='word_1_566' title='bbox 3484 2872 3552 2924; x_wconf 83' lang='grc' dir='ltr'>τά</span> <span class='ocrx_word' id='word_1_567' title='bbox 3583 2870 3708 2924; x_wconf 84' lang='grc' dir='ltr'>καθ’</span> 
     </span>
    </p>
   </div>
   <div class='ocr_carea' id='block_1_72' title="bbox 2125 2960 3421 3035">
    <p class='ocr_par' dir='ltr' id='par_1_72' title="bbox 2125 2960 3421 3035">
     <span class='ocr_line' id='line_1_72' title="bbox 2125 2960 3421 3035; baseline 0.001 -19"><span class='ocrx_word' id='word_1_568' title='bbox 2125 2963 2296 3035; x_wconf 78' lang='grc' dir='ltr'>ἡμᾶς,</span> <span class='ocrx_word' id='word_1_569' title='bbox 2329 2962 2437 3016; x_wconf 80' lang='grc' dir='ltr'>κᾶν</span> <span class='ocrx_word' id='word_1_570' title='bbox 2480 2962 2557 3033; x_wconf 82' lang='grc' dir='ltr'>μὴ</span> <span class='ocrx_word' id='word_1_571' title='bbox 2605 2963 2773 3035; x_wconf 83' lang='grc' dir='ltr'>μῦθος</span> <span class='ocrx_word' id='word_1_572' title='bbox 2804 2960 2895 3035; x_wconf 85' lang='grc' dir='ltr'>ἦν,</span> <span class='ocrx_word' id='word_1_573' title='bbox 2928 2965 3023 3017; x_wconf 76' lang='grc' dir='ltr'>καὶ</span> <span class='ocrx_word' id='word_1_574' title='bbox 3044 2964 3421 3031; x_wconf 79' lang='grc' dir='ltr'>ἐπιδοξότερα.</span> 
     </span>
    </p>
   </div>
   <div class='ocr_carea' id='block_1_73' title="bbox 2210 3055 3708 3129">
    <p class='ocr_par' dir='ltr' id='par_1_73' title="bbox 2210 3055 3708 3129">
     <span class='ocr_line' id='line_1_73' title="bbox 2210 3055 3708 3129; baseline -0.001 -19"><span class='ocrx_word' id='word_1_575' title='bbox 2210 3062 2265 3113; x_wconf 85' lang='grc' dir='ltr'>ι’.</span> <span class='ocrx_word' id='word_1_576' title='bbox 2296 3056 2392 3120; x_wconf 90' lang='grc' dir='ltr'>Τίς</span> <span class='ocrx_word' id='word_1_577' title='bbox 2419 3056 2513 3111; x_wconf 85' lang='grc' dir='ltr'>οὑν</span> <span class='ocrx_word' id='word_1_578' title='bbox 2542 3058 2804 3129; x_wconf 81' lang='grc' dir='ltr'>φθονερὸς</span> <span class='ocrx_word' id='word_1_579' title='bbox 2830 3057 2991 3123; x_wconf 78' lang='grc' dir='ltr'>οὕτω,</span> <span class='ocrx_word' id='word_1_580' title='bbox 3031 3058 3126 3110; x_wconf 76' lang='grc' dir='ltr'>καὶ</span> <span class='ocrx_word' id='word_1_581' title='bbox 3156 3058 3456 3126; x_wconf 70' lang='grc' dir='ltr'>ἀνέραστος</span> <span class='ocrx_word' id='word_1_582' title='bbox 3479 3055 3576 3109; x_wconf 81' lang='grc' dir='ltr'>τοῦ</span> <span class='ocrx_word' id='word_1_583' title='bbox 3604 3072 3708 3109; x_wconf 84' lang='grc' dir='ltr'>κα-</span> 
     </span>
    </p>
   </div>
   <div class='ocr_carea' id='block_1_74' title="bbox 2125 3134 3785 3221">
    <p class='ocr_par' dir='ltr' id='par_1_74' title="bbox 2125 3134 3785 3221">
     <span class='ocr_line' id='line_1_74' title="bbox 2125 3134 3785 3221; baseline -0.001 -20"><span class='ocrx_word' id='word_1_584' title='bbox 2125 3148 2244 3215; x_wconf 83' lang='grc' dir='ltr'>λοῦ,</span> <span class='ocrx_word' id='word_1_585' title='bbox 2272 3148 2348 3212; x_wconf 86' lang='grc' dir='ltr'>ὠς</span> <span class='ocrx_word' id='word_1_586' title='bbox 2381 3150 2455 3220; x_wconf 85' lang='grc' dir='ltr'>μὴ</span> <span class='ocrx_word' id='word_1_587' title='bbox 2479 3150 2700 3221; x_wconf 83' lang='grc' dir='ltr'>χαίρειν</span> <span class='ocrx_word' id='word_1_588' title='bbox 2751 3150 2854 3220; x_wconf 73' lang='grc' dir='ltr'>μὲν</span> <span class='ocrx_word' id='word_1_589' title='bbox 2885 3150 2980 3203; x_wconf 77' lang='grc' dir='ltr'>ἐπὶ</span> <span class='ocrx_word' id='word_1_590' title='bbox 3013 3153 3124 3214; x_wconf 88' lang='grc' dir='ltr'>τοῖς</span> <span class='ocrx_word' id='word_1_591' title='bbox 3164 3134 3455 3221; x_wconf 77' lang='grc' dir='ltr'>παροὺσιν,</span> <span class='ocrx_word' id='word_1_592' title='bbox 3488 3147 3720 3217; x_wconf 82' lang='grc' dir='ltr'>ὲπεὺχε-</span> <span class='ocrx_word' id='word_1_593' title='bbox 3774 3152 3785 3164; x_wconf 89' lang='lat'><strong>&#39;</strong></span> 
     </span>
    </p>
   </div>
   <div class='ocr_carea' id='block_1_75' title="bbox 2129 3239 3717 3313">
    <p class='ocr_par' dir='ltr' id='par_1_75' title="bbox 2129 3239 3717 3313">
     <span class='ocr_line' id='line_1_75' title="bbox 2129 3239 3717 3313; baseline -0.004 -18"><span class='ocrx_word' id='word_1_594' title='bbox 2129 3240 2253 3295; x_wconf 87' lang='grc' dir='ltr'>σθαι</span> <span class='ocrx_word' id='word_1_595' title='bbox 2279 3241 2337 3294; x_wconf 69' lang='grc' dir='ltr'>δὲ</span> <span class='ocrx_word' id='word_1_596' title='bbox 2376 3245 2491 3305; x_wconf 84' lang='grc' dir='ltr'>τοῖς</span> <span class='ocrx_word' id='word_1_597' title='bbox 2544 3243 2901 3313; x_wconf 79' lang='grc' dir='ltr'>τελετάρχαις</span> <span class='ocrx_word' id='word_1_598' title='bbox 2932 3242 3003 3295; x_wconf 79' lang='grc' dir='ltr'>τά</span> <span class='ocrx_word' id='word_1_599' title='bbox 3034 3243 3201 3309; x_wconf 64' lang='lat' dir='ltr'><strong><em>ltitia;</em></strong></span> <span class='ocrx_word' id='word_1_600' title='bbox 3261 3243 3336 3303; x_wconf 84' lang='grc' dir='ltr'>ὡς</span> <span class='ocrx_word' id='word_1_601' title='bbox 3390 3241 3571 3311; x_wconf 74' lang='grc' dir='ltr'>ἔγωγε</span> <span class='ocrx_word' id='word_1_602' title='bbox 3618 3239 3717 3291; x_wconf 72' lang='grc' dir='ltr'>καὶ</span> 
     </span>
    </p>
   </div>
   <div class='ocr_carea' id='block_1_76' title="bbox 2130 3329 3721 3406">
    <p class='ocr_par' dir='ltr' id='par_1_76' title="bbox 2130 3329 3721 3406">
     <span class='ocr_line' id='line_1_76' title="bbox 2130 3329 3721 3406; baseline -0.003 -19"><span class='ocrx_word' id='word_1_603' title='bbox 2130 3332 2372 3403; x_wconf 66' lang='grc' dir='ltr'>ἅλλομαι</span> <span class='ocrx_word' id='word_1_604' title='bbox 2400 3334 2598 3405; x_wconf 76' lang='grc' dir='ltr'>μικροῦ</span> <span class='ocrx_word' id='word_1_605' title='bbox 2621 3335 2717 3388; x_wconf 77' lang='grc' dir='ltr'>ἐπὶ</span> <span class='ocrx_word' id='word_1_606' title='bbox 2748 3334 2828 3404; x_wconf 87' lang='grc' dir='ltr'>τῷ</span> <span class='ocrx_word' id='word_1_607' title='bbox 2860 3335 3148 3406; x_wconf 82' lang='grc' dir='ltr'>πράγματι</span> <span class='ocrx_word' id='word_1_608' title='bbox 3170 3376 3185 3400; x_wconf 90' lang='grc'>,</span> <span class='ocrx_word' id='word_1_609' title='bbox 3220 3336 3316 3389; x_wconf 77' lang='grc' dir='ltr'>καὶ</span> <span class='ocrx_word' id='word_1_610' title='bbox 3352 3333 3580 3404; x_wconf 84' lang='grc' dir='ltr'>σκιρτῶ,</span> <span class='ocrx_word' id='word_1_611' title='bbox 3620 3329 3721 3384; x_wconf 71' lang='grc' dir='ltr'>καὶ</span> 
     </span>
    </p>
   </div>
   <div class='ocr_carea' id='block_1_77' title="bbox 2129 3422 3721 3502">
    <p class='ocr_par' dir='ltr' id='par_1_77' title="bbox 2129 3422 3721 3502">
     <span class='ocr_line' id='line_1_77' title="bbox 2129 3422 3721 3502; baseline -0.001 -23"><span class='ocrx_word' id='word_1_612' title='bbox 2129 3426 2224 3479; x_wconf 82' lang='grc' dir='ltr'>τὸν</span> <span class='ocrx_word' id='word_1_613' title='bbox 2254 3426 2348 3480; x_wconf 82' lang='grc' dir='ltr'>τοῦ</span> <span class='ocrx_word' id='word_1_614' title='bbox 2395 3428 2600 3483; x_wconf 73' lang='grc' dir='ltr'>Ἰεσσαὶ</span> <span class='ocrx_word' id='word_1_615' title='bbox 2626 3431 2917 3501; x_wconf 81' lang='grc' dir='ltr'>προφήτην</span> <span class='ocrx_word' id='word_1_616' title='bbox 2936 3428 3097 3482; x_wconf 78' lang='grc' dir='ltr'>τοῦτο</span> <span class='ocrx_word' id='word_1_617' title='bbox 3118 3430 3177 3482; x_wconf 77' lang='grc' dir='ltr'>τὸ</span> <span class='ocrx_word' id='word_1_618' title='bbox 3211 3432 3379 3502; x_wconf 76' lang='grc' dir='ltr'>μέρος</span> <span class='ocrx_word' id='word_1_619' title='bbox 3405 3422 3721 3499; x_wconf 82' lang='grc' dir='ltr'>ἁπομιμοῦ-</span> 
     </span>
    </p>
   </div>
   <div class='ocr_carea' id='block_1_78' title="bbox 2136 3585 3720 3653">
    <p class='ocr_par' dir='ltr' id='par_1_78' title="bbox 2136 3585 3720 3653">
     <span class='ocr_line' id='line_1_78' title="bbox 2136 3585 3720 3653; baseline 0.003 -16"><span class='ocrx_word' id='word_1_620' title='bbox 2136 3586 2239 3638; x_wconf 88' lang='lat' dir='ltr'><strong><em>tari</em></strong></span> <span class='ocrx_word' id='word_1_621' title='bbox 2268 3594 2317 3639; x_wconf 90' lang='lat' dir='ltr'>et</span> <span class='ocrx_word' id='word_1_622' title='bbox 2343 3585 2642 3641; x_wconf 85' lang='lat' dir='ltr'><strong><em>dolentibus</em></strong></span> <span class='ocrx_word' id='word_1_623' title='bbox 2671 3604 2776 3643; x_wconf 89' lang='lat' dir='ltr'>non</span> <span class='ocrx_word' id='word_1_624' title='bbox 2804 3589 3104 3644; x_wconf 85' lang='lat' dir='ltr'><strong><em>condolere.</em></strong></span> <span class='ocrx_word' id='word_1_625' title='bbox 3137 3587 3216 3644; x_wconf 88' lang='lat' dir='ltr'><strong><em>Tu</em></strong></span> <span class='ocrx_word' id='word_1_626' title='bbox 3245 3597 3450 3653; x_wconf 86' lang='lat' dir='ltr'><strong><em>autem,</em></strong></span> <span class='ocrx_word' id='word_1_627' title='bbox 3484 3585 3720 3642; x_wconf 68' lang='lat' dir='ltr'><strong><em>Christe.</em></strong></span> 
     </span>
    </p>
   </div>
   <div class='ocr_carea' id='block_1_79' title="bbox 2136 3677 3716 3749">
    <p class='ocr_par' dir='ltr' id='par_1_79' title="bbox 2136 3677 3716 3749">
     <span class='ocr_line' id='line_1_79' title="bbox 2136 3677 3716 3749; baseline -0.002 -18"><span class='ocrx_word' id='word_1_628' title='bbox 2136 3678 2278 3733; x_wconf 86' lang='lat' dir='ltr'><strong><em>mala</em></strong></span> <span class='ocrx_word' id='word_1_629' title='bbox 2316 3681 2496 3733; x_wconf 85' lang='lat' dir='ltr'><strong><em>omnia</em></strong></span> <span class='ocrx_word' id='word_1_630' title='bbox 2533 3698 2564 3734; x_wconf 88' lang='lat' dir='ltr'>a</span> <span class='ocrx_word' id='word_1_631' title='bbox 2601 3682 2751 3737; x_wconf 89' lang='lat' dir='ltr'><strong><em>nobis</em></strong></span> <span class='ocrx_word' id='word_1_632' title='bbox 2787 3690 2980 3735; x_wconf 89' lang='lat' dir='ltr'><strong><em>averte.</em></strong></span> <span class='ocrx_word' id='word_1_633' title='bbox 3017 3681 3122 3735; x_wconf 89' lang='lat' dir='ltr'>Sed</span> <span class='ocrx_word' id='word_1_634' title='bbox 3157 3691 3215 3734; x_wconf 86' lang='lat' dir='ltr'>tu</span> <span class='ocrx_word' id='word_1_635' title='bbox 3251 3695 3472 3749; x_wconf 85' lang='lat' dir='ltr'><strong><em>quoque,</em></strong></span> <span class='ocrx_word' id='word_1_636' title='bbox 3506 3678 3551 3732; x_wconf 88' lang='lat' dir='ltr'>si</span> <span class='ocrx_word' id='word_1_637' title='bbox 3588 3677 3716 3743; x_wconf 85' lang='lat' dir='ltr'><strong><em>quid</em></strong></span> 
     </span>
    </p>
   </div>
   <div class='ocr_carea' id='block_1_80' title="bbox 2133 3767 3717 3843">
    <p class='ocr_par' dir='ltr' id='par_1_80' title="bbox 2133 3767 3717 3843">
     <span class='ocr_line' id='line_1_80' title="bbox 2133 3767 3717 3843; baseline -0.003 -20"><span class='ocrx_word' id='word_1_638' title='bbox 2133 3773 2315 3836; x_wconf 85' lang='lat' dir='ltr'><strong><em>sentis,</em></strong></span> <span class='ocrx_word' id='word_1_639' title='bbox 2349 3782 2501 3827; x_wconf 85' lang='lat' dir='ltr'><strong><em>torus</em></strong></span> <span class='ocrx_word' id='word_1_640' title='bbox 2531 3774 2780 3843; x_wconf 80' lang='lat' dir='ltr'><strong><em>genialis,</em></strong></span> <span class='ocrx_word' id='word_1_641' title='bbox 2816 3775 3011 3843; x_wconf 87' lang='lat' dir='ltr'><strong><em>gaudia</em></strong></span> <span class='ocrx_word' id='word_1_642' title='bbox 3048 3774 3322 3828; x_wconf 88' lang='lat' dir='ltr'><strong><em>nobiscum</em></strong></span> <span class='ocrx_word' id='word_1_643' title='bbox 3344 3772 3519 3827; x_wconf 81' lang='lat' dir='ltr'><strong><em>misce.</em></strong></span> <span class='ocrx_word' id='word_1_644' title='bbox 3547 3767 3717 3822; x_wconf 83' lang='lat' dir='ltr'><strong><em>Nemo</em></strong></span> 
     </span>
    </p>
   </div>
   <div class='ocr_carea' id='block_1_81' title="bbox 2137 3863 3721 3931">
    <p class='ocr_par' dir='ltr' id='par_1_81' title="bbox 2137 3863 3721 3931">
     <span class='ocr_line' id='line_1_81' title="bbox 2137 3863 3721 3931; baseline 0.001 -15"><span class='ocrx_word' id='word_1_645' title='bbox 2137 3863 2232 3916; x_wconf 82' lang='lat' dir='ltr'><strong><em>hoc</em></strong></span> <span class='ocrx_word' id='word_1_646' title='bbox 2283 3865 2337 3916; x_wconf 91' lang='lat' dir='ltr'>in</span> <span class='ocrx_word' id='word_1_647' title='bbox 2368 3863 2482 3919; x_wconf 79' lang='lat' dir='ltr'><strong><em>loco</em></strong></span> <span class='ocrx_word' id='word_1_648' title='bbox 2510 3876 2721 3920; x_wconf 68' lang='lat' dir='ltr'><strong><em>mastus</em></strong></span> <span class='ocrx_word' id='word_1_649' title='bbox 2752 3866 2979 3919; x_wconf 80' lang='lat' dir='ltr'><strong><em>tristisve</em></strong></span> <span class='ocrx_word' id='word_1_650' title='bbox 3006 3864 3107 3931; x_wconf 78' lang='lat' dir='ltr'><strong><em>sit;</em></strong></span> <span class='ocrx_word' id='word_1_651' title='bbox 3135 3867 3345 3920; x_wconf 83' lang='lat' dir='ltr'><strong><em>rideant</em></strong></span> <span class='ocrx_word' id='word_1_652' title='bbox 3376 3863 3578 3928; x_wconf 88' lang='lat' dir='ltr'><strong><em>omnia,</em></strong></span> <span class='ocrx_word' id='word_1_653' title='bbox 3606 3877 3721 3917; x_wconf 83' lang='lat' dir='ltr'><strong><em>ont-</em></strong></span> 
     </span>
    </p>
   </div>
   <div class='ocr_carea' id='block_1_82' title="bbox 2137 3957 3400 4027">
    <p class='ocr_par' dir='ltr' id='par_1_82' title="bbox 2137 3957 3400 4027">
     <span class='ocr_line' id='line_1_82' title="bbox 2137 3957 3400 4027; baseline -0.001 -17"><span class='ocrx_word' id='word_1_654' title='bbox 2137 3958 2228 4010; x_wconf 91' lang='lat' dir='ltr'>nia</span> <span class='ocrx_word' id='word_1_655' title='bbox 2259 3958 2554 4025; x_wconf 82' lang='lat' dir='ltr'><strong><em>gaudeant,</em></strong></span> <span class='ocrx_word' id='word_1_656' title='bbox 2586 3957 2848 4011; x_wconf 70' lang='lat' dir='ltr'><strong><em>exsultent</em></strong></span> <span class='ocrx_word' id='word_1_657' title='bbox 2877 3958 2941 4023; x_wconf 79' lang='lat' dir='ltr'>de</span> <span class='ocrx_word' id='word_1_658' title='bbox 2971 3958 3122 4013; x_wconf 86' lang='lat' dir='ltr'><strong><em>rebus</em></strong></span> <span class='ocrx_word' id='word_1_659' title='bbox 3151 3957 3400 4027; x_wconf 79' lang='lat' dir='ltr'><strong><em>peractis.</em></strong></span> 
     </span>
    </p>
   </div>
   <div class='ocr_carea' id='block_1_83' title="bbox 2206 4045 3726 4119">
    <p class='ocr_par' dir='ltr' id='par_1_83' title="bbox 2206 4045 3726 4119">
     <span class='ocr_line' id='line_1_83' title="bbox 2206 4045 3726 4119; baseline -0.003 -17"><span class='ocrx_word' id='word_1_660' title='bbox 2206 4047 2263 4102; x_wconf 87' lang='lat'>9.</span> <span class='ocrx_word' id='word_1_661' title='bbox 2280 4045 2503 4117; x_wconf 87' lang='lat' dir='ltr'><strong><em>Supero.</em></strong></span> <span class='ocrx_word' id='word_1_662' title='bbox 2524 4048 2863 4119; x_wconf 81' lang='lat' dir='ltr'><strong><em>mythologia,</em></strong></span> <span class='ocrx_word' id='word_1_663' title='bbox 2882 4065 3013 4117; x_wconf 86' lang='lat' dir='ltr'><strong><em>quas</em></strong></span> <span class='ocrx_word' id='word_1_664' title='bbox 3035 4058 3090 4101; x_wconf 91' lang='lat' dir='ltr'>tu</span> <span class='ocrx_word' id='word_1_665' title='bbox 3105 4065 3297 4102; x_wconf 89' lang='lat' dir='ltr'><strong><em>narras</em></strong></span> <span class='ocrx_word' id='word_1_666' title='bbox 3319 4047 3552 4117; x_wconf 80' lang='lat' dir='ltr'><strong><em>nuptias,</em></strong></span> <span class='ocrx_word' id='word_1_667' title='bbox 3566 4046 3726 4099; x_wconf 83' lang='lat' dir='ltr'><strong><em>dum-</em></strong></span> 
     </span>
    </p>
   </div>
   <div class='ocr_carea' id='block_1_84' title="bbox 2137 4140 3720 4212">
    <p class='ocr_par' dir='ltr' id='par_1_84' title="bbox 2137 4140 3720 4212">
     <span class='ocr_line' id='line_1_84' title="bbox 2137 4140 3720 4212; baseline -0.001 -18"><span class='ocrx_word' id='word_1_668' title='bbox 2137 4142 2293 4195; x_wconf 83' lang='lat' dir='ltr'><strong><em>modo</em></strong></span> <span class='ocrx_word' id='word_1_669' title='bbox 2315 4141 2514 4210; x_wconf 80' lang='lat' dir='ltr'><strong><em>fabulis</em></strong></span> <span class='ocrx_word' id='word_1_670' title='bbox 2537 4142 2695 4209; x_wconf 84' lang='lat' dir='ltr'><strong><em>ﬁdem</em></strong></span> <span class='ocrx_word' id='word_1_671' title='bbox 2715 4145 2930 4196; x_wconf 85' lang='lat' dir='ltr'><strong><em>damus.</em></strong></span> <span class='ocrx_word' id='word_1_672' title='bbox 2955 4141 3033 4195; x_wconf 80' lang='lat' dir='ltr'><strong><em>Tu</em></strong></span> <span class='ocrx_word' id='word_1_673' title='bbox 3052 4141 3267 4212; x_wconf 84' lang='lat' dir='ltr'><strong><em>quidem</em></strong></span> <span class='ocrx_word' id='word_1_674' title='bbox 3294 4140 3439 4195; x_wconf 86' lang='lat' dir='ltr'><strong><em>Pelei</em></strong></span> <span class='ocrx_word' id='word_1_675' title='bbox 3460 4140 3720 4195; x_wconf 85' lang='lat' dir='ltr'><strong><em>connubio</em></strong></span> 
     </span>
    </p>
   </div>
   <div class='ocr_carea' id='block_1_85' title="bbox 2141 4232 3723 4303">
    <p class='ocr_par' dir='ltr' id='par_1_85' title="bbox 2141 4232 3723 4303">
     <span class='ocr_line' id='line_1_85' title="bbox 2141 4232 3723 4303; baseline -0.001 -16"><span class='ocrx_word' id='word_1_676' title='bbox 2141 4232 2328 4287; x_wconf 84' lang='lat' dir='ltr'><strong><em>Thetin</em></strong></span> <span class='ocrx_word' id='word_1_677' title='bbox 2350 4234 2489 4289; x_wconf 90' lang='lat' dir='ltr'><strong><em>senis</em></strong></span> <span class='ocrx_word' id='word_1_678' title='bbox 2514 4233 2772 4286; x_wconf 90' lang='lat' dir='ltr'><strong><em>maritimi</em></strong></span> <span class='ocrx_word' id='word_1_679' title='bbox 2793 4232 2961 4301; x_wconf 90' lang='lat' dir='ltr'><strong><em>ﬁliam</em></strong></span> <span class='ocrx_word' id='word_1_680' title='bbox 2975 4233 3183 4303; x_wconf 88' lang='lat' dir='ltr'><strong><em>jungis,</em></strong></span> <span class='ocrx_word' id='word_1_681' title='bbox 3209 4249 3301 4302; x_wconf 85' lang='lat' dir='ltr'>ego</span> <span class='ocrx_word' id='word_1_682' title='bbox 3325 4248 3442 4285; x_wconf 86' lang='lat' dir='ltr'>cum</span> <span class='ocrx_word' id='word_1_683' title='bbox 3464 4232 3592 4299; x_wconf 83' lang='lat' dir='ltr'><strong><em>ﬁliis</em></strong></span> <span class='ocrx_word' id='word_1_684' title='bbox 3633 4247 3723 4285; x_wconf 89' lang='lat' dir='ltr'><strong><em>re-</em></strong></span> 
     </span>
    </p>
   </div>
   <div class='ocr_carea' id='block_1_86' title="bbox 2138 4326 3723 4398">
    <p class='ocr_par' dir='ltr' id='par_1_86' title="bbox 2138 4326 3723 4398">
     <span class='ocr_line' id='line_1_86' title="bbox 2138 4326 3723 4398; baseline -0.001 -18"><span class='ocrx_word' id='word_1_685' title='bbox 2138 4328 2237 4398; x_wconf 88' lang='lat' dir='ltr'><strong><em>giis</em></strong></span> <span class='ocrx_word' id='word_1_686' title='bbox 2279 4327 2577 4381; x_wconf 71' lang='lat' dir='ltr'><strong><em>illustrium</em></strong></span> <span class='ocrx_word' id='word_1_687' title='bbox 2608 4328 2804 4380; x_wconf 88' lang='lat' dir='ltr'><strong><em>ducum</em></strong></span> <span class='ocrx_word' id='word_1_688' title='bbox 2848 4327 2990 4395; x_wconf 87' lang='lat' dir='ltr'><strong><em>ﬁlias</em></strong></span> <span class='ocrx_word' id='word_1_689' title='bbox 3013 4327 3160 4391; x_wconf 91' lang='lat' dir='ltr'><strong><em>unio,</em></strong></span> <span class='ocrx_word' id='word_1_690' title='bbox 3206 4336 3255 4380; x_wconf 93' lang='lat' dir='ltr'>et</span> <span class='ocrx_word' id='word_1_691' title='bbox 3296 4326 3345 4379; x_wconf 93' lang='lat' dir='ltr'>si</span> <span class='ocrx_word' id='word_1_692' title='bbox 3389 4334 3447 4379; x_wconf 86' lang='lat' dir='ltr'>tu</span> <span class='ocrx_word' id='word_1_693' title='bbox 3487 4326 3541 4379; x_wconf 91' lang='lat' dir='ltr'>in</span> <span class='ocrx_word' id='word_1_694' title='bbox 3566 4336 3723 4378; x_wconf 89' lang='lat' dir='ltr'><strong><em>antro</em></strong></span> 
     </span>
    </p>
   </div>
   <div class='ocr_carea' id='block_1_87' title="bbox 2138 4415 3717 4487">
    <p class='ocr_par' dir='ltr' id='par_1_87' title="bbox 2138 4415 3717 4487">
     <span class='ocr_line' id='line_1_87' title="bbox 2138 4415 3717 4487; baseline -0.002 -16"><span class='ocrx_word' id='word_1_695' title='bbox 2138 4433 2351 4481; x_wconf 71' lang='lat' dir='ltr'><strong><em>saxoso,</em></strong></span> <span class='ocrx_word' id='word_1_696' title='bbox 2389 4434 2483 4487; x_wconf 89' lang='lat' dir='ltr'>ego</span> <span class='ocrx_word' id='word_1_697' title='bbox 2522 4419 2578 4470; x_wconf 90' lang='lat' dir='ltr'>in</span> <span class='ocrx_word' id='word_1_698' title='bbox 2617 4416 2779 4472; x_wconf 81' lang='lat' dir='ltr'><strong><em>cubili</em></strong></span> <span class='ocrx_word' id='word_1_699' title='bbox 2815 4417 2981 4485; x_wconf 86' lang='lat' dir='ltr'><strong><em>regali</em></strong></span> <span class='ocrx_word' id='word_1_700' title='bbox 3021 4417 3235 4486; x_wconf 86' lang='lat' dir='ltr'><strong><em>nuptias</em></strong></span> <span class='ocrx_word' id='word_1_701' title='bbox 3272 4415 3529 4469; x_wconf 83' lang='lat' dir='ltr'><strong><em>celebrari</em></strong></span> <span class='ocrx_word' id='word_1_702' title='bbox 3568 4428 3717 4468; x_wconf 86' lang='lat' dir='ltr'><strong><em>curo.</em></strong></span> 
     </span>
    </p>
   </div>
   <div class='ocr_carea' id='block_1_88' title="bbox 450 4505 3729 4585">
    <p class='ocr_par' dir='ltr' id='par_1_88' title="bbox 450 4505 3729 4585">
     <span class='ocr_line' id='line_1_88' title="bbox 450 4505 3729 4585; baseline -0.003 -17"><span class='ocrx_word' id='word_1_703' title='bbox 450 4512 573 4568; x_wconf 75' lang='lat' dir='ltr'>1am</span> <span class='ocrx_word' id='word_1_704' title='bbox 616 4514 717 4581; x_wconf 87' lang='lat' dir='ltr'><strong><em>ﬁlii</em></strong></span> <span class='ocrx_word' id='word_1_705' title='bbox 756 4514 914 4568; x_wconf 69' lang='lat' dir='ltr'><strong><em>vestri</em></strong></span> <span class='ocrx_word' id='word_1_706' title='bbox 953 4514 1192 4568; x_wconf 86' lang='lat' dir='ltr'><strong><em>coronati</em></strong></span> <span class='ocrx_word' id='word_1_707' title='bbox 1227 4530 1419 4584; x_wconf 83' lang='lat' dir='ltr'><strong><em>pompa</em></strong></span> <span class='ocrx_word' id='word_1_708' title='bbox 1458 4514 1686 4584; x_wconf 77' lang='lat' dir='ltr'><strong><em>nuptiali</em></strong></span> <span class='ocrx_word' id='word_1_709' title='bbox 1725 4516 2034 4585; x_wconf 59' lang='lat' dir='ltr'><strong><em>procedunt,</em></strong></span> <span class='ocrx_word' id='word_1_710' title='bbox 2068 4519 2114 4576; x_wconf 85' lang='grc' dir='ltr'>ι)</span> <span class='ocrx_word' id='word_1_711' title='bbox 2143 4508 2221 4563; x_wconf 84' lang='grc' dir='ltr'>Τιι</span> <span class='ocrx_word' id='word_1_712' title='bbox 2255 4508 2463 4579; x_wconf 85' lang='lat' dir='ltr'><strong><em>quidem</em></strong></span> <span class='ocrx_word' id='word_1_713' title='bbox 2496 4505 2767 4573; x_wconf 84' lang='lat' dir='ltr'><strong><em>Venerem,</em></strong></span> <span class='ocrx_word' id='word_1_714' title='bbox 2796 4506 3058 4561; x_wconf 73' lang='lat' dir='ltr'><strong><em>lunonem</em></strong></span> <span class='ocrx_word' id='word_1_715' title='bbox 3092 4518 3139 4562; x_wconf 90' lang='lat' dir='ltr'>et</span> <span class='ocrx_word' id='word_1_716' title='bbox 3175 4506 3463 4561; x_wconf 81' lang='lat' dir='ltr'><strong><em>Minervam</em></strong></span> <span class='ocrx_word' id='word_1_717' title='bbox 3499 4509 3566 4559; x_wconf 90' lang='lat' dir='ltr'>ad</span> <span class='ocrx_word' id='word_1_718' title='bbox 3600 4522 3729 4574; x_wconf 80' lang='lat' dir='ltr'><strong><em>epu-</em></strong></span> 
     </span>
    </p>
   </div>
   <div class='ocr_carea' id='block_1_89' title="bbox 449 4605 2037 4676">
    <p class='ocr_par' dir='ltr' id='par_1_89' title="bbox 449 4605 2037 4676">
     <span class='ocr_line' id='line_1_89' title="bbox 449 4605 2037 4676; baseline 0.001 -15"><span class='ocrx_word' id='word_1_719' title='bbox 449 4607 679 4670; x_wconf 86' lang='lat' dir='ltr'><strong><em>senatui,</em></strong></span> <span class='ocrx_word' id='word_1_720' title='bbox 706 4605 1191 4675; x_wconf 87' lang='lat' dir='ltr'><strong><em>populo,tribunali</em></strong></span> <span class='ocrx_word' id='word_1_721' title='bbox 1216 4606 1653 4661; x_wconf 86' lang='lat' dir='ltr'><strong><em>commendantur</em></strong></span> <span class='ocrx_word' id='word_1_722' title='bbox 1673 4616 1720 4662; x_wconf 89' lang='lat' dir='ltr'>et</span> <span class='ocrx_word' id='word_1_723' title='bbox 1747 4608 2037 4676; x_wconf 87' lang='lat' dir='ltr'><strong><em>imperato-</em></strong></span> 
     </span>
    </p>
   </div>
   <div class='ocr_carea' id='block_1_90' title="bbox 449 4697 2034 4771">
    <p class='ocr_par' dir='ltr' id='par_1_90' title="bbox 449 4697 2034 4771">
     <span class='ocr_line' id='line_1_90' title="bbox 449 4697 2034 4771; baseline 0.003 -22"><span class='ocrx_word' id='word_1_724' title='bbox 449 4700 521 4751; x_wconf 90' lang='lat' dir='ltr'>ris</span> <span class='ocrx_word' id='word_1_725' title='bbox 550 4698 761 4768; x_wconf 80' lang='lat' dir='ltr'><strong><em>vestigia</em></strong></span> <span class='ocrx_word' id='word_1_726' title='bbox 785 4699 1024 4751; x_wconf 87' lang='lat' dir='ltr'><strong><em>hesterno</em></strong></span> <span class='ocrx_word' id='word_1_727' title='bbox 1048 4698 1137 4752; x_wconf 82' lang='lat' dir='ltr'>die</span> <span class='ocrx_word' id='word_1_728' title='bbox 1164 4697 1343 4751; x_wconf 81' lang='lat' dir='ltr'><strong><em>relicta</em></strong></span> <span class='ocrx_word' id='word_1_729' title='bbox 1370 4708 1678 4766; x_wconf 80' lang='lat' dir='ltr'><strong><em>sequuntur.</em></strong></span> <span class='ocrx_word' id='word_1_730' title='bbox 1706 4698 1854 4753; x_wconf 86' lang='lat' dir='ltr'><strong><em>Absit</em></strong></span> <span class='ocrx_word' id='word_1_731' title='bbox 1879 4701 2034 4771; x_wconf 88' lang='lat' dir='ltr'><strong><em>longe</em></strong></span> 
     </span>
    </p>
   </div>
   <div class='ocr_carea' id='block_1_91' title="bbox 450 4787 2040 4858">
    <p class='ocr_par' dir='ltr' id='par_1_91' title="bbox 450 4787 2040 4858">
     <span class='ocr_line' id='line_1_91' title="bbox 450 4787 2040 4858; baseline 0.001 -16"><span class='ocrx_word' id='word_1_732' title='bbox 450 4790 619 4843; x_wconf 86' lang='lat' dir='ltr'><strong><em>omnis</em></strong></span> <span class='ocrx_word' id='word_1_733' title='bbox 645 4790 868 4855; x_wconf 84' lang='lat' dir='ltr'><strong><em>invidia,</em></strong></span> <span class='ocrx_word' id='word_1_734' title='bbox 892 4788 1030 4858; x_wconf 86' lang='lat' dir='ltr'><strong><em>ﬁlios</em></strong></span> <span class='ocrx_word' id='word_1_735' title='bbox 1054 4787 1301 4853; x_wconf 83' lang='lat' dir='ltr'><strong><em>pulchros</em></strong></span> <span class='ocrx_word' id='word_1_736' title='bbox 1322 4788 1555 4857; x_wconf 85' lang='lat' dir='ltr'><strong><em>pulchris</em></strong></span> <span class='ocrx_word' id='word_1_737' title='bbox 1576 4788 1790 4856; x_wconf 84' lang='lat' dir='ltr'><strong><em>ﬁliabus</em></strong></span> <span class='ocrx_word' id='word_1_738' title='bbox 1816 4789 2040 4857; x_wconf 87' lang='lat' dir='ltr'><strong><em>despon-</em></strong></span> 
     </span>
    </p>
   </div>
   <div class='ocr_carea' id='block_1_92' title="bbox 451 4878 2032 4952">
    <p class='ocr_par' dir='ltr' id='par_1_92' title="bbox 451 4878 2032 4952">
     <span class='ocr_line' id='line_1_92' title="bbox 451 4878 2032 4952; baseline 0.001 -18"><span class='ocrx_word' id='word_1_739' title='bbox 451 4882 632 4945; x_wconf 87' lang='lat' dir='ltr'><strong><em>sastis,</em></strong></span> <span class='ocrx_word' id='word_1_740' title='bbox 675 4891 813 4935; x_wconf 89' lang='lat' dir='ltr'><strong><em>recte</em></strong></span> <span class='ocrx_word' id='word_1_741' title='bbox 860 4882 1134 4934; x_wconf 85' lang='lat' dir='ltr'><strong><em>oraculum</em></strong></span> <span class='ocrx_word' id='word_1_742' title='bbox 1182 4878 1462 4952; x_wconf 82' lang='lat' dir='ltr'><strong><em>Pythicum</em></strong></span> <span class='ocrx_word' id='word_1_743' title='bbox 1509 4881 1723 4934; x_wconf 71' lang='lat' dir='ltr'><strong><em>dixerit.</em></strong></span> <span class='ocrx_word' id='word_1_744' title='bbox 1766 4882 2032 4951; x_wconf 78' lang='lat' dir='ltr'><strong><em>Agedum,</em></strong></span> 
     </span>
    </p>
   </div>
   <div class='ocr_carea' id='block_1_93' title="bbox 450 4971 2041 5043">
    <p class='ocr_par' dir='ltr' id='par_1_93' title="bbox 450 4971 2041 5043">
     <span class='ocr_line' id='line_1_93' title="bbox 450 4971 2041 5043; baseline 0.003 -20"><span class='ocrx_word' id='word_1_745' title='bbox 450 4975 675 5043; x_wconf 71' lang='lat' dir='ltr'><strong><em>gaudete</em></strong></span> <span class='ocrx_word' id='word_1_746' title='bbox 705 4974 1051 5042; x_wconf 86' lang='lat' dir='ltr'><strong><em>imperatores</em></strong></span> <span class='ocrx_word' id='word_1_747' title='bbox 1085 4983 1238 5043; x_wconf 76' lang='lat' dir='ltr'><strong><em>atque</em></strong></span> <span class='ocrx_word' id='word_1_748' title='bbox 1273 4972 1632 5040; x_wconf 84' lang='lat' dir='ltr'><strong><em>imperatrices</em></strong></span> <span class='ocrx_word' id='word_1_749' title='bbox 1668 4971 1922 5027; x_wconf 88' lang='lat' dir='ltr'><strong><em>divinitus</em></strong></span> <span class='ocrx_word' id='word_1_750' title='bbox 1957 4976 2041 5028; x_wconf 86' lang='lat' dir='ltr'><strong><em>in-</em></strong></span> 
     </span>
    </p>
   </div>
   <div class='ocr_carea' id='block_1_94' title="bbox 450 5061 2037 5131">
    <p class='ocr_par' dir='ltr' id='par_1_94' title="bbox 450 5061 2037 5131">
     <span class='ocr_line' id='line_1_94' title="bbox 450 5061 2037 5131; baseline 0.001 -15"><span class='ocrx_word' id='word_1_751' title='bbox 450 5065 667 5121; x_wconf 80' lang='lat' dir='ltr'><strong><em>stilultr.</em></strong></span> <span class='ocrx_word' id='word_1_752' title='bbox 698 5073 747 5118; x_wconf 91' lang='lat' dir='ltr'>et</span> <span class='ocrx_word' id='word_1_753' title='bbox 776 5076 897 5119; x_wconf 83' lang='lat' dir='ltr'><strong><em>ante</em></strong></span> <span class='ocrx_word' id='word_1_754' title='bbox 922 5079 1121 5126; x_wconf 87' lang='lat' dir='ltr'><strong><em>omnes,</em></strong></span> <span class='ocrx_word' id='word_1_755' title='bbox 1150 5080 1238 5118; x_wconf 76' lang='lat' dir='ltr'>eos</span> <span class='ocrx_word' id='word_1_756' title='bbox 1267 5063 1465 5131; x_wconf 84' lang='lat' dir='ltr'><strong><em>sponsi.</em></strong></span> <span class='ocrx_word' id='word_1_757' title='bbox 1493 5061 1555 5117; x_wconf 86' lang='lat' dir='ltr'>Si</span> <span class='ocrx_word' id='word_1_758' title='bbox 1579 5063 1717 5131; x_wconf 70' lang='lat' dir='ltr'><strong><em>enim</em></strong></span> <span class='ocrx_word' id='word_1_759' title='bbox 1746 5064 1869 5118; x_wconf 86' lang='lat' dir='ltr'><strong><em>aliis</em></strong></span> <span class='ocrx_word' id='word_1_760' title='bbox 1896 5065 2037 5119; x_wconf 81' lang='lat' dir='ltr'><strong><em>hila-</em></strong></span> 
     </span>
    </p>
   </div>
   <div class='ocr_carea' id='block_1_95' title="bbox 453 5128 2035 5226">
    <p class='ocr_par' dir='ltr' id='par_1_95' title="bbox 453 5128 2035 5226">
     <span class='ocr_line' id='line_1_95' title="bbox 453 5128 2035 5226; baseline 0.001 -18"><span class='ocrx_word' id='word_1_761' title='bbox 453 5158 631 5209; x_wconf 89' lang='lat' dir='ltr'><strong><em>ritatis</em></strong></span> <span class='ocrx_word' id='word_1_762' title='bbox 661 5172 827 5210; x_wconf 86' lang='lat' dir='ltr'><strong><em>causa</em></strong></span> <span class='ocrx_word' id='word_1_763' title='bbox 853 5156 999 5217; x_wconf 83' lang='lat' dir='ltr'><strong><em>estis,</em></strong></span> <span class='ocrx_word' id='word_1_764' title='bbox 1024 5168 1221 5226; x_wconf 88' lang='lat' dir='ltr'><strong><em>quanto</em></strong></span> <span class='ocrx_word' id='word_1_765' title='bbox 1250 5156 1417 5225; x_wconf 85' lang='lat' dir='ltr'><strong><em>magis</em></strong></span> <span class='ocrx_word' id='word_1_766' title='bbox 1447 5128 1697 5207; x_wconf 51' lang='lat' dir='ltr'><strong><em>vobigmet</em></strong></span> <span class='ocrx_word' id='word_1_767' title='bbox 1726 5155 1874 5208; x_wconf 89' lang='lat' dir='ltr'><strong><em>eritis</em></strong></span> <span class='ocrx_word' id='word_1_768' title='bbox 1900 5154 2035 5223; x_wconf 86' lang='lat' dir='ltr'><strong><em>ipsi!</em></strong></span> 
     </span>
    </p>
   </div>
   <div class='ocr_carea' id='block_1_96' title="bbox 471 5245 2039 5315">
    <p class='ocr_par' dir='ltr' id='par_1_96' title="bbox 471 5245 2039 5315">
     <span class='ocr_line' id='line_1_96' title="bbox 471 5245 2039 5315; baseline -0.002 -13"><span class='ocrx_word' id='word_1_769' title='bbox 471 5249 624 5303; x_wconf 83' lang='lat' dir='ltr'><strong><em>Vobis</em></strong></span> <span class='ocrx_word' id='word_1_770' title='bbox 659 5249 799 5302; x_wconf 87' lang='lat' dir='ltr'><strong><em>enim</em></strong></span> <span class='ocrx_word' id='word_1_771' title='bbox 832 5263 1043 5312; x_wconf 73' lang='lat' dir='ltr'><strong><em>uxores,</em></strong></span> <span class='ocrx_word' id='word_1_772' title='bbox 1077 5258 1128 5301; x_wconf 87' lang='lat' dir='ltr'>et</span> <span class='ocrx_word' id='word_1_773' title='bbox 1161 5264 1248 5302; x_wconf 84' lang='lat' dir='ltr'>vos</span> <span class='ocrx_word' id='word_1_774' title='bbox 1284 5247 1535 5301; x_wconf 74' lang='lat' dir='ltr'><strong><em>uxoribus</em></strong></span> <span class='ocrx_word' id='word_1_775' title='bbox 1568 5245 1840 5315; x_wconf 75' lang='lat' dir='ltr'><strong><em>felicitatis</em></strong></span> <span class='ocrx_word' id='word_1_776' title='bbox 1872 5256 2039 5299; x_wconf 85' lang='lat' dir='ltr'><strong><em>mate—</em></strong></span> 
     </span>
    </p>
   </div>
   <div class='ocr_carea' id='block_1_97' title="bbox 464 5339 2042 5409">
    <p class='ocr_par' dir='ltr' id='par_1_97' title="bbox 464 5339 2042 5409">
     <span class='ocr_line' id='line_1_97' title="bbox 464 5339 2042 5409; baseline -0.001 -15"><span class='ocrx_word' id='word_1_777' title='bbox 464 5342 601 5395; x_wconf 85' lang='lat' dir='ltr'><strong><em>riam</em></strong></span> <span class='ocrx_word' id='word_1_778' title='bbox 634 5339 898 5407; x_wconf 67' lang='lat' dir='ltr'><strong><em>pra&#39;betis,</em></strong></span> <span class='ocrx_word' id='word_1_779' title='bbox 931 5349 990 5393; x_wconf 87' lang='lat' dir='ltr'>ut</span> <span class='ocrx_word' id='word_1_780' title='bbox 1023 5341 1185 5393; x_wconf 88' lang='lat' dir='ltr'><strong><em>moris</em></strong></span> <span class='ocrx_word' id='word_1_781' title='bbox 1219 5353 1294 5393; x_wconf 88' lang='lat' dir='ltr'>est</span> <span class='ocrx_word' id='word_1_782' title='bbox 1329 5340 1469 5392; x_wconf 88' lang='lat' dir='ltr'><strong><em>inter</em></strong></span> <span class='ocrx_word' id='word_1_783' title='bbox 1496 5339 1846 5391; x_wconf 83' lang='lat' dir='ltr'><strong><em>adolescentes</em></strong></span> <span class='ocrx_word' id='word_1_784' title='bbox 1885 5349 2042 5409; x_wconf 85' lang='lat' dir='ltr'><strong><em>atque</em></strong></span> 
     </span>
    </p>
   </div>
   <div class='ocr_carea' id='block_1_98' title="bbox 454 5428 2046 5503">
    <p class='ocr_par' dir='ltr' id='par_1_98' title="bbox 454 5428 2046 5503">
     <span class='ocr_line' id='line_1_98' title="bbox 454 5428 2046 5503; baseline -0.001 -16"><span class='ocrx_word' id='word_1_785' title='bbox 454 5432 679 5503; x_wconf 84' lang='lat' dir='ltr'><strong><em>puellas.</em></strong></span> <span class='ocrx_word' id='word_1_786' title='bbox 721 5428 824 5485; x_wconf 82' lang='lat' dir='ltr'>Vos</span> <span class='ocrx_word' id='word_1_787' title='bbox 858 5446 1064 5502; x_wconf 68' lang='lat' dir='ltr'><strong><em>sponsae</em></strong></span> <span class='ocrx_word' id='word_1_788' title='bbox 1098 5442 1177 5485; x_wconf 88' lang='lat' dir='ltr'>ter</span> <span class='ocrx_word' id='word_1_789' title='bbox 1210 5431 1393 5501; x_wconf 82' lang='lat' dir='ltr'><strong><em>felices</em></strong></span> <span class='ocrx_word' id='word_1_790' title='bbox 1427 5431 1666 5500; x_wconf 81' lang='lat' dir='ltr'><strong><em>gaudetis</em></strong></span> <span class='ocrx_word' id='word_1_791' title='bbox 1701 5430 1766 5483; x_wconf 89' lang='lat' dir='ltr'>de</span> <span class='ocrx_word' id='word_1_792' title='bbox 1798 5429 2046 5485; x_wconf 63' lang='lat' dir='ltr'><strong><em>Ducena:</em></strong></span> 
     </span>
    </p>
   </div>
   <div class='ocr_carea' id='block_1_99' title="bbox 456 5522 2041 5592">
    <p class='ocr_par' dir='ltr' id='par_1_99' title="bbox 456 5522 2041 5592">
     <span class='ocr_line' id='line_1_99' title="bbox 456 5522 2041 5592; baseline -0.003 -13"><span class='ocrx_word' id='word_1_793' title='bbox 456 5525 681 5592; x_wconf 74' lang='lat' dir='ltr'><strong><em>familia:</em></strong></span> <span class='ocrx_word' id='word_1_794' title='bbox 714 5522 989 5577; x_wconf 85' lang='lat' dir='ltr'><strong><em>nobilitate</em></strong></span> <span class='ocrx_word' id='word_1_795' title='bbox 1021 5532 1071 5576; x_wconf 90' lang='lat' dir='ltr'>et</span> <span class='ocrx_word' id='word_1_796' title='bbox 1102 5525 1167 5577; x_wconf 90' lang='lat' dir='ltr'>de</span> <span class='ocrx_word' id='word_1_797' title='bbox 1203 5524 1401 5578; x_wconf 84' lang='lat' dir='ltr'><strong><em>sororis</em></strong></span> <span class='ocrx_word' id='word_1_798' title='bbox 1435 5523 1652 5592; x_wconf 81' lang='lat' dir='ltr'><strong><em>fortuna</em></strong></span> <span class='ocrx_word' id='word_1_799' title='bbox 1677 5562 1692 5586; x_wconf 89' lang='lat'>,</span> <span class='ocrx_word' id='word_1_800' title='bbox 1725 5525 1810 5577; x_wconf 89' lang='lat' dir='ltr'>cui</span> <span class='ocrx_word' id='word_1_801' title='bbox 1847 5534 2041 5591; x_wconf 66' lang='lat' dir='ltr'><strong><em>praeter</em></strong></span> 
     </span>
    </p>
   </div>
   <div class='ocr_carea' id='block_1_100' title="bbox 454 5616 2036 5685">
    <p class='ocr_par' dir='ltr' id='par_1_100' title="bbox 454 5616 2036 5685">
     <span class='ocr_line' id='line_1_100' title="bbox 454 5616 2036 5685; baseline -0.001 -16"><span class='ocrx_word' id='word_1_802' title='bbox 454 5626 835 5685; x_wconf 72' lang='lat' dir='ltr'><strong><em>pramaturam</em></strong></span> <span class='ocrx_word' id='word_1_803' title='bbox 879 5617 1184 5671; x_wconf 76' lang='lat' dir='ltr'><strong><em>viduitatem</em></strong></span> <span class='ocrx_word' id='word_1_804' title='bbox 1225 5618 1404 5672; x_wconf 86' lang='lat' dir='ltr'><strong><em>omnia</em></strong></span> <span class='ocrx_word' id='word_1_805' title='bbox 1444 5616 1710 5670; x_wconf 82' lang='lat' dir='ltr'><strong><em>invidetis.</em></strong></span> <span class='ocrx_word' id='word_1_806' title='bbox 1747 5616 1920 5685; x_wconf 83' lang='lat' dir='ltr'><strong><em>Super</em></strong></span> <span class='ocrx_word' id='word_1_807' title='bbox 1953 5616 2036 5667; x_wconf 82' lang='lat' dir='ltr'><strong><em>his</em></strong></span> 
     </span>
    </p>
   </div>
   <div class='ocr_carea' id='block_1_101' title="bbox 461 5705 2036 5779">
    <p class='ocr_par' dir='ltr' id='par_1_101' title="bbox 461 5705 2036 5779">
     <span class='ocr_line' id='line_1_101' title="bbox 461 5705 2036 5779; baseline -0.002 -16"><span class='ocrx_word' id='word_1_808' title='bbox 461 5722 585 5777; x_wconf 89' lang='lat' dir='ltr'><strong><em>ergo</em></strong></span> <span class='ocrx_word' id='word_1_809' title='bbox 616 5722 795 5762; x_wconf 90' lang='lat' dir='ltr'><strong><em>omnes</em></strong></span> <span class='ocrx_word' id='word_1_810' title='bbox 825 5708 880 5763; x_wconf 91' lang='lat' dir='ltr'>in</span> <span class='ocrx_word' id='word_1_811' title='bbox 912 5708 1164 5779; x_wconf 81' lang='lat' dir='ltr'><strong><em>gaudium</em></strong></span> <span class='ocrx_word' id='word_1_812' title='bbox 1194 5709 1548 5778; x_wconf 66' lang='lat' dir='ltr'><strong><em>emendantur.</em></strong></span> <span class='ocrx_word' id='word_1_813' title='bbox 1581 5705 1863 5763; x_wconf 87' lang='lat' dir='ltr'><strong><em>Servorum</em></strong></span> <span class='ocrx_word' id='word_1_814' title='bbox 1895 5710 2036 5761; x_wconf 81' lang='lat' dir='ltr'><strong><em>enim</em></strong></span> 
     </span>
    </p>
   </div>
   <div class='ocr_carea' id='block_1_102' title="bbox 462 5795 2037 5867">
    <p class='ocr_par' dir='ltr' id='par_1_102' title="bbox 462 5795 2037 5867">
     <span class='ocr_line' id='line_1_102' title="bbox 462 5795 2037 5867; baseline 0.001 -14"><span class='ocrx_word' id='word_1_815' title='bbox 462 5798 622 5867; x_wconf 74' lang='lat' dir='ltr'><strong><em>plane</em></strong></span> <span class='ocrx_word' id='word_1_816' title='bbox 650 5795 995 5855; x_wconf 88' lang='lat' dir='ltr'><strong><em>illiberalium</em></strong></span> <span class='ocrx_word' id='word_1_817' title='bbox 1023 5807 1098 5856; x_wconf 88' lang='lat' dir='ltr'>est</span> <span class='ocrx_word' id='word_1_818' title='bbox 1130 5799 1358 5858; x_wconf 89' lang='lat' dir='ltr'><strong><em>dominis</em></strong></span> <span class='ocrx_word' id='word_1_819' title='bbox 1388 5800 1690 5857; x_wconf 66' lang='lat' dir='ltr'><strong><em>laetantibus</em></strong></span> <span class='ocrx_word' id='word_1_820' title='bbox 1723 5816 1827 5855; x_wconf 84' lang='lat' dir='ltr'>non</span> <span class='ocrx_word' id='word_1_821' title='bbox 1856 5799 2037 5855; x_wconf 79' lang='lat' dir='ltr'><strong><em>colite-</em></strong></span> 
     </span>
    </p>
   </div>
   <div class='ocr_carea' id='block_1_103' title="bbox 2143 4597 3730 4671">
    <p class='ocr_par' dir='ltr' id='par_1_103' title="bbox 2143 4597 3730 4671">
     <span class='ocr_line' id='line_1_103' title="bbox 2143 4597 3730 4671; baseline -0.003 -17"><span class='ocrx_word' id='word_1_822' title='bbox 2143 4600 2224 4655; x_wconf 92' lang='lat' dir='ltr'>las</span> <span class='ocrx_word' id='word_1_823' title='bbox 2248 4601 2466 4664; x_wconf 81' lang='lat' dir='ltr'><strong><em>invitas,</em></strong></span> <span class='ocrx_word' id='word_1_824' title='bbox 2494 4616 2586 4671; x_wconf 89' lang='lat' dir='ltr'>ego</span> <span class='ocrx_word' id='word_1_825' title='bbox 2616 4615 2735 4654; x_wconf 89' lang='lat' dir='ltr'><strong><em>vero</em></strong></span> <span class='ocrx_word' id='word_1_826' title='bbox 2760 4599 3007 4653; x_wconf 88' lang='lat' dir='ltr'><strong><em>dominas</em></strong></span> <span class='ocrx_word' id='word_1_827' title='bbox 3032 4615 3151 4667; x_wconf 83' lang='lat' dir='ltr'><strong><em>qua:</em></strong></span> <span class='ocrx_word' id='word_1_828' title='bbox 3179 4597 3439 4651; x_wconf 77' lang='lat' dir='ltr'><strong><em>lunonem</em></strong></span> <span class='ocrx_word' id='word_1_829' title='bbox 3473 4597 3616 4667; x_wconf 88' lang='lat' dir='ltr'><strong><em>regia</em></strong></span> <span class='ocrx_word' id='word_1_830' title='bbox 3645 4599 3730 4657; x_wconf 79' lang='lat' dir='ltr'><strong><em>di-</em></strong></span> 
     </span>
    </p>
   </div>
   <div class='ocr_carea' id='block_1_104' title="bbox 2144 4691 3728 4766">
    <p class='ocr_par' dir='ltr' id='par_1_104' title="bbox 2144 4691 3728 4766">
     <span class='ocr_line' id='line_1_104' title="bbox 2144 4691 3728 4766; baseline -0.002 -20"><span class='ocrx_word' id='word_1_831' title='bbox 2144 4695 2363 4766; x_wconf 88' lang='lat' dir='ltr'><strong><em>gnitate,</em></strong></span> <span class='ocrx_word' id='word_1_832' title='bbox 2409 4694 2704 4748; x_wconf 80' lang='lat' dir='ltr'><strong><em>Minervam</em></strong></span> <span class='ocrx_word' id='word_1_833' title='bbox 2751 4694 3014 4763; x_wconf 87' lang='lat' dir='ltr'><strong><em>sapientia</em></strong></span> <span class='ocrx_word' id='word_1_834' title='bbox 3056 4702 3106 4746; x_wconf 90' lang='lat' dir='ltr'>et</span> <span class='ocrx_word' id='word_1_835' title='bbox 3162 4691 3407 4746; x_wconf 81' lang='lat' dir='ltr'><strong><em>Venerem</em></strong></span> <span class='ocrx_word' id='word_1_836' title='bbox 3459 4700 3728 4743; x_wconf 86' lang='lat' dir='ltr'><strong><em>venustate</em></strong></span> 
     </span>
    </p>
   </div>
   <div class='ocr_carea' id='block_1_105' title="bbox 2143 4775 3727 4856">
    <p class='ocr_par' dir='ltr' id='par_1_105' title="bbox 2143 4775 3727 4856">
     <span class='ocr_line' id='line_1_105' title="bbox 2143 4775 3727 4856; baseline -0.005 -15"><span class='ocrx_word' id='word_1_837' title='bbox 2143 4794 2415 4856; x_wconf 85' lang='lat' dir='ltr'><strong><em>superant.</em></strong></span> <span class='ocrx_word' id='word_1_838' title='bbox 2442 4784 2500 4839; x_wconf 91' lang='lat' dir='ltr'><strong><em>Si</em></strong></span> <span class='ocrx_word' id='word_1_839' title='bbox 2528 4794 2586 4839; x_wconf 90' lang='lat' dir='ltr'>tu</span> <span class='ocrx_word' id='word_1_840' title='bbox 2616 4783 2749 4838; x_wconf 87' lang='lat' dir='ltr'><strong><em>Erin</em></strong></span> <span class='ocrx_word' id='word_1_841' title='bbox 2774 4775 2977 4852; x_wconf 63' lang='lat' dir='ltr'><strong><em>semper</em></strong></span> <span class='ocrx_word' id='word_1_842' title='bbox 3003 4792 3303 4853; x_wconf 89' lang='lat' dir='ltr'><strong><em>promptam</em></strong></span> <span class='ocrx_word' id='word_1_843' title='bbox 3334 4781 3649 4841; x_wconf 78' lang='lat' dir='ltr'><strong><em>introducis,</em></strong></span> <span class='ocrx_word' id='word_1_844' title='bbox 3676 4790 3727 4833; x_wconf 88' lang='lat' dir='ltr'>et</span> 
     </span>
    </p>
   </div>
   <div class='ocr_carea' id='block_1_106' title="bbox 2142 4873 3726 4948">
    <p class='ocr_par' dir='ltr' id='par_1_106' title="bbox 2142 4873 3726 4948">
     <span class='ocr_line' id='line_1_106' title="bbox 2142 4873 3726 4948; baseline -0.005 -14"><span class='ocrx_word' id='word_1_845' title='bbox 2142 4896 2355 4947; x_wconf 82' lang='lat' dir='ltr'><strong><em>pomum</em></strong></span> <span class='ocrx_word' id='word_1_846' title='bbox 2387 4881 2440 4933; x_wconf 90' lang='lat' dir='ltr'>in</span> <span class='ocrx_word' id='word_1_847' title='bbox 2470 4879 2699 4933; x_wconf 87' lang='lat' dir='ltr'><strong><em>medium</em></strong></span> <span class='ocrx_word' id='word_1_848' title='bbox 2730 4878 2983 4948; x_wconf 72' lang='lat' dir='ltr'><strong><em>proficis,</em></strong></span> <span class='ocrx_word' id='word_1_849' title='bbox 3016 4877 3154 4947; x_wconf 85' lang='lat' dir='ltr'><strong><em>quod</em></strong></span> <span class='ocrx_word' id='word_1_850' title='bbox 3187 4886 3264 4930; x_wconf 92' lang='lat' dir='ltr'>tot</span> <span class='ocrx_word' id='word_1_851' title='bbox 3294 4874 3557 4928; x_wconf 87' lang='lat' dir='ltr'><strong><em>malorum</em></strong></span> <span class='ocrx_word' id='word_1_852' title='bbox 3591 4873 3726 4927; x_wconf 89' lang='lat' dir='ltr'><strong><em>Ilia-</em></strong></span> 
     </span>
    </p>
   </div>
   <div class='ocr_carea' id='block_1_107' title="bbox 2142 4967 3729 5030">
    <p class='ocr_par' dir='ltr' id='par_1_107' title="bbox 2142 4967 3729 5030">
     <span class='ocr_line' id='line_1_107' title="bbox 2142 4967 3729 5030; baseline -0.003 -5"><span class='ocrx_word' id='word_1_853' title='bbox 2142 4974 2260 5025; x_wconf 89' lang='lat' dir='ltr'>dem</span> <span class='ocrx_word' id='word_1_854' title='bbox 2310 4972 2504 5026; x_wconf 81' lang='lat' dir='ltr'><strong><em>creavit</em></strong></span> <span class='ocrx_word' id='word_1_855' title='bbox 2556 4982 2603 5025; x_wconf 86' lang='lat' dir='ltr'>et</span> <span class='ocrx_word' id='word_1_856' title='bbox 2653 4971 2992 5026; x_wconf 84' lang='lat' dir='ltr'><strong><em>convivarum</em></strong></span> <span class='ocrx_word' id='word_1_857' title='bbox 3042 4980 3231 5023; x_wconf 68' lang='lat' dir='ltr'><strong><em>castum</em></strong></span> <span class='ocrx_word' id='word_1_858' title='bbox 3280 4967 3634 5030; x_wconf 80' lang='lat' dir='ltr'><strong><em>disturbavit;</em></strong></span> <span class='ocrx_word' id='word_1_859' title='bbox 3681 4968 3729 5020; x_wconf 88' lang='lat' dir='ltr'>si</span> 
     </span>
    </p>
   </div>
   <div class='ocr_carea' id='block_1_108' title="bbox 2140 5062 3730 5120">
    <p class='ocr_par' dir='ltr' id='par_1_108' title="bbox 2140 5062 3730 5120">
     <span class='ocr_line' id='line_1_108' title="bbox 2140 5062 3730 5120; baseline -0.004 -2"><span class='ocrx_word' id='word_1_860' title='bbox 2140 5065 2340 5120; x_wconf 85' lang='lat' dir='ltr'><strong><em>mensis</em></strong></span> <span class='ocrx_word' id='word_1_861' title='bbox 2381 5064 2571 5119; x_wconf 87' lang='lat' dir='ltr'><strong><em>eversis</em></strong></span> <span class='ocrx_word' id='word_1_862' title='bbox 2626 5065 2986 5118; x_wconf 79' lang='lat' dir='ltr'><strong><em>convivatores</em></strong></span> <span class='ocrx_word' id='word_1_863' title='bbox 3050 5072 3237 5116; x_wconf 87' lang='lat' dir='ltr'><strong><em>contra</em></strong></span> <span class='ocrx_word' id='word_1_864' title='bbox 3278 5080 3334 5117; x_wconf 89' lang='lat' dir='ltr'>se</span> <span class='ocrx_word' id='word_1_865' title='bbox 3375 5062 3598 5115; x_wconf 83' lang='lat' dir='ltr'><strong><em>invicem</em></strong></span> <span class='ocrx_word' id='word_1_866' title='bbox 3642 5077 3730 5113; x_wconf 88' lang='lat' dir='ltr'><strong><em>ar-</em></strong></span> 
     </span>
    </p>
   </div>
   <div class='ocr_carea' id='block_1_109' title="bbox 2141 5153 3730 5226">
    <p class='ocr_par' dir='ltr' id='par_1_109' title="bbox 2141 5153 3730 5226">
     <span class='ocr_line' id='line_1_109' title="bbox 2141 5153 3730 5226; baseline -0.004 -15"><span class='ocrx_word' id='word_1_867' title='bbox 2141 5172 2292 5221; x_wconf 87' lang='lat' dir='ltr'><strong><em>mos;</em></strong></span> <span class='ocrx_word' id='word_1_868' title='bbox 2322 5172 2416 5226; x_wconf 88' lang='lat' dir='ltr'>ego</span> <span class='ocrx_word' id='word_1_869' title='bbox 2445 5171 2649 5226; x_wconf 86' lang='lat' dir='ltr'><strong><em>quoque</em></strong></span> <span class='ocrx_word' id='word_1_870' title='bbox 2676 5155 2812 5209; x_wconf 83' lang='lat' dir='ltr'><strong><em>Erin</em></strong></span> <span class='ocrx_word' id='word_1_871' title='bbox 2841 5155 2913 5208; x_wconf 91' lang='lat' dir='ltr'>ad</span> <span class='ocrx_word' id='word_1_872' title='bbox 2940 5154 3233 5210; x_wconf 86' lang='lat' dir='ltr'><strong><em>convivium</em></strong></span> <span class='ocrx_word' id='word_1_873' title='bbox 3260 5153 3489 5223; x_wconf 86' lang='lat' dir='ltr'><strong><em>appello,</em></strong></span> <span class='ocrx_word' id='word_1_874' title='bbox 3517 5155 3607 5207; x_wconf 89' lang='lat' dir='ltr'>sed</span> <span class='ocrx_word' id='word_1_875' title='bbox 3635 5155 3730 5205; x_wconf 78' lang='lat' dir='ltr'><strong><em>lio—</em></strong></span> 
     </span>
    </p>
   </div>
   <div class='ocr_carea' id='block_1_110' title="bbox 2150 5243 3728 5317">
    <p class='ocr_par' dir='ltr' id='par_1_110' title="bbox 2150 5243 3728 5317">
     <span class='ocr_line' id='line_1_110' title="bbox 2150 5243 3728 5317; baseline -0.001 -17"><span class='ocrx_word' id='word_1_876' title='bbox 2150 5247 2349 5300; x_wconf 85' lang='lat' dir='ltr'><strong><em>minum</em></strong></span> <span class='ocrx_word' id='word_1_877' title='bbox 2380 5258 2565 5300; x_wconf 68' lang='lat' dir='ltr'><strong><em>catum</em></strong></span> <span class='ocrx_word' id='word_1_878' title='bbox 2594 5246 2806 5300; x_wconf 80' lang='lat' dir='ltr'><strong><em>minime</em></strong></span> <span class='ocrx_word' id='word_1_879' title='bbox 2834 5245 3119 5317; x_wconf 80' lang='lat' dir='ltr'><strong><em>confundo.</em></strong></span> <span class='ocrx_word' id='word_1_880' title='bbox 3150 5243 3273 5299; x_wconf 84' lang='lat' dir='ltr'><strong><em>Eris</em></strong></span> <span class='ocrx_word' id='word_1_881' title='bbox 3302 5246 3439 5300; x_wconf 85' lang='lat' dir='ltr'><strong><em>enim</em></strong></span> <span class='ocrx_word' id='word_1_882' title='bbox 3472 5262 3590 5299; x_wconf 87' lang='lat' dir='ltr'>mea</span> <span class='ocrx_word' id='word_1_883' title='bbox 3620 5261 3728 5299; x_wconf 84' lang='lat' dir='ltr'>non</span> 
     </span>
    </p>
   </div>
   <div class='ocr_carea' id='block_1_111' title="bbox 2152 5336 3732 5409">
    <p class='ocr_par' dir='ltr' id='par_1_111' title="bbox 2152 5336 3732 5409">
     <span class='ocr_line' id='line_1_111' title="bbox 2152 5336 3732 5409; baseline 0.001 -19"><span class='ocrx_word' id='word_1_884' title='bbox 2152 5336 2437 5401; x_wconf 89' lang='lat' dir='ltr'><strong><em>malevola,</em></strong></span> <span class='ocrx_word' id='word_1_885' title='bbox 2478 5355 2582 5392; x_wconf 89' lang='lat' dir='ltr'>non</span> <span class='ocrx_word' id='word_1_886' title='bbox 2625 5339 2974 5407; x_wconf 73' lang='lat' dir='ltr'><strong><em>objurgatrix.</em></strong></span> <span class='ocrx_word' id='word_1_887' title='bbox 3014 5339 3105 5394; x_wconf 88' lang='lat' dir='ltr'>sed</span> <span class='ocrx_word' id='word_1_888' title='bbox 3142 5354 3259 5409; x_wconf 69' lang='lat' dir='ltr'><strong><em>quia</em></strong></span> <span class='ocrx_word' id='word_1_889' title='bbox 3301 5354 3421 5392; x_wconf 91' lang='lat' dir='ltr'>cum</span> <span class='ocrx_word' id='word_1_890' title='bbox 3463 5354 3594 5392; x_wconf 89' lang='lat' dir='ltr'><strong><em>sana</em></strong></span> <span class='ocrx_word' id='word_1_891' title='bbox 3640 5354 3732 5391; x_wconf 88' lang='lat' dir='ltr'><strong><em>ra-</em></strong></span> 
     </span>
    </p>
   </div>
   <div class='ocr_carea' id='block_1_112' title="bbox 2157 5431 3732 5503">
    <p class='ocr_par' dir='ltr' id='par_1_112' title="bbox 2157 5431 3732 5503">
     <span class='ocr_line' id='line_1_112' title="bbox 2157 5431 3732 5503; baseline -0.001 -18"><span class='ocrx_word' id='word_1_892' title='bbox 2157 5434 2296 5487; x_wconf 82' lang='lat' dir='ltr'><strong><em>tione</em></strong></span> <span class='ocrx_word' id='word_1_893' title='bbox 2330 5434 2563 5503; x_wconf 88' lang='lat' dir='ltr'><strong><em>procedit</em></strong></span> <span class='ocrx_word' id='word_1_894' title='bbox 2596 5442 2646 5485; x_wconf 86' lang='lat' dir='ltr'>et</span> <span class='ocrx_word' id='word_1_895' title='bbox 2684 5433 2815 5487; x_wconf 86' lang='lat' dir='ltr'><strong><em>Erin</em></strong></span> <span class='ocrx_word' id='word_1_896' title='bbox 2847 5432 2996 5486; x_wconf 89' lang='lat' dir='ltr'><strong><em>illam</em></strong></span> <span class='ocrx_word' id='word_1_897' title='bbox 3031 5431 3331 5502; x_wconf 76' lang='lat' dir='ltr'><strong><em>fabulosam</em></strong></span> <span class='ocrx_word' id='word_1_898' title='bbox 3367 5431 3517 5500; x_wconf 89' lang='lat' dir='ltr'><strong><em>longe</em></strong></span> <span class='ocrx_word' id='word_1_899' title='bbox 3550 5431 3732 5485; x_wconf 82' lang='lat' dir='ltr'><strong><em>vincit.</em></strong></span> 
     </span>
    </p>
   </div>
   <div class='ocr_carea' id='block_1_113' title="bbox 2228 5516 3733 5593">
    <p class='ocr_par' dir='ltr' id='par_1_113' title="bbox 2228 5516 3733 5593">
     <span class='ocr_line' id='line_1_113' title="bbox 2228 5516 3733 5593; baseline -0.001 -15"><span class='ocrx_word' id='word_1_900' title='bbox 2228 5523 2315 5578; x_wconf 82' lang='grc'>10.</span> <span class='ocrx_word' id='word_1_901' title='bbox 2357 5525 2487 5589; x_wconf 84' lang='lat' dir='ltr'><strong><em>Quis</em></strong></span> <span class='ocrx_word' id='word_1_902' title='bbox 2518 5524 2681 5593; x_wconf 88' lang='lat' dir='ltr'><strong><em>igitur</em></strong></span> <span class='ocrx_word' id='word_1_903' title='bbox 2707 5526 2839 5579; x_wconf 87' lang='lat' dir='ltr'><strong><em>adeo</em></strong></span> <span class='ocrx_word' id='word_1_904' title='bbox 2869 5525 3187 5589; x_wconf 84' lang='lat' dir='ltr'><strong><em>invidiosus,</em></strong></span> <span class='ocrx_word' id='word_1_905' title='bbox 3218 5516 3336 5593; x_wconf 68' lang='lat' dir='ltr'><strong><em>quis</em></strong></span> <span class='ocrx_word' id='word_1_906' title='bbox 3365 5534 3473 5576; x_wconf 89' lang='lat' dir='ltr'>tam</span> <span class='ocrx_word' id='word_1_907' title='bbox 3505 5523 3652 5575; x_wconf 84' lang='lat' dir='ltr'><strong><em>rudis</em></strong></span> <span class='ocrx_word' id='word_1_908' title='bbox 3682 5534 3733 5576; x_wconf 85' lang='lat' dir='ltr'>et</span> 
     </span>
    </p>
   </div>
   <div class='ocr_carea' id='block_1_114' title="bbox 2147 5612 3732 5685">
    <p class='ocr_par' dir='ltr' id='par_1_114' title="bbox 2147 5612 3732 5685">
     <span class='ocr_line' id='line_1_114' title="bbox 2147 5612 3732 5685; baseline 0.001 -20"><span class='ocrx_word' id='word_1_909' title='bbox 2147 5614 2570 5685; x_wconf 83' lang='lat' dir='ltr'><strong><em>pulchritudinis</em></strong></span> <span class='ocrx_word' id='word_1_910' title='bbox 2601 5630 2773 5667; x_wconf 89' lang='lat' dir='ltr'><strong><em>rerum</em></strong></span> <span class='ocrx_word' id='word_1_911' title='bbox 2801 5615 3049 5668; x_wconf 80' lang='lat' dir='ltr'><strong><em>inimicus</em></strong></span> <span class='ocrx_word' id='word_1_912' title='bbox 3077 5624 3131 5667; x_wconf 90' lang='lat' dir='ltr'>ut</span> <span class='ocrx_word' id='word_1_913' title='bbox 3158 5614 3224 5668; x_wconf 85' lang='lat' dir='ltr'>de</span> <span class='ocrx_word' id='word_1_914' title='bbox 3248 5615 3327 5667; x_wconf 78' lang='lat' dir='ltr'><strong><em>his</em></strong></span> <span class='ocrx_word' id='word_1_915' title='bbox 3356 5629 3473 5682; x_wconf 66' lang='lat' dir='ltr'><strong><em>quia</em></strong></span> <span class='ocrx_word' id='word_1_916' title='bbox 3496 5612 3732 5667; x_wconf 86' lang='lat' dir='ltr'><strong><em>videmus</em></strong></span> 
     </span>
    </p>
   </div>
   <div class='ocr_carea' id='block_1_115' title="bbox 2147 5706 3735 5777">
    <p class='ocr_par' dir='ltr' id='par_1_115' title="bbox 2147 5706 3735 5777">
     <span class='ocr_line' id='line_1_115' title="bbox 2147 5706 3735 5777; baseline -0.004 -14"><span class='ocrx_word' id='word_1_917' title='bbox 2147 5723 2249 5763; x_wconf 84' lang='lat' dir='ltr'>non</span> <span class='ocrx_word' id='word_1_918' title='bbox 2277 5707 2525 5777; x_wconf 83' lang='lat' dir='ltr'><strong><em>gaudeat,</em></strong></span> <span class='ocrx_word' id='word_1_919' title='bbox 2554 5716 2608 5761; x_wconf 88' lang='lat' dir='ltr'>ut</span> <span class='ocrx_word' id='word_1_920' title='bbox 2636 5707 3003 5777; x_wconf 77' lang='lat' dir='ltr'><strong><em>mysteriorum</em></strong></span> <span class='ocrx_word' id='word_1_921' title='bbox 3029 5706 3367 5763; x_wconf 81' lang='lat' dir='ltr'><strong><em>curatoribus</em></strong></span> <span class='ocrx_word' id='word_1_922' title='bbox 3396 5721 3502 5761; x_wconf 68' lang='lat' dir='ltr'>non</span> <span class='ocrx_word' id='word_1_923' title='bbox 3530 5707 3735 5769; x_wconf 78' lang='lat' dir='ltr'><strong><em>Optima</em></strong></span> 
     </span>
    </p>
   </div>
   <div class='ocr_carea' id='block_1_116' title="bbox 2144 5796 3733 5868">
    <p class='ocr_par' dir='ltr' id='par_1_116' title="bbox 2144 5796 3733 5868">
     <span class='ocr_line' id='line_1_116' title="bbox 2144 5796 3733 5868; baseline -0.004 -11"><span class='ocrx_word' id='word_1_924' title='bbox 2144 5814 2361 5858; x_wconf 71' lang='lat' dir='ltr'><strong><em>auwaue</em></strong></span> <span class='ocrx_word' id='word_1_925' title='bbox 2387 5801 2562 5861; x_wconf 75' lang='lat' dir='ltr'><strong><em>optet?</em></strong></span> <span class='ocrx_word' id='word_1_926' title='bbox 2587 5798 2721 5855; x_wconf 86' lang='lat' dir='ltr'><strong><em>Ecce</em></strong></span> <span class='ocrx_word' id='word_1_927' title='bbox 2745 5816 2837 5864; x_wconf 88' lang='lat' dir='ltr'>eqo</span> <span class='ocrx_word' id='word_1_928' title='bbox 2866 5815 2974 5866; x_wconf 68' lang='lat' dir='ltr'><strong><em>prie</em></strong></span> <span class='ocrx_word' id='word_1_929' title='bbox 3002 5799 3198 5868; x_wconf 86' lang='lat' dir='ltr'><strong><em>gaudio</em></strong></span> <span class='ocrx_word' id='word_1_930' title='bbox 3225 5799 3428 5856; x_wconf 70' lang='lat' dir='ltr'><strong><em>exsulto</em></strong></span> <span class='ocrx_word' id='word_1_931' title='bbox 3450 5808 3497 5854; x_wconf 86' lang='lat' dir='ltr'>et</span> <span class='ocrx_word' id='word_1_932' title='bbox 3529 5796 3733 5852; x_wconf 83' lang='lat' dir='ltr'><strong><em>Isaiam</em></strong></span> 
     </span>
    </p>
   </div>
  </div>
