4078 6422
426 414 565 481 1407

422 534 718 606 Τηροῦμεν
746 538 902 608 ἡμῶν
918 541 1011 605 τὰς
1036 541 1289 614 ἐνόρκους
1321 544 1558 612 ἐγγύας;

421 625 518 695 Μὴ
551 626 801 697 κάλαμον
830 630 1107 695 ξαίνοντες
1140 636 1217 698 είς
1251 636 1488 705 γράμμα
1517 634 1688 704 ψόγου
1710 678 1724 703 ,

426 719 499 771 Ἦ
526 718 729 789 λύομεν
745 721 840 775 τὸν
866 723 1029 794 ὅρκον
1053 726 1268 798 εύόρκῳ
1295 727 1440 798 λόγῳ
1462 745 1478 793 ς

425 810 539 863 Kal
567 811 667 882 τὴν
694 814 941 884 πονηρὰν
974 818 1369 888 στηλιτεύομεν
1413 819 1580 889 φύσιν
1605 836 1620 884 ;

428 902 493 956 Εἰ
527 904 625 974 μὲν
647 905 756 977 γάρ
779 902 848 977 ἦν
880 909 908 961 ό
943 908 1112 981 λῆρος
1141 909 1271 982 ἄχρι
1306 911 1555 984 μετρίου,

430 997 529 1050 Ἂν
558 996 641 1059 είς
672 996 846 1069 τύχην
881 998 1223 1074 ἔσκωπτενῆ
1261 1005 1393 1073 γοῦν
1436 1006 1517 1069 είς
1548 1003 1728 1074 γένος,

429 1085 533 1140 Ἂν
562 1087 948 1159 πλημμέλειαν
972 1091 1190 1161 φύσεως
1216 1074 1497 1165 ἐλοιδόρει,

430 1179 530 1231 Ἂν
562 1178 919 1249 δυσμάθειαν,
954 1182 1021 1237 ἂν
1056 1184 1262 1254 τρόπου
1301 1185 1630 1256 μοχθηρίαν,

441 1270 805 1341 Ἐδυσφόρουν
834 1274 957 1344 μὲν,
989 1275 1103 1330 ἀλλ’
1124 1278 1275 1347 ὅμως
1306 1279 1661 1351 ἐκαρτέρουν,

431 1363 545 1417 Kal
575 1367 706 1427 τοὺς
734 1366 988 1430 τεθέντας
1013 1368 1115 1423 οὐκ
1141 1370 1444 1440 άπέστεγον
1461 1372 1680 1442 νόμους.

434 1453 501 1505 Τί
524 1452 635 1524 γάρ
658 1456 1069 1528 κακηγόρημα;
1097 1460 1378 1532 Δυστυχὴς
1411 1460 1547 1531 βίος.

436 1544 614 1599 Ὅπου
634 1546 703 1600 δι’
742 1550 890 1618 ἡμᾶς
920 1552 1018 1604 καὶ
1050 1552 1183 1617 Θεὸς
1213 1555 1364 1609 κάτω
1399 1555 1593 1624 πένης,

437 1632 514 1691 Οὗ
542 1642 653 1694 πᾶν
686 1641 787 1711 μὲν
817 1643 1103 1716 ἀργύριον,
1130 1646 1205 1710 ὡς
1239 1648 1402 1712 αὐτὸς
1423 1648 1595 1717 λέγει,

438 1733 547 1786 Kal
566 1734 793 1803 χρυσίον
819 1738 947 1803 πᾶν,
972 1737 1089 1791 ἀλλ’
1117 1738 1270 1809 ὅμως
1292 1740 1598 1795 ἀλωπέκων

438 1826 551 1879 Kal
577 1827 689 1880 τῶν
721 1830 983 1884 πετεινῶν
1013 1832 1413 1904 άστεγέστερος
1444 1833 1626 1905 μένει.

439 1918 537 1981 Τίς
556 1917 602 1972 δ’
633 1919 791 1991 ὕϐρις
818 1921 1010 1994 ἀνδρὸς
1055 1924 1131 1996 μὴ
1162 1925 1284 1995 μεθ’
1314 1926 1497 1981 ἳππων
1532 1927 1818 1999 Ἀρράὸων

445 2009 517 2062 Ἢ
544 2011 889 2068 Θετταλικῶν
913 2016 1344 2089 πομπικώτερον
1369 2018 1611 2089 τρέχειν,

441 2101 506 2156 El
539 2106 650 2158 τοῖν
679 2106 862 2160 ποδοῖν
890 2102 972 2174 εὖ,
1005 2108 1127 2180 μηδ’
1154 2110 1415 2175 ἐναντίως
1442 2112 1554 2184 ἔχοι
1579 2128 1593 2179 ;

454 2195 692 2268 ’Λνδρῶν
733 2199 1082 2270 στρατευτῶν
1113 2202 1282 2266 ἵππος
1315 2202 1514 2275 εὑρέθη
1556 2204 1739 2276 χάριν,

444 2290 642 2361 Μάχηε
670 2293 954 2363 συνεργὸς,
982 2294 1047 2349 ού
1067 2297 1282 2366 τρυφῆς
1312 2297 1616 2369 ὑπηρέτης.

446 2381 543 2445 Τίς
576 2383 924 2457 μακαριστὴς
954 2386 1202 2458 ἐγκρίνει
1236 2388 1364 2452 τούς
1407 2389 1737 2456 πλουσίουςς

445 2474 683 2545 Χριστὸς
709 2476 754 2530 δ’
785 2478 1092 2549 ἐμακάρισε
1122 2482 1252 2545 τοὺς
1280 2483 1669 2549 πενεστάτους.

448 2570 515 2622 Τί
542 2569 673 2637 γοῦν
705 2573 1115 2644 κακηγόρημα;
1148 2576 1471 2646 Δυσδαίμων
1500 2578 1637 2647 βίος,

452 2661 525 2713 Ἦ
549 2662 806 2730 δυσγενὲς
843 2667 941 2719 καὶ
972 2666 1176 2734 φαῦλον
1216 2666 1527 2739 ἀνθρώποις
1560 2670 1740 2739 γένος,

450 2753 630 2809 ’Ὅπου
653 2757 929 2828 γενάρχην
952 2758 1029 2828 τῷ
1057 2758 1177 2825 Θεῷ
1212 2778 1313 2829 μου
1346 2761 1440 2814 καὶ
1468 2761 1627 2833 Λόγῳ

448 2847 545 2909 Εἰς
570 2846 668 2917 τὴν
699 2848 849 2906 κάτω
879 2851 1136 2920 γέννησιν
1167 2853 1247 2915 εἰς
1273 2853 1372 2923 τὴν
1402 2853 1665 2925 δευτέραν

449 2938 557 2992 Τὸν
590 2941 821 2995 τεκόντα
846 2943 1155 3013 γράφουσιν
1177 2944 1232 2997 αἱ
1261 2945 1405 2998 θεῖαι
1437 2945 1643 3001 Βίὁλοι.

448 3029 547 3093 Τίς
580 3031 627 3085 δ’
657 3032 835 3105 ὖόρις,
877 3035 944 3089 ἄν
969 3053 1046 3106 τῳ
1089 3039 1182 3089 καὶ
1216 3037 1543 3108 παρεσφάλη
1571 3034 1757 3106 φύσις,

450 3124 561 3178 Kal
586 3124 752 3196 τυχὸν
770 3126 949 3198 ὠχρὸς
982 3127 1015 3199 ἢ
1041 3129 1320 3200 φαλακρὸς
1345 3129 1444 3199 τὴν
1475 3130 1674 3201 χάραν,

450 3217 525 3268 Ἥ
550 3218 684 3286 γοῦν
713 3221 1069 3293 προγάστωρ,
1102 3222 1135 3292 ἢ
1165 3222 1547 3294 δυσόφθαλμος
1572 3223 1759 3295 μένοις

448 3309 747 3381 Συνωχριῶ
775 3313 876 3383 μὲν
907 3314 986 3385 τῷ
1018 3315 1166 3386 σοφῷ
1183 3316 1478 3387 Βασιλείῳ,

450 3403 951 3475 Συλλοξοὸ).εποίην
976 3406 1034 3460 δέ
1058 3407 1136 3478 τῷ
1166 3409 1478 3481 Γρηγορίῳ,

450 3495 564 3549 Kal
590 3497 1139 3567 συγκατισχναίνοιμι
1166 3496 1246 3568 τῷ
1270 3497 1669 3569 Χρυσοστόμῳ.

449 3586 515 3640 Ei
543 3584 718 3641 ταῦτα
748 3589 910 3659 τυχὸν
939 3589 1035 3643 καὶ
1064 3591 1134 3642 τά
1161 3588 1372 3653 τούτοις
1394 3589 1628 3659 ἐγγύθεν

449 3770 636 3810 sumus
661 3771 787 3809 num
821 3764 978 3825 putas
1005 3761 1184 3810 omnia
1218 3758 1546 3817 observanda
1576 3772 1689 3813 esse
1718 3756 1832 3813 sine
1879 3771 2062 3827 repre-

1644 428 2044 491 THEODORI
2088 430 2500 494 PRODROMI

2032 549 2077 604 Α
2120 548 2562 621 Ἐλοιδορούμην,
2591 541 2738 618 εἶχον
2769 545 3019 617 εὐφόρως
3049 545 3239 616 φέρειν
3258 585 3275 610 ,

3557 431 3702 497 1408

2112 639 2516 707 Εὑαγγελικαῖς
2547 638 2888 707 προσταγαῖς
2916 633 3287 704 πεπεισμένος

2113 731 2184 787 Δῖ
2222 748 2380 801 φασι,
2412 750 2431 783 ‹
2470 728 2562 799 Τῷ
2594 728 2830 799 τύψαντι
2862 729 2961 796 τὴν
2989 728 3123 797 μίαν
3154 726 3359 796 γνάθον

2114 824 2225 877 Kal
2255 822 2511 894 θατέραν,
2547 821 2827 892 ἄνθρωπε,
2855 820 3117 874 τύπτοντι
3152 817 3376 889 στρέφε.
3421 835 3439 868 ι

2117 915 2217 969 Ἂν
2255 914 2539 987 θοιμάτιον
2566 915 2881 987 λῃστρικῶς
2910 914 3132 987 ἥρπαζε
3164 933 3293 985 μου,

2129 1005 2345 1071 Ὀποῖος
2383 1008 2533 1078 αύτῷ
2565 1006 3053 1079 βαρϐαρογνὼμων
3084 1005 3312 1075 τρόπος,

2117 1100 2231 1154 Kal
2268 1098 2359 1151 τὸν
2391 1099 2595 1169 χιτῶνα
2620 1100 2901 1167 συντόμως
2928 1097 3220 1163 συνεξέδυν

2120 1193 2241 1261 Θεῷ
2271 1191 2551 1255 πεποιθὼς
2589 1191 2970 1261 άμφιεσθῆναι
2996 1191 3183 1255 πάλιν,

2122 1285 2213 1355 Τῷ
2249 1289 2343 1340 καὶ
2366 1286 2426 1339 τὸ
2450 1285 2643 1339 λευκὴν
2670 1285 3039 1339 ἐνδιδύσκοντι
3065 1286 3276 1355 κρίνον.

2132 1378 2293 1434 Ἐπεὶ
2320 1377 2377 1431 δὲ
2404 1379 2464 1431 τὸ
2492 1377 2808 1448 κράτιστον,
2832 1374 2907 1432 ὧν
2934 1378 3156 1433 πάντων
3182 1377 3315 1449 ἔχω⁹

2123 1469 2280 1534 Θεδν,
2305 1468 2443 1541 συλᾷ
2485 1486 2587 1540 μου
2614 1470 2703 1525 καὶ
2731 1471 2917 1540 στερεῖ
2954 1470 3064 1525 τῶν
3093 1469 3354 1537 ἐλπίδων,

2123 1564 2235 1616 Kal
2268 1561 2590 1617 δυσσέϐειαν
2624 1562 2844 1631 ἐγκαλεῖ
2868 1580 2970 1632 μου
3001 1562 3080 1632 τῷ
3114 1562 3237 1634 βίῳ,
3314 1550 3321 1563 ’

2140 1654 2228 1717 Ἐς
2270 1652 2403 1723 ὕψος
2432 1653 2676 1725 ἀδίκημα
2705 1652 2948 1723 λαλήσας
2978 1652 3127 1723 μέγα
3146 1670 3161 1686 ο

2128 1739 2201 1798 Ὦ
2240 1742 2372 1814 πῦρ,
2410 1743 2825 1816 καταρράγηθι,
2851 1744 3046 1813 φλέξον
3079 1745 3183 1814 τὴν
3221 1744 3424 1801 κτίσιν.

2131 1837 2409 1908 Σείσθητι,
2452 1837 2547 1908 γῆ,
2584 1836 2867 1909 σδέσθητι,
2902 1838 3105 1907 φέγγος
3141 1838 3325 1907 ἡλίου·

1956 1984 1968 1993 ,
2049 1901 2100 1961 Β
2140 1901 2543 1998 ’Υπέρύλυσονῖ
2575 1901 3079 1993 θάλασσα,νκλύσον
3113 1901 3206 1980 τόν
3242 1926 3377 1997 βίον.

2129 2018 2205 2071 Τὸ
2239 2018 2348 2073 πᾶν
2384 2017 2736 2089 ἀνατράπηθι
2771 2020 2934 2089 καινῇ
2965 2018 3232 2087 συγχύσει

2128 2108 2223 2179 Μὴ
2251 2108 2597 2181 καρτερῆσαν
2626 2108 2720 2162 τοῦ
2749 2109 2910 2177 λόγου
2940 2109 3038 2179 τὴν
3070 2107 3362 2178 αἰσχύνην.

2130 2201 2259 2255 Δύω
2280 2201 2372 2255 τὸν
2404 2201 2592 2272 ὅρκον,
2622 2201 2723 2256 καὶ
2748 2200 2888 2255 κινῶ
2922 2201 3019 2272 τὴν
3043 2186 3309 2273 γραφίδα,

2131 2296 2260 2360 Τοῖς
2287 2295 2396 2350 τῶν
2425 2294 2709 2350 σεϐαστῶν
2743 2296 3005 2367 Πατέρων
3030 2295 3278 2357 πεισθεὶς
3307 2293 3511 2362 λόγοις,

2133 2383 2230 2453 Οἷς
2265 2389 2373 2443 πᾶν
2408 2389 2506 2459 μὲν
2534 2386 2663 2441 ἄλλο
2693 2388 2938 2459 σκῶμμα
2970 2389 3065 2441 καὶ
3100 2387 3283 2442 πάντα
3319 2386 3492 2457 ψόγον

2133 2477 2356 2547 Στέγειν
2380 2478 2754 2551 διωρίσθημεν
2780 2478 3226 2550 εύσεδοφρόνως,

2050 2654 2069 2657 _
2133 2572 2321 2643 Μόνην
2344 2572 2399 2625 δὲ
2430 2572 2754 2625 δυσσέΰειαν
2787 2571 2896 2625 οὐδ’
2932 2571 3134 2642 ἄκραις
3169 2572 3371 2644 θύραις

2139 2665 2318 2719 Ὠτων
2343 2662 2601 2734 δέχεσθαι
2635 2661 2931 2736 κὰρτερεῖν
2962 2663 3074 2720 οὐδ’
3121 2665 3187 2717 ἐκ
3221 2664 3372 2736 βίας,

2135 2755 2404 2826 Πλήττειν
2426 2756 2482 2809 δὲ
2509 2756 2601 2811 τὸν
2629 2757 2860 2826 λέγοντα
2896 2756 3119 2828 μᾶλλον,
3154 2758 3222 2812 ἂν
3250 2756 3370 2831 δὲῃ,

2138 2847 2208 2903 Ἢ
2248 2848 2438 2920 χερσὶν
2470 2848 2660 2920 ἁδραῖς
2693 2851 2727 2921 ἢ
2754 2851 3094 2921 κακηγόροις
3126 2850 3333 2921 λόγοις.

2137 2941 2214 2996 Τδ
2235 2942 2346 3015 γὰρ
2377 2943 2591 3013 σιωπᾷν
2619 2942 2813 3017 ἀνδρὸς
2836 2945 3188 3017 άρνησιθέου.

2137 3035 2252 3089 Καί
2281 3051 2373 3107 μοι
2408 3034 2667 3106 συναίρου
2708 3035 2806 3090 τοῦ
2838 3037 3196 3109 παρεστῶτος
3233 3037 3421 3109 λόγου,

2141 3126 2309 3183 Ὅσον
2341 3125 2463 3198 Θεῷ
2482 3127 2709 3198 γνήσιον
2745 3127 3051 3200 ἀνθρώπων
3081 3131 3263 3200 γένος.

2142 3220 2336 3291 Ζηλῶν
2357 3219 2468 3293 γάρ
2497 3217 2753 3291 ἐζήλωκα
2778 3220 2856 3291 τῷ
2881 3220 3003 3292 ἐμῷ
3035 3222 3250 3294 Κυρίῳ.

2143 3273 2220 3291 κ,
2318 3273 2382 3289 γ,
2438 3273 2450 3293 ,
2538 3273 2594 3291 ,,
2704 3273 2735 3275 η
2793 3273 2839 3291 κ,
2915 3273 2993 3292 ,ητ
3038 3273 3250 3294 ___r-T-

2063 3273 2110 3335 ο
2141 3311 2344 3382 Μωσῆ,
2372 3311 2467 3365 τδν
2504 3310 2812 3379 Αίγύπτιον
2844 3311 3007 3375 αὖθις
3033 3314 3304 3368 κτιννύων

2155 3405 2246 3458 Ἐν
2270 3404 2514 3476 ψαμάθῳ
2535 3403 2819 3476 κρύπταζε
2841 3407 2908 3477 τῇ
2936 3407 3217 3478 παραλίῳ,

2143 3497 2259 3552 Καὶ
2288 3497 2388 3570 τὴν
2428 3495 2701 3569 Ἐρυθρὰν
2737 3497 2906 3569 τέμνε
2944 3499 3041 3553 καὶ
3061 3500 3218 3554 πόλει
3252 3501 3443 3572 μέσον,

2135 3589 2253 3644 Kal
2280 3587 2632 3644 καταποντοῦ
2665 3588 2796 3653 τοὺς
2827 3588 3017 3661 βαρεῖς
3044 3592 3372 3657 ἐπιστάτας.

2161 3755 2291 3808 mihi
2318 3756 2537 3810 crimini
2567 3756 2741 3820 daret,
2776 3755 3052 3812 humiliter
3080 3757 3294 3824 ferrem,
3328 3767 3592 3828 pra'cepto
3617 3757 3741 3812 obe-

453 3848 745 3906 hensione.’
796 3850 942 3906 Num
998 3850 1391 3921 jusjurandum
1446 3866 1566 3904 cum
1615 3849 1721 3918 ﬁde
1767 3863 2048 3920 sequemur
2154 3844 2305 3899 diens
2324 3843 2776 3916 Evangelii,'quod
2804 3848 2932 3902 dicit
2962 3861 2978 3901 :
3005 3865 3025 3899 ι
3054 3845 3113 3902 Si
3135 3849 3251 3915 quis
3270 3856 3318 3902 te
3344 3850 3658 3916 percusserit
3687 3850 3741 3902 in

454 3943 852 4014 malignamque
885 3951 1140 3998 naturam
1171 3941 1590 3998 accusabimus?
1619 3941 1679 3998 Si
1710 3942 1850 3998 enim
1894 3956 2049 4012 nugae
2146 3939 2395 3992 dextram
2426 3937 2730 4006 maxillam,
2758 3940 2932 4007 prtebe
2956 3940 3041 3994 illi
3059 3950 3109 3995 et
3136 3941 3420 3996 alteram.»
3462 3938 3525 3996 Si
3550 3952 3740 3995 vestem

453 4041 669 4093 modum
692 4055 793 4093 non
822 4037 1167 4093 excessissent
1186 4037 1271 4101 ;si
1290 4036 1587 4106 fortunam,
1614 4036 1662 4091 si
1680 4052 1842 4106 genus
1869 4050 2043 4103 repre-
2151 4030 2284 4085 mihi
2334 4030 2477 4086 latro
2521 4032 2830 4100 abstulerit,
2880 4036 3119 4091 tunicam
3168 4053 3374 4107 quoque
3408 4052 3602 4092 exuam
3634 4035 3742 4090 Dea

451 4128 697 4184 henderet
720 4148 738 4196 ;
760 4131 807 4185 si
838 4139 1050 4184 natura,
1073 4128 1468 4199 malignitatem
1494 4127 1692 4192 solam,-
1722 4129 1769 4181 si
1786 4125 2042 4181 indocili-
2145 4124 2537 4196 obtemperans,
2568 4128 2662 4192 qui
2685 4143 2765 4182 me
2794 4128 2990 4181 iterum
3018 4129 3203 4183 vestiet
3229 4137 3277 4182 et
3301 4128 3392 4197 qui
3424 4128 3599 4181 lilium
3620 4127 3742 4183 albo

455 4230 641 4287 talem,
677 4224 724 4277 si
748 4240 953 4277 morum
979 4222 1300 4292 pravitatem
1323 4229 1644 4287 accusasset,
1669 4235 1805 4291 aegre
1825 4219 2038 4289 quidem
2141 4215 2455 4272 vestimento
2502 4226 2750 4271 exornat.
2783 4212 2886 4269 Ubi
2926 4225 3108 4271 autem
3142 4232 3224 4269 me
3247 4216 3352 4270 Deo
3373 4225 3423 4270 et
3448 4231 3538 4284 spe
3573 4217 3741 4282 bona,

456 4312 671 4383 ferrem,
703 4313 796 4370 sed
828 4314 966 4385 ferre
1002 4331 1105 4369 non
1136 4331 1354 4386 prorsus
1400 4329 1723 4380 recusarem,
1768 4329 1862 4367 nec
1899 4312 2036 4382 leges
2146 4321 2255 4376 qua
2284 4302 2419 4361 ηῖλίι
2445 4305 2720 4375 “aliqui!”
2747 4304 2937 4369 Ῐιαθεου
2972 4306 3289 4373 Ρνίυανενὲιὶ
3324 4305 3415 4359 υθέ
3443 4305 3743 4372 Ρίειαιειηε

457 4406 599 4460 latas
677 4421 1012 4473 aspernarer.
1073 4404 1214 4470 Quid
1286 4406 1424 4460 enim
1487 4403 1827 4459 incusatur?
1912 4401 2038 4457 Vita
2144 4396 2258 4451 vita
2312 4412 2427 4450 mea
2477 4395 2797 4458 sustulerit,
2831 4404 2940 4448 tum
2975 4393 3179 4465 injuria
3233 4395 3352 4450 alta
3405 4410 3526 4449 voce
3555 4393 3744 4448 caelum

459 4512 783 4563 terumnosa,
820 4496 909 4550 ubi
939 4506 1153 4567 propter
1198 4513 1293 4551 nos
1328 4495 1469 4551 Deus
1504 4497 1618 4565 ipse
1647 4509 1847 4565 pauper
1869 4494 2036 4564 jacet,

2148 4488 2419 4544 invocabit
2447 4502 2466 4542 :
2495 4485 2646 4558 Ignis
2677 4528 2692 4553 ,
2751 4486 2929 4540 dicens
2956 4527 2971 4553 ,
3013 4503 3096 4541 res
3131 4504 3308 4542 omnes
3358 4495 3566 4543 creatas
3602 4503 3729 4539 com-

459 4586 529 4640 ad
559 4603 712 4656 quem
756 4604 948 4641 aurum
999 4598 1156 4655 atque
1191 4598 1465 4659 argentum
1507 4605 1658 4644 omne
1705 4589 1954 4659 pertinet,
1993 4596 2044 4642 el
2077 4595 2120 4651 D
2150 4579 2319 4645 θεινεὶ
2356 4588 2501 4635 εεττα
2529 4616 2545 4644 s
2593 4586 2910 4644 οοηειιτεηῖ
2945 4578 3124 4632 tamen
3171 4579 3323 4645 σοίίεο
3347 4577 3464 4648 iam
3490 4593 3593 4630 ηοη
3630 4576 3744 4630 iu“

459 4680 572 4748 qui,
597 4680 726 4732 dum
748 4679 923 4745 vulpes
952 4690 1000 4734 ei
1026 4679 1271 4733 volatilia
1278 4697 1487 4745 ;careas
1514 4698 1579 4735 ac
1602 4681 1755 4735 nidos
1781 4681 2050 4749 habitant,

457 4786 561 4841 quo
601 4777 759 4839 caput
804 4770 1018 4824 reclinet
1076 4787 1182 4824 non
1237 4771 1417 4826 habet.
1473 4771 1615 4837 Quid
1659 4787 1778 4827 vero
1839 4772 2054 4826 crimini

458 4862 620 4917 datur
641 4864 667 4918 l
696 4862 850 4927 Quod
902 4879 1006 4916 non
1030 4878 1161 4932 equo
1199 4863 1427 4918 Arabico
1476 4863 1844 4921 Thessalicove
1874 4873 2052 4919 vectus

458 4969 704 5021 pompam
732 4954 844 5024 agit
871 4971 889 5019 ;
924 4956 1047 5008 dum
1074 4957 1151 5009 eis
1180 4957 1271 5025 qui
1292 4955 1513 5022 pedibus
1544 4957 1625 5010 uti
1656 4958 1864 5022 nolunt,
1890 4972 2053 5026 equus

462 5043 709 5107 bellator,
748 5060 943 5116 pugna:
994 5032 1100 5100 non
1132 5045 1383 5101 mollitiei
1451 5047 1628 5101 socius
1681 5048 1863 5101 servit.
1919 5046 2052 5113 Quis

460 5135 645 5191 divites
700 5136 879 5191 beatos
924 5137 1139 5191 censet?
1183 5136 1428 5192 Christus
1473 5148 1649 5192 autem
1690 5140 2053 5207 pauperrimus

410 5248 420 5259 κ
464 5225 643 5281 beatos
667 5228 922 5296 appellat.
958 5229 1100 5295 Quid
1126 5227 1291 5299 igitur
1314 5239 1604 5283 accusatur
1625 5230 1649 5283 ?
1669 5228 1793 5284 Vita
1840 5231 2052 5300 infelix,

464 5327 557 5373 aut
587 5334 751 5388 genus
802 5317 1077 5374 hominum
1137 5319 1533 5389 infortunatum
1566 5331 1616 5374 et
1645 5320 1958 5391 malignum,
1984 5322 2053 5374 ad

465 5409 607 5479 quod
639 5408 961 5471 salvandum
987 5408 1132 5465 Deus
1171 5418 1223 5466 et
1268 5410 1497 5466 Verbum
1526 5412 1840 5466 incarnatus
1872 5421 1971 5476 est,
1997 5421 2055 5466 ut

466 5498 702 5568 referunt
751 5497 903 5552 Libri
941 5500 1104 5556 sacri.
1175 5498 1275 5555 Ubi
1337 5501 1691 5557 humiliatio?
1746 5501 1807 5558 Si
1858 5515 2055 5559 natura

468 5591 642 5645 minus
666 5576 891 5661 benigna
910 5590 1115 5662 lippum
1138 5603 1235 5649 aut
1264 5593 1471 5649 calvum
1487 5592 1736 5663 aliquem,
1756 5606 2055 5650 ventrosum

471 5691 565 5737 aut
589 5681 805 5753 obliqua
856 5693 1091 5742 tuentem
1123 5685 1289 5756 fecit;
1325 5686 1403 5741 sic
1419 5685 1542 5756 jam
1573 5701 1697 5740 cum
1724 5704 1913 5758 magno
1943 5687 2057 5741 Ba-

473 5773 599 5828 silio
636 5772 806 5840 lippus
848 5792 1010 5832 essem
1041 5795 1207 5845 ;cum
1242 5776 1497 5849 Gregorio
1529 5778 1740 5849 obliqua
1777 5789 1971 5846 tuerer,
2006 5788 2057 5834 et

477 5880 593 5916 cum
645 5862 1015 5932 Chrqsostomo
1072 5869 1299 5925 macerie
1337 5867 1655 5926 laborarem.
1693 5870 1843 5937 Quod
1872 5871 1918 5925 si
1938 5871 2055 5934 quis

2155 4671 2422 4742 amplius;
2471 4685 2639 4733 mare,
2673 4670 2851 4724 omnia
2886 4670 3089 4723 inunda
3119 4685 3138 4735 ;
3178 4670 3341 4724 chaos
3369 4677 3665 4725 revertatur
3692 4677 3743 4721 et

2124 4788 2127 4791 λ
2154 4765 2335 4820 omnia
2364 4762 2680 4832 confundat.
2711 4758 2803 4816 Sic
2830 4763 2968 4816 enim
2999 4778 3087 4815 eos
3120 4764 3212 4833 qui
3256 4761 3423 4817 Verbo
3454 4761 3739 4824 insultant,

2154 4872 2433 4921 coercens,
2461 4853 2849 4927 jusjurandum
2890 4853 3131 4923 persolvo
3182 4863 3235 4907 et
3282 4853 3472 4907 litteris
3523 4856 3743 4919 mando,

2154 4947 2383 5002 Patrum
2414 4944 2802 5000 venerabilium
2854 4947 2998 4999 dicto
3059 4946 3303 5000 audiens.
3337 4944 3412 4999 Hi
3440 4945 3579 4999 enim
3611 4961 3745 5013 qua-

2155 5055 2360 5109 cunque
2386 5041 2442 5093 in
2474 5054 2529 5092 re
2569 5054 2665 5093 nos
2693 5037 3163 5107 reprehenderint,
3188 5039 3465 5093 humiliter
3500 5036 3743 5107 perfera-

2155 5144 2294 5193 mus,
2340 5144 2432 5182 nec
2466 5144 2548 5182 res
2582 5128 2775 5198 impias
2824 5129 2893 5181 ad
2927 5129 3143 5183 aurium
3190 5139 3499 5184 nostrarum
3530 5136 3743 5198 portam

2158 5222 2583 5291 appropinquare
2612 5221 2889 5290 sinamus;
2918 5231 2967 5277 et
2995 5239 3112 5277 eum
3138 5224 3230 5293 qui
3265 5221 3399 5277 talia
3435 5223 3742 5292 prolocutus

2157 5314 2357 5384 fuerit,
2408 5326 2589 5365 severa
2644 5328 2806 5365 manu
2837 5321 2931 5367 aut
2955 5329 3195 5368 sermone
3229 5313 3575 5383 castigemus.
3612 5310 3741 5366 Viro

2160 5406 2248 5476 qui
2304 5404 2471 5460 Deum
2526 5415 2712 5476 negat,
2773 5405 3052 5461 silentium
3102 5408 3353 5476 impone;
3390 5408 3522 5462 mihi
3563 5415 3744 5462 autem

2158 5500 2462 5553 demonstra
2495 5499 2769 5552 hominum
2812 5515 2975 5567 genus
3017 5515 3135 5554 vere
3164 5495 3404 5555 divinum
3441 5517 3572 5556 esse.
3604 5498 3743 5555 Cum

2158 5592 2269 5646 zelo
2326 5593 2464 5646 enim
2513 5592 2709 5647 certavi
2762 5608 2857 5661 pro
2910 5590 3138 5646 Domino
3186 5609 3321 5650 meo.
3366 5594 3470 5660 Tu,
3506 5593 3742 5665 Moyses,

2158 5682 2477 5755 Egyptian:
2504 5685 2733 5738 occisum
2771 5685 2965 5738 iterum
2996 5684 3051 5738 in
3077 5700 3241 5739 arena
3287 5685 3550 5740 absconde
3581 5700 3745 5754 prope

2160 5791 2335 5841 mare;
2366 5793 2511 5832 mare
2532 5774 2770 5831 Rubrum
2795 5794 3009 5848 separa,
3036 5790 3083 5833 et
3102 5779 3328 5833 medium
3349 5787 3745 5849 lransgreaere:

2162 5877 2523 5938 persecutores
2564 5878 2799 5923 armatos
2851 5869 2904 5922 in
2981 5878 3140 5937 ponto
3186 5870 3422 5933 sepelito.
3481 5869 3675 5925 Jacu'o
3706 5887 3739 5924 a
