4078 6384
309 357 448 422 1400

309 474 414 524 Τὸν
441 469 814 541 σειρομάστην
843 468 1027 532 Φινεὲς
1048 467 1231 523 λαϐὼν
1272 468 1457 532 πάλιν,

308 561 384 614 Τὸ
415 559 689 630 Μαδιηνδν
718 559 892 622 οῦτως
912 560 1180 630 κέντησον
1197 560 1384 632 τέρας,

319 653 410 717 Ὠς
437 652 624 724 ἐξέλῃς
648 652 852 717 ὄνειδος
891 653 1254 725 Ἰσραηλίτου.

308 745 484 815 Θῆξον
513 746 765 816 Σαμουὴλ
799 747 900 817 τῆς
933 749 1211 818 μαχαίρας
1232 746 1293 798 τὸ
1317 749 1512 817 στόμα,

309 839 420 890 Καὶ
441 839 541 910 τὴν
572 839 753 906 ’Λγαρ
793 838 1028 909 ἔκκοψον
1070 840 1360 909 αἰσχίστην
1389 841 1592 910 κάραν.

309 932 494 999 Δαυῖδ,
524 931 706 985 λαϐών
739 949 833 984 σου
875 932 975 1000 τὴν
1008 932 1310 1003 κρατίστην
1336 931 1653 1000 σφενδόνην,

319 1025 764 1094 Ἐκσφενδόνισον
782 1023 875 1077 τὸν
903 1022 1122 1089 Γολιάθ,
1155 1024 1250 1077 καὶ
1277 1023 1466 1089 πάλιν,

320 1119 380 1170 '0
402 1116 670 1186 Θεσϐίτης
701 1117 920 1170 κτίννυε
952 1116 1028 1186 τῷ
1057 1114 1247 1186 δόρατί
1279 1131 1374 1169 σου

309 1213 415 1264 Τὸν
445 1214 508 1282 τῇ
542 1210 690 1264 Βάαλ
715 1209 914 1264 θύοντα
945 1209 1041 1263 νῦν
1072 1211 1139 1280 τῇ
1177 1208 1413 1262 σκυτίδι.

310 1303 434 1356 Κᾶν
466 1303 644 1372 ἱερεὺς
678 1298 786 1370 γὰρ
819 1300 880 1352 ού
918 1299 1166 1370 πέφυκεν
1198 1299 1488 1370 αἰσχύνης,

324 1393 462 1446 Ἀλλ’
493 1393 761 1463 αἰσχύνης
787 1393 1004 1462 πέφυκε
1035 1392 1242 1462 πολλῆς
1274 1395 1537 1464 ἐργάτης.

313 1486 471 1540 Οὖτω
497 1487 608 1555 γὰρ
639 1484 788 1554 αὐτῷ
811 1484 921 1538 τῶν
945 1485 1123 1552 φόνων
1155 1485 1356 1556 πρέπει
1389 1485 1580 1542 πλέον.

311 1583 354 1635 Τ
359 1585 415 1634 ὸν
439 1581 498 1632 ἐν
529 1577 752 1648 γέρουσι
776 1577 942 1630 παῖδα
965 1579 1087 1639 ταῖς
1110 1575 1334 1646 άρκτοις
1357 1577 1501 1630 δίδου

324 1669 631 1722 Ἐλισσαίου
656 1667 940 1734 κέλευσμα
977 1665 1071 1720 τοῦ
1103 1666 1443 1738 δεδορκότος,

323 1764 473 1816 Ἐπεὶ
505 1761 784 1830 φαλακρὸν
813 1760 908 1812 καὶ
929 1757 1067 1812 Θεοῦ
1095 1759 1305 1829 γυμνὸν
1341 1760 1552 1830 σκέπης

320 1856 472 1911 Ὠσεὶ
499 1855 701 1928 τριχῶν
736 1856 928 1926 εῖρηκε
960 1854 1052 1909 τὸν
1092 1855 1227 1908 Θεὸν
1260 1855 1478 1925 λάτριν.

395 1950 536 2002 Ἀλλ’
578 1951 655 2012 εἰς
686 1948 739 2000 τί
770 1946 978 2014 ταῦτα;
1018 1945 1124 1999 Ποῦ
1165 1947 1262 2016 μὲν
1291 1942 1756 2020 ἄρτιΘεσσίτηῦ

315 2045 424 2098 Καὶ
454 2042 557 2095 ποῦ
588 2041 868 2111 Σαμουήλ;
913 2039 1016 2092 ποῦ
1045 2039 1091 2091 δ’
1134 2039 1442 2093 Ἐλισσαίου
1481 2042 1695 2112 στόμα;

314 2137 425 2190 Ποῦ
461 2135 508 2190 θ’
547 2137 599 2189 οἰ
624 2134 860 2204 καθεξῆς
889 2133 998 2186 τῶν
1033 2132 1547 2203 ἀπηριθμημένων;

313 2231 508 2300 Τριςᾶς,
544 2229 714 2299 Τριάς
749 2245 875 2297 μου,
913 2227 1002 2280 ναὶ
1041 2227 1236 2296 Τριὰς,
1269 2226 1452 2294 τρίτον
1484 2226 1653 2296 λέγω,

313 2319 569 2390 Θησαυρὲ
609 2318 840 2383 πιστῶν,
873 2317 1030 2381 ἐλπὶς
1071 2316 1509 2387 εὐσεϐοφρόνων,

179 2427 202 2443 ·
314 2412 637 2484 Μονουμένη
671 2412 771 2482 μὲν
795 2411 876 2482 τῷ
909 2413 1031 2466 κατ’
1059 2411 1265 2474 οὐσίαν,
1279 2411 1445 2479 λόγῳ,

315 2503 441 2568 Τοῖς
466 2505 523 2558 δέ
556 2504 872 2575 προσώποις
906 2502 1154 2563 εὐσεϐῶς
1181 2504 1582 2574 τριασσομένη,

316 2597 381 2650 Εἰ
415 2596 674 2668 Μαμϐρῆ
690 2595 822 2666 δρῦς
857 2595 1098 2666 πάρεστι
1130 2595 1234 2648 κάν
1255 2595 1333 2665 τῷ
1361 2594 1455 2648 νῦν
1496 2595 1618 2673 βίῳ,

319 2689 465 2762 Πρὸς
511 2689 768 2760 ’Δϐραάμ
814 2689 1072 2753 κάτελθε,
1105 2689 1202 2741 καὶ
1228 2687 1392 2740 πάλιν
1421 2687 1544 2741 νέον

315 2784 430 2837 Καὶ
473 2782 1026 2853 μοσχοδειπνισθεῖσα
1054 2779 1134 2852 τῷ
1168 2779 1454 2850 φιλοξένῳ.

314 2875 572 2948 Γόμορρα
597 2875 694 2929 καί⁸
727 2873 942 2944 Σόδομα
963 2873 1233 2943 πυρπόλει
1260 2874 1382 2927 νέα.

317 2969 422 3022 Τὸν
451 2966 812 3034 κολλυϐιστὴν
841 2964 1014 3018 τύπτε
1050 2963 1127 3034 τῷ
1161 2965 1511 3036 φραγγελίῳ,

317 3060 503 3129 Σῶτερ
547 3057 722 3130 Ἰησοῦ
752 3056 959 3127 Χριστέ
999 3074 1127 3128 μου,
1163 3057 1511 3124 πλαστουργέ
1541 3073 1646 3126 μου
1673 3073 1688 3088 ο

319 3151 428 3203 Τοῦ
458 3152 567 3221 γὰρ
601 3150 816 3222 Πατρός
848 3165 944 3202 σου
971 3149 1067 3202 καὶ
1097 3149 1232 3202 Θεοῦ
1267 3148 1366 3217 τὴν
1397 3149 1578 3201 οἰκίαν

319 3242 549 3312 Τίθησιν
574 3235 724 3294 οἷκον
760 3239 1027 3309 ἐμπόριον
1060 3239 1158 3292 καὶ
1179 3239 1368 3292 τόπον.

401 3332 553 3385 Ἐπεὶ
585 3331 643 3385 δὲ
670 3328 846 3384 ταῦτα
875 3327 1315 3399 πεπροοιμίαστό
1350 3345 1467 3398 μοι,

319 3426 430 3497 Τὴν
470 3423 757 3496 αἰρετικὴν
791 3423 979 3477 λοιπὸν
1015 3422 1334 3490 ἐξεταστέον

325 3519 428 3574 Ἢν
457 3517 716 3588 ἐγκαλεῖς
742 3533 832 3587 μοι
863 3514 1080 3587 κλῆσιν,
1119 3513 1190 3579 ὡς
1221 3514 1426 3583 ταύτης
1453 3513 1647 3584 elixus:

323 3687 522 3740 Phinee
548 3692 725 3751 erepto
760 3679 1049 3735 exercitum
1102 3675 1522 3731 Madiauiticum
1556 3677 1689 3745 dele,
1723 3687 1780 3731 ut
1811 3693 1904 3746 op-

319 3779 591 3852 probrium
654 3774 719 3828 ab
784 3771 990 3826 Israele
1053 3787 1323 3825 amoveas.
1390 3770 1643 3825 Gladium
1722 3784 1902 3837 tuum,

321 3868 840 3936 Samuel,distringe,
853 3875 904 3919 et
921 3865 1083 3935 Agari
1099 3875 1258 3935 caput
1272 3865 1618 3919 criminosum
1637 3865 1905 3920 abscinde.

1477 355 1795 418 SCRIPTA
1831 356 2366 419 MISCELLANEA

1915 487 1958 536 Α
1992 471 2161 524 Ὅταν
2192 471 2374 540 διαιτᾷ
2405 471 2574 522 πᾶσιν
2609 471 2641 542 ἠ
2687 468 2808 524 θεία
2837 469 3043 541 κρίσις.

3436 357 3572 428 1410

2023 562 2064 613 Ω
2093 563 2199 615 πᾶν
2234 563 2524 632 πρόχειρος
2557 563 2808 630 ἐγκαλεῖν
2835 566 2926 617 καὶ
2956 567 3064 618 πᾶν
3101 564 3306 633 λέγειν,

1992 648 2071 705 Ἦ
2113 653 2248 724 μηδέ
2274 655 2338 706 σὺ
2370 655 2646 724 πρόϐατον
2671 655 2747 708 ῶν
2779 657 2874 708 τοῦ
2902 657 3177 710 Δεσπὸτου
3207 674 3222 723 ;

1996 747 2116 800 Κᾶν
2145 747 2351 819 άρτιτδ
2397 750 2674 820 πρόϐατον
2707 749 2930 822 ὡράθης
2972 752 3157 815 λύκος.

1995 832 2125 908 'Ap'
2162 840 2466 909 αἰρετικδν,
2489 841 2564 903 ὡς
2592 840 2771 909 λόγοις
2795 843 3207 912 τεθραμμένον,

1997 928 2223 991 Καλεῖς,
2261 927 2437 995 λόγων
2456 929 2677 998 άμοιρε,
2715 935 2828 993 τοῖς
2863 931 3192 1000 ἐξωτέροιςς

2006 1017 2094 1078 Ὠς
2134 1018 2486 1088 συγκαλύψῃς
2519 1018 2616 1088 τὴν
2655 1020 2853 1072 ἐαυτοῦ
2893 1023 3107 1090 μωρίαν

1997 1109 2170 1162 Κάλει
2204 1109 2262 1162 τὸ
2292 1111 2484 1163 λοιπὸν
2512 1111 2816 1181 αἱρετικὸν,
2849 1114 2896 1164 εἰ
2923 1113 3125 1176 θέλεις.

1997 1201 2103 1254 Τὸν
2139 1195 2412 1273 γρηγορον
2443 1203 2592 1269 νοῦν,
2627 1203 2724 1272 τὴν
2763 1205 3043 1258 Βασιλείου
3076 1207 3260 1278 χάριν,

1998 1295 2070 1346 Τὸ
2101 1294 2330 1364 χρύσεον
2364 1295 2606 1365 μέλισμα
2633 1295 2728 1348 τοῦ
2765 1297 3187 1369 Χρυσοστόμου,

1998 1387 2071 1439 Τὸ
2091 1389 2392 1458 Γρηγορίου
2424 1389 2648 1459 φθέγμα
2679 1392 2772 1444 τοῦ
2800 1392 3123 1460 Νυσσαὲως,

2000 1481 2104 1531 Τὸν
2128 1481 2384 1549 Μάξιμον
2424 1482 2484 1533 τὸ
2511 1482 2701 1552 θαῦμα
2728 1486 2828 1554 τῆς
2861 1487 3118 1556 ἡσυχίας.

2001 1571 2095 1635 Οἷς
2126 1576 2203 1636 εἰς
2233 1575 2389 1628 τόσον
2415 1577 2638 1645 μέτεστι
2662 1577 2769 1630 τῶν
2797 1577 2903 1642 ἔξω
2923 1581 3120 1649 λόγων,

2011 1666 2100 1728 Ὠς
2137 1667 2231 1720 καὶ
2268 1668 2553 1732 Πλάτωνος
2583 1671 2876 1740 ἐκτρέπειν
2907 1673 3004 1725 καὶ
3045 1673 3356 1744 Σωκράτος.

2003 1759 2064 1811 Εἰ
2106 1760 2206 1830 μὲν
2236 1762 2294 1813 τὸ
2325 1761 2518 1832 λεχθὲν
2556 1764 2920 1833 αἰρετικίζειν
2954 1765 3162 1834 λέγεις,

1928 1821 1974 1880 Β
2003 1821 2508 1922 Συναιρετικίζοιμι
2529 1821 2641 1917 τοῖς
2669 1821 3042 1924 λε).εγμένοις;

2004 1944 2067 1996 Εἰ
2095 1943 2139 1995 δ’
2169 1944 2431 2014 ἠκροάσω
2462 1944 2572 1997 τῶν
2593 1946 2744 2014 ἐμῶν
2767 1947 2930 2017 τυχὸν
2967 1947 3167 2016 λόγων,

2006 2036 2117 2090 Καὶ
2150 2036 2456 2108 σφαλεροὺς
2491 2037 2746 2106 ἔγκωκας
2777 2042 3000 2106 αὐτοὺς,
3035 2043 3158 2096 εἰπέ
3189 2060 3302 2114 μοι,

2006 2129 2077 2181 Ἦ
2105 2129 2307 2197 μᾶλλον
2339 2131 2460 2183 εἰπὲ
2493 2133 2654 2185 παντὶ
2691 2133 2770 2202 τῷ
2801 2135 3087 2206 συνεδρίῳ,

2005 2225 2117 2276 Καὶ
2145 2223 2374 2294 θάτερόν
2406 2243 2487 2278 σοι
2517 2229 2631 2278 τοῖν
2657 2227 2802 2280 δυοῖν
2836 2228 3007 2298 πέρας
3038 2229 3201 2286 λάϐε.

2005 2317 2078 2369 Ἢ
2115 2315 2223 2386 γὰρ
2255 2317 2490 2383 διδάξεις
2523 2319 2848 2387 ἀγνοοῦντα,
2884 2323 2980 2375 καὶ
3014 2322 3184 2393 χάρις

2005 2405 2110 2459 Σοῦ
2140 2410 2206 2478 τῇ
2242 2408 2430 2479 διδαχῇ
2477 2410 2723 2465 κείσεται
2755 2413 2852 2464 καὶ
2885 2411 2964 2482 τῷ
2994 2412 3141 2484 λόγῳ

2009 2497 2196 2563 Ἀξιον
2225 2499 2519 2565 ἐξάξαντος
2548 2502 2604 2568 ἐξ
2630 2502 2886 2568 ἀναξίου·

2009 2593 2083 2645 Ἦ
2110 2592 2212 2663 τῆς
2241 2593 2379 2646 Θεοῦ
2418 2594 2548 2662 γοῦν
2573 2595 2855 2660 ἐξελάσοις
2884 2597 3086 2661 ἐστίας.

1987 2687 2196 2757 ’ἢπερ
2227 2686 2352 2758 δίκη
2377 2687 2588 2757 πέφηνε
2612 2691 2726 2752 τοῖς
2753 2689 3072 2761 άϐελτέροις

2011 2777 2213 2849 Ἔλαχε
2245 2778 2466 2844 λοιπόν;
2507 2780 2668 2834 Ἀλλά
2693 2781 2778 2845 τίς
2813 2799 2907 2834 σου
2943 2784 3003 2835 τὸ
3041 2782 3220 2853 στόμα

2007 2872 2197 2924 ῙῙείσει
2225 2873 2459 2942 κινήσας
2487 2873 2884 2944 ἐξερεύξασθαι
2916 2875 3114 2944 λόγον;

2011 2965 2081 3015 Ἢ
2107 2963 2229 3023 πῶς
2259 2965 2509 3034 ἀνοιχθὲν
2538 2967 2736 3030 σιελοίς
2774 2983 2840 3036 με
2868 2966 2943 3036 μὴ
2987 2967 3163 3037 πλάνη
3188 2983 3204 3033 ἲ

2007 3056 2074 3107 Ὢ
2107 3055 2324 3124 φύσεως
2353 3056 2596 3126 ’ύϐρισμα
2625 3060 2721 3111 καὶ
2757 3057 2933 3124 γέλως
2959 3057 3100 3128 βίου,

2019 3146 2176 3216 Ἐμοὶ
2208 3149 2548 3216 προσάπτεις
2575 3147 2666 3199 τὸν
2691 3147 3014 3217 δυσώνυμον
3045 3149 3232 3214 λόγον,

2022 3237 2154 3306 Ἐμέ
2178 3239 2492 3306 στερίσκεις
2528 3238 2630 3308 τῆς
2673 3237 2916 3308 ἀνάρχου
2949 3239 3207 3310 Τριάδος,

2008 3326 2119 3392 Ἧς
2146 3329 2396 3399 gemma
2425 3330 2520 3384 τοῦ
2553 3330 2672 3401 βίου
2699 3331 2770 3383 τὰ
2810 3333 3119 3402 πείσματα.

2021 3421 2155 3491 Ἐμέ
2186 3422 2496 3491 στερίσκεις
2526 3422 2627 3492 τῆς
2658 3422 2793 3477 Θεοῦ
2830 3424 3147 3493 μετουσίας,

2017 3514 2112 3577 Ὃς
2143 3513 2374 3567 πλεῖστα
2400 3513 2762 3586 μένΤριάδος
2797 3513 2988 3573 ὥδινον
3017 3516 3206 3590 χάριν,

2009 3679 2125 3734 imo
2174 3681 2302 3752 agni
2349 3681 2463 3736 loco
2503 3682 2663 3752 lupus
2712 3698 2961 3753 appares.
3003 3680 3212 3736 Eumne
3251 3690 3329 3747 tu,
3372 3685 3600 3741 rationis

2005 3791 2214 3843 expers,
2284 3776 2589 3830 hwreticum
2646 3793 2822 3839 vocas,
2887 3777 2978 3846 qui

2009 3868 2186 3922 causis
2227 3878 2401 3923 motus
2432 3870 2582 3938 agit?
2617 3868 2832 3923 Scilicet
2865 3869 3155 3923 stultitiam
3187 3878 3331 3924 tuam
3365 3871 3595 3925 abscon-

326 3955 1916 4033 Tu,David,fundaGoliathumoccide;Thesbites,lancea
2013 3963 2138 4014 dere
2185 3962 2390 4017 studes.
2448 3962 2696 4031 Appella,
2763 3964 2812 4016 si
2873 3963 2970 4028 vis,
3035 3963 3304 4025 lueresim,
3373 3973 3599 4018 mentem

323 4071 417 4114 tua
473 4067 520 4110 et
557 4054 738 4125 clypeo
779 4066 958 4105 omnes
995 4049 1080 4119 qui
1113 4047 1272 4102 Bauli
1311 4048 1621 4116 sacrificant
1653 4050 1915 4101 interime.

2016 4053 2249 4120 vigilem,
2289 4054 2520 4122 gratiam
2561 4053 2792 4120 Basilii;
2823 4055 2964 4108 idem
3000 4071 3187 4109 nomen
3218 4056 3388 4110 tribue
3428 4055 3598 4126 Chry-

324 4148 467 4202 Licet
502 4146 642 4200 enim
675 4139 945 4211 opprobrii
973 4155 1076 4192 non
1106 4139 1173 4191 sit
1202 4139 1471 4202 sacerdos,
1503 4146 1558 4189 at
1597 4140 1774 4206 turpia
1813 4153 1917 4190 nou
2016 4143 2239 4196 soslomi
2285 4142 2562 4213 rhythmo;
2605 4146 2726 4197 item
2767 4161 2894 4199 voca
2934 4143 3176 4214 Gregorii
3221 4143 3451 4214 Nysseni
3485 4146 3598 4200 elo-

322 4256 494 4312 pauca
523 4237 867 4309 perpetravit,
909 4247 973 4286 ac
1025 4231 1334 4296 sanguinem
1385 4229 1573 4298 eﬁ'udit
1600 4231 1913 4299 plurimum.

323 4335 525 4389 Pueros
556 4332 646 4401 qui
688 4334 1010 4402 senectutem
1053 4323 1269 4377 Elissazi
1313 4322 1512 4386 rident,
1556 4322 1700 4375 ursis
1731 4321 1913 4386 trade,

323 4438 372 4482 et
404 4436 562 4497 caput
600 4423 811 4478 calvum
835 4419 1028 4473 crinito
1071 4417 1232 4485 capiti
1260 4415 1524 4483 postponi,
1553 4423 1768 4483 propter
1806 4413 1912 4466 cri-

325 4539 438 4585 nes,
471 4535 535 4574 ne
561 4517 861 4587 permittas.

401 4614 508 4670 Sed
545 4609 613 4664 ad
638 4610 763 4671 quid
793 4617 904 4663 haec
959 4601 1226 4676 profero?
1277 4597 1377 4652 Ubi
1403 4614 1542 4652 nunc
1581 4597 1851 4651 Thesbites
1883 4597 1908 4650 ?

325 4709 414 4761 ubi
448 4701 712 4760 Samuel?
753 4701 843 4753 ubi
873 4697 1129 4751 Elisswus
1154 4695 1180 4749 2
1227 4691 1315 4744 ubi
1367 4705 1542 4742 omnes
1587 4704 1720 4758 quos
1752 4687 1907 4741 modo

326 4795 751 4855 enumeravimus
777 4793 802 4846 2
851 4788 1092 4843 Trinitas
1149 4799 1290 4846 mea,
1321 4790 1370 4834 te
1401 4781 1630 4844 invoco;
1664 4781 1909 4832 thesaure

327 4893 599 4966 ﬁdelium,
658 4899 775 4953 spes
827 4884 1081 4952 piorum;
1139 4875 1352 4966 nomine
1399 4872 1629 4966 quidem.
1659 4885 1721 4922 ac
1755 4868 1910 4966 verba

327 4961 460 5049 una,
522 4984 662 5036 trina
696 4985 873 5030 autem
912 4973 968 5026 in
994 4969 1256 5040 personis.
1286 4964 1350 5021 Si
1375 4966 1430 5017 in
1463 4961 1702 5016 Mambre
1742 4961 1908 5014 etiam

328 5094 468 5136 nunc
513 5085 736 5146 quercus
774 5064 1006 5127 exsistit,
1044 5065 1114 5115 ad
1141 5057 1414 5112 Abraham
1452 5055 1662 5146 accede,
1701 5061 1748 5106 et
1775 5051 1912 5146 vitu-

329 5174 440 5225 lum
480 5144 745 5221 manduca
773 5157 914 5228 apud
944 5153 1199 5221 hospitem
1224 5167 1244 5215 ;
1270 5147 1506 5202 Sodoma
1535 5155 1584 5200 et
1607 5144 1913 5200 Gomorrha

329 5268 521 5320 iterum
563 5257 672 5329 igni
697 5253 834 5309 dele.
869 5243 1308 5304 Nummularium
1362 5241 1502 5310 fuste
1526 5241 1744 5308 expelle,
1781 5237 1912 5329 Jesu

333 5357 564 5416 Christe,
589 5328 835 5406 salvator
855 5353 904 5399 et
940 5347 1184 5402 creator;
1218 5334 1404 5389 Patris
1436 5335 1578 5387 enim
1610 5332 1688 5385 tui
1724 5346 1785 5384 ac
1813 5328 1911 5382 Dei

333 5452 549 5505 domum
570 5446 846 5496 tabernam
890 5434 1015 5506 fecit
1046 5427 1452 5484 mereatoriam.

407 5540 506 5594 His
575 5537 654 5588 ita
711 5526 1023 5599 prtemissis,
1075 5519 1278 5576 vacatio
1333 5533 1451 5570 mea
1502 5513 1911 5583 prcedestinata,

334 5645 494 5702 quam
529 5622 830 5679 ha'reticam
855 5613 1110 5686 appellas,
1147 5603 1508 5702 examinanda
1540 5603 1710 5702 vepit;
1742 5603 1910 5702 siqui.-

335 5695 453 5779 dem
491 5717 732 5775 omnibus
769 5729 801 5765 a
842 5709 944 5762 Dco
961 5705 1223 5778 judicium
1252 5695 1537 5764 impendet.
1578 5695 1700 5751 Otu
1736 5696 1825 5765 qui
1855 5696 1917 5748 de

343 5815 585 5874 omnibus
621 5803 950 5879 pra-fractim
979 5798 1199 5871 judicas
1226 5835 1240 5864 ,
1283 5808 1405 5848 esne
1445 5806 1611 5861 agnus
1644 5787 1908 5844 Domini?

2017 4236 2324 4305 quentiam;
2353 4236 2653 4290 Maximum
2675 4239 2978 4292 ha'reticum
3005 4239 3240 4304 nomina,
3273 4239 3596 4307 quietudinis

2015 4325 2336 4379 miraculum
2354 4343 2372 4390 ;
2391 4327 2581 4395 quibus
2606 4327 2849 4381 omnibus
2874 4327 3007 4380 adeo
3023 4328 3220 4382 diserte
3243 4327 3387 4399 loqui
3408 4331 3596 4381 datum

2014 4411 2144 4479 fuit,
2212 4420 2266 4464 ut
2323 4412 2604 4467 Platonem
2662 4431 2724 4467 ac
2780 4413 3057 4470 Socratem
3113 4417 3287 4484 ipsum
3347 4431 3597 4484 superare

1939 4498 1982 4551 Ι)
2015 4507 2320 4560 videantur.
2365 4505 2427 4560 Si
2463 4522 2623 4574 porro
2659 4524 2721 4562 ea
2762 4525 2880 4573 qua:
2939 4509 3095 4563 modo
3154 4510 3292 4576 dixi,
3354 4511 3597 4564 heresim

2016 4599 2251 4653 redolere
2285 4600 2439 4662 dicis,
2478 4599 2758 4654 hcereticus
2794 4618 2924 4655 sane
2958 4618 3078 4655 cum
3119 4603 3210 4666 iis,
3257 4618 3386 4671 quos
3437 4619 3601 4671 supra

2016 4687 2195 4749 citavi,
2237 4702 2346 4740 esse
2395 4687 2532 4741 volo.
2574 4687 2634 4741 Si
2675 4698 2857 4743 autem
2909 4693 3066 4743 verba
3106 4706 3223 4743 mea
3273 4705 3439 4755 prava
3488 4707 3602 4745 esse

2017 4788 2217 4835 censes,
2257 4772 2341 4825 dic
2374 4773 2528 4835 mihi,
2565 4783 2658 4827 aut
2699 4777 2874 4843 potius
2918 4777 3016 4831 toti
3063 4782 3243 4840 ccetui,
3282 4784 3333 4829 et
3370 4778 3601 4845 pretium

2017 4863 2211 4928 accipe.
2264 4861 2374 4914 Aut
2402 4862 2542 4914 enim
2569 4861 2834 4917 hominem
2856 4863 3040 4918 rudem
3067 4873 3116 4918 et
3146 4865 3391 4932 ignarum
3419 4868 3599 4928 doces,

2018 4963 2068 5008 et
2101 4953 2358 5008 minerva!
2386 4954 2582 5023 accipis
2614 4970 2710 5024 pro
2743 4953 3032 5019 doctrina;
3077 4965 3173 5008 aut
3207 4971 3234 5009 e
3269 4955 3366 5009 Dei
3405 4958 3599 5024 templo

2019 5041 2238 5111 expellis
2269 5058 2358 5096 eos
2386 5041 2476 5112 qui
2509 5043 2758 5097 stultitia:
2783 5043 2934 5097 venia
2968 5042 3042 5096 ibi
3067 5043 3239 5098 locum
3265 5051 3439 5098 tenere
3463 5061 3605 5112 prae-

2024 5144 2262 5188 sumunt.
2285 5131 2388 5186 Sed
2416 5135 2530 5202 quis
2561 5142 2606 5187 te
2636 5148 2693 5188 eo
2711 5131 2972 5186 adducere
2986 5133 3180 5199 poterit
3206 5145 3263 5186 ut
3293 5149 3410 5202 qua:
3439 5133 3602 5192 sentis

2023 5228 2204 5298 palam
2237 5227 2452 5296 facias?
2479 5237 2574 5280 aut
2617 5226 2876 5296 quomodo
2913 5226 3121 5294 impuro
3161 5226 3270 5279 oris
3317 5227 3471 5279 hiatu
3496 5243 3602 5279 non

2025 5334 2106 5370 me
2145 5316 2338 5387 fallis?
2371 5315 2413 5371 0
2448 5324 2663 5370 natura:
2691 5314 3006 5378 ludibrium,
3031 5331 3060 5367 o
3088 5315 3251 5367 vitam
3283 5315 3605 5369 ridiculam!

2025 5415 2152 5466 mihi
2189 5427 2483 5466 sermonem
2523 5409 2715 5463 tribuis
2758 5407 3030 5474 ineptum;
3068 5422 3150 5460 me
3188 5405 3453 5460 Trinitate
3487 5423 3606 5476 qua:

2024 5506 2343 5574 principium
2361 5519 2480 5557 .uou
2509 5501 2662 5557 habet
2694 5503 2896 5571 privas,
2923 5517 2956 5555 α
2987 5516 3093 5571 qua
3123 5499 3326 5554 vivendi
3347 5502 3609 5569 principia

2030 5593 2252 5648 deduxi.
2294 5592 2374 5646 Me
2405 5609 2437 5645 a
2470 5591 2564 5644 Dei
2595 5591 2963 5644 communione
2998 5589 3222 5652 avellis;
3259 5605 3339 5642 me
3371 5589 3462 5657 qui
3492 5587 3612 5642 Tri-

2032 5687 2220 5741 nitatis
2245 5686 2425 5756 gratia
2451 5683 2686 5753 plurima
2711 5683 2830 5749 tuli,
2855 5698 3017 5751 eaque
3040 5698 3144 5737 non
3165 5681 3294 5735 levia
3323 5696 3386 5734 ac
3410 5679 3607 5736 brevia.

2031 5778 2112 5836 Ex
2144 5793 2317 5849 ungue
2355 5775 2451 5831 tibi
2486 5775 2690 5830 leonem
2722 5774 2964 5843 ostendo,
2998 5781 3092 5828 aut
3136 5775 3310 5843 potius
3358 5788 3461 5828 non
3493 5771 3608 5830 tibi.

3057 3778 3205 3842 aliis,
3263 3793 3422 3847 quam
3512 3787 3594 3846 tu,
3702 3824 3704 3826 ,
