4078 6442
432 399 566 469 Mil

433 521 509 572 υύ
549 509 718 584 μικρὰ
754 508 797 562 δ’
828 506 1121 577 ὲξήνεγκα,
1156 504 1253 557 καὶ
1291 500 1428 572 πρὸς
1460 498 1680 570 ἡμέραν

444 608 543 660 Ἐκ
578 606 686 658 τῶν
720 601 928 673 ὀνύχων
949 600 1041 652 τὸν
1072 595 1264 650 λέοντά
1293 612 1378 649 σοι
1406 592 1585 662 φανῶ,

438 700 509 753 Ἦ
546 696 745 768 μᾶλλον
764 697 823 747 ο)
861 692 963 756 σοὶ,
1000 693 1111 753 τοῖς
1151 689 1207 742 δὲ
1246 686 1371 741 νοῦν
1411 682 1796 754 κεκτημένοις.

442 792 742 859 Ἀναρχον,
782 786 949 856 ἁρχὴ,
994 782 1195 845 παντὸς
1225 780 1378 834 αἰτία
1402 778 1561 842 Θεὸς,

440 880 753 939 Βασιλικὸν,
781 877 1022 947 βέϐαιον,
1052 875 1108 926 ὲν
1143 872 1329 942 ταυτῷ
1356 871 1545 943 μένον,

441 972 759 1039 Γλυκασμὲις
788 969 1038 1039 ἔμφρων,
1072 967 1347 1035 αὐτέρως,
1380 960 1701 1031 αὐταγάπη,

443 1063 781 1134 Δωρητικόν,
816 1060 1098 1119 πλούσιον.
1130 1057 1308 1121 εὑθὲς,
1339 1056 1592 1125 εὐθύτης,

449 1160 568 1218 Ἕν,
590 1155 809 1218 ταυτὸν,
841 1149 981 1218 ἴσον,
1015 1151 1201 1221 ἄρτιον
1232 1151 1456 1203 πάντων
1485 1149 1687 1217 πέρας,

447 1248 598 1314 Ζωὴ,
630 1244 797 1298 καλὸν
820 1242 958 1310 φῶς,
990 1239 1305 1307 αὑτάγαθος
1345 1237 1530 1299 οὐσία,

456 1340 613 1403 Ἡδὺ,
644 1333 1200 1405 προμηθὲςρντότης,
1238 1330 1569 1400 ἀπειρότης,

449 1433 746 1502 Θεουργδν,
783 1427 1011 1492 ἁπλοῦν,
1045 1424 1239 1495 ἀρετὴ,
1278 1422 1502 1493 σύμπαν
1531 1418 1675 1484 ὅλον,

461 1525 643 1579 Ἰκανό
654 1539 770 1591 της,
802 1521 1034 1584 δίκαιον,
1072 1516 1395 1583 αὑτοσοφία,

453 1613 841 1684 Κοσμουργὸν,
875 1610 1168 1672 ἀθάνατον,
1197 1606 1458 1671 ἀειζωῒα,
1487 1626 1494 1632 ’

454 1704 760 1773 Λυτρωτικ³
778 1718 826 1764 ν,
850 1699 1184 1769 πάνταρχον,
1213 1695 1577 1765 αύθαγιότης,

456 1794 831 1863 Μονοκρχτὲς,
873 1791 1088 1860 κύριον,
1122 1790 1379 1842 ἁπάντων
1410 1789 1558 1859 ὅρος,

458 1887 626 1952 Νοῦς,
655 1889 749 1939 καὶ
775 1886 953 1953 λόγος,
987 1884 1081 1937 καὶ
1113 1880 1335 1952 πνεῦμα
1354 1897 1369 1910 '
1412 1880 1583 1934 ταῦτα
1609 1881 1719 1948 γὰρ
1745 1876 1902 1939 Θεὸς,

459 1978 727 2048 Ξύμφυλα
758 1977 938 2047 πάντη
976 1974 1068 2029 κα)¹
1102 1972 1547 2043 ξυνουσιωνμέναο

471 2073 534 2125 '0
568 2071 668 2142 μὲν
712 2072 885 2138 Λόγος
912 2067 1007 2121 νοῦ
1040 2070 1208 2135 γέννα
1234 2064 1331 2119 τοῦ
1371 2062 1689 2127 παναιτίου,

462 2166 743 2233 Πανάγιος
768 2167 895 2227 παῖς
928 2162 1143 2231 Πατρὸς
1170 2163 1235 2214 ὲκ
1264 2160 1565 2227 παναγίου,

476 2262 663 2331 Ῥίζης
688 2262 927 2331 ἀνάρχου
964 2260 1179 2332 καρπὸς
1207 2259 1447 2329 ἄναρχος
1483 2256 1669 2327 μόνος.

468 2357 715 2425 Σφραγὶς
744 2354 964 2422 καθαρὰ
999 2351 1229 2423 μηδαμῆ
1262 2349 1587 2420 κινουμένη.

544 2450 617 2503 Τὸ
646 2449 872 2518 Πνεῦμα
898 2448 944 2502 δ’
962 2447 1284 2518 ἑκπόρευμα
1315 2447 1410 2500 καὶ
1432 2436 1729 2515 πρόϐλημα
1763 2441 1901 2508 Νοῦ,

474 2542 764 2613 ’Υψιστον,
791 2541 1035 2610 ἰσότιμον
1069 2539 1220 2609 αὐτῷ
1251 2542 1348 2595 καὶ
1382 2542 1563 2609 Λόγῳ,

473 2637 646 2689 Φύσει
673 2652 731 2687 τε
764 2634 962 2687 ταυτὸν
988 2636 1084 2688 καὶ
1112 2634 1346 2703 δυνάμει
1377 2634 1472 2685 καὶ
1496 2633 1718 2702 κράτει,

477 2726 761 2798 Χωριστδν
774 2724 928 2778 οὐδὲν
956 2725 1066 2777 τῶν
1098 2725 1291 2792 τριῶν,
1311 2725 1368 2777 ἓν
1382 2723 1446 2776 δὲ
1468 2724 1619 2789 τρία,

479 2818 741 2874 Ψαυστδν
779 2818 1087 2887 λογισμοῖς,
1120 2818 1235 2871 ἀλλ’
1259 2816 1529 2887 (Ξιμυδρῶζ⁵
1552 2814 1647 2869 καὶ
1685 2814 1870 2884 μόνον.

480 2913 677 2975 Ὅστις
713 2910 953 2981 σεϐασθῇ
980 2909 1176 2974 ταῦτα,
1214 2912 1311 2963 καὶ
1337 2912 1671 2982 σωθήσεται.

480 3006 544 3058 Ei
578 3002 756 3058 ταῦτα
785 3002 974 3066 πιστὰ,
1003 3002 1121 3065 πῶς
1155 3020 1226 3073 με
1257 3003 1469 3056 πιστῶν
1489 3003 1746 3073 ὲξάγειςς

483 3098 549 3151 Ei
584 3095 630 3149 δ’
663 3095 785 3167 οὐχὶ
816 3094 1008 3161 πιστὰ.
1047 3094 1335 3165 προστίθει
1360 3095 1458 3160 τὰς
1483 3098 1687 3160 αἰτίας.

496 3187 663 3243 Ἀλλὰ
690 3189 776 3251 τίς
805 3186 872 3242 ἂν
911 3186 1051 3258 τηθή
1083 3205 1145 3241 σε
1166 3188 1265 3257 τῆς
1291 3189 1439 3256 ῥινὸς
1462 3188 1628 3260 λάϐῃ,

489 3284 602 3338 Καλ⁸
630 3284 730 3353 τῆς
768 3281 1011 3352 κορύζης
1042 3279 1309 3353 ἀπομύξῃ
1335 3282 1395 3333 τὺ
1418 3279 1621 3345 πλέον;

496 3377 590 3440 Ὠς
625 3374 691 3429 ἂν
719 3374 881 3442 λόγου
918 3371 1182 3442 φθέγξαιο
1210 3371 1483 3442 συλλαϐὴν
1527 3371 1682 3442 μίαν.

500 3467 661 3537 Ἐμοὶ
687 3469 1024 3538 προσάπτεις
1051 3465 1377 3528 δυσσεϐείας
1408 3464 1666 3532 εὐθύνας,

485 3556 561 3617 *Ω
597 3561 800 3624 παντὸς
820 3558 1094 3614 ύπεύθυνε
1124 3557 1570 3630 δυσσεϐήματος,

490 3725 586 3782 sed
619 3726 830 3780 ratione
864 3740 927 3779 ac
957 3732 1130 3779 mente
1159 3722 1401 3794 prwditis
1433 3740 1453 3778 :
1481 3724 1624 3782 Deus
1659 3730 1823 3784 totius
1847 3740 2082 3788 creatio-

495 3820 578 3873 nis
610 3835 775 3872 causa
812 3827 860 3872 et
897 3816 1039 3886 fons,
1088 3817 1201 3870 sine
1244 3817 1530 3886 principio,
1582 3821 1904 3889 principium
1939 3823 2070 3891 ipse,

495 3909 665 3962 virtus
708 3907 930 3978 regalis,
985 3905 1263 3970 diuturna,
1324 3910 1507 3960 eadem
1567 3924 1773 3977 semper
1824 3927 2082 3978 manens;

494 3996 746 4058 dulcedo,
796 4009 948 4048 amor
991 3993 1123 4062 ipse,
1168 3994 1278 4063 ipse
1310 3992 1572 4056 charitas,
1616 3995 1786 4061 dives,
1824 4000 2081 4053 immuta-

501 4088 669 4154 bilis;
708 4103 895 4145 unum.
932 4086 1092 4153 idem,
1139 4082 1376 4141 omnium
1408 4104 1590 4143 rerum
1628 4091 1912 4157 terminus,
1946 4095 2081 4157 vita,

500 4185 677 4238 lumen
698 4181 1000 4249 splendens,
1028 4178 1333 4234 substantia
1360 4195 1457 4249 per
1477 4197 1532 4236 se
1548 4182 1726 4249 bona;
1744 4185 2081 4253 jucunditas,

502 4273 859 4347 providentia,
922 4273 1152 4327 essentia
1218 4272 1536 4341 inde/inita;
1581 4290 1776 4329 numen
1824 4276 2086 4343 divinum,

498 4367 754 4436 simplex,
788 4365 985 4430 virtus,
1011 4363 1279 4430 totalitas,
1302 4364 1523 4433 justitia
1547 4363 1839 4437 sufﬁciens,
1880 4375 2091 4439 sapien-

492 4461 586 4514 «tia
627 4457 832 4528 infu'sa,
871 4456 1057 4511 mundi
1098 4457 1464 4527 gubernator;
1513 4459 1862 4525 immortalis,
1916 4466 2089 4518 vivens

496 4550 702 4621 jugiter
734 4550 1048 4619 monarclta,
1082 4549 1363 4625 Dominus,
1406 4554 1642 4606 omnium
1687 4570 1805 4623 qua:
1835 4566 1956 4608 sunt
1987 4564 2092 4610 ter-
2126 4584 2171 4641 ο

511 4645 710 4710 minus,
762 4660 930 4707 mens,
979 4646 1147 4709 ratio,
1195 4645 1438 4714 spiritus,
1472 4662 1576 4701 uno
1611 4646 1764 4701 verbo
1805 4647 1970 4715 Deus,
2006 4651 2098 4720 qui

512 4753 752 4792 amorem
783 4747 832 4789 et
866 4738 1115 4791 unionem
1159 4738 1215 4791 in
1248 4752 1312 4792 se
1349 4739 1475 4807 fert.
1514 4739 1733 4803 Verbum
1762 4743 1953 4796 mentis
1987 4759 2101 4797 om-

514 4831 796 4900 nipotentis
836 4840 1083 4884 creatura
1107 4844 1126 4894 ;
1147 4844 1280 4899 puer
1304 4845 1369 4884 ea:
1395 4830 1754 4888 Sanctissima
1786 4844 2099 4906 prognatus,

502 4925 717 4978 .radicis
762 4924 876 4977 sine
899 4923 1163 4993 principio
1216 4922 1447 4991 fructus,
1476 4924 1622 4979 solus
1669 4927 1784 4982 sine
1811 4929 2100 4998 principio,

518 5017 752 5087 sigillum
786 5031 1002 5084 purum,
1023 5015 1357 5070 invariabile.

589 5102 826 5171 Spiritus
866 5101 1073 5167 {ructus
1119 5117 1183 5155 ac
1210 5109 1494 5171 proventus
1535 5101 1773 5172 Mentis;
1807 5106 2104 5162 altissimus

526 5207 595 5252 ~st
623 5207 671 5252 et
703 5194 942 5265 ejusdem
972 5212 1091 5249 cum
1131 5194 1299 5250 Verbo
1328 5196 1519 5268 gloria:
1543 5197 1810 5268 particeps
1834 5213 1855 5264 ;
1885 5210 2103 5268 natura,

520 5293 712 5345 virtute
737 5298 789 5343 et
816 5291 1058 5358 potentia
1097 5289 1265 5355 idem,
1294 5290 1490 5346 mentis
1530 5291 1851 5361 cogitatione
1892 5293 2106 5364 quidem

520 5381 883 5452 attingendus,
907 5381 998 5435 sed
1024 5380 1325 5451 imperfecte
1350 5390 1402 5438 et
1429 5382 1690 5452 obscure;
1714 5398 1833 5455 qua:
1865 5387 1955 5456 qui
1986 5387 2113 5442 reli-

521 5474 667 5542 giose
695 5471 921 5525 eolit‘ac
951 5471 1143 5539 credit,
1171 5473 1352 5529 salvus
1392 5475 1517 5531 erit.
1558 5474 1619 5531 Si
1646 5477 1814 5548 igitur
1844 5478 1958 5534 htec
1988 5494 2110 5533 vera

521 5575 666 5628 sunt,
708 5580 804 5617 cur
838 5579 920 5617 me
959 5579 986 5618 e
1020 5564 1256 5621 veritatis
1289 5567 1372 5621 via
1404 5568 1618 5639 abigis?
1649 5567 1747 5625 Sin
1779 5572 1955 5627 minus
1988 5588 2111 5627 vera

523 5666 671 5721 sunt,
703 5671 903 5709 causas
918 5658 1157 5712 enuntio.
1188 5658 1323 5724 Quis
1347 5670 1525 5715 autem
1553 5677 1710 5718 nares
1733 5663 1829 5717 tibi
1846 5673 2111 5733 emunget,

527 5755 587 5799 ut
630 5762 795 5799 unam
827 5746 1093 5817 syllabam
1126 5750 1298 5805 verbis
1332 5753 1437 5808 tuis
1483 5753 1653 5808 addas
1674 5755 1700 5808 ?
1730 5753 1870 5809 Mihi
1900 5757 2114 5826 quidem

530 5846 588 5892 tu
632 5837 919 5905 impietatis
967 5841 1168 5897 crimen
1214 5843 1431 5913 ingeris,
1482 5857 1539 5901 tu
1575 5848 1664 5917 qui
1718 5849 1890 5903 omnis
1938 5848 2116 5904 irreli-

1623 374 2027 445 THEODORI
2062 372 2474 436 PRODROMI

2038 494 2080 548 Α
2119 488 2218 554 ’ος
2252 488 2350 541 σὺν
2381 486 2503 556 Θεῷ
2532 483 2834 554 σύμπαντα
2863 477 2957 533 τὸν
2986 474 3160 530 πάλαι
3183 469 3351 539 νόμον

3565 342 3709 408 1412

2119 580 2230 634 Καὶ
2257 579 2348 633 τὸν
2371 577 2495 632 καθ’
2524 575 2675 647 ἡμᾶς
2710 576 2768 627 ἐν
2797 571 3007 641 στίχοις
3030 559 3415 633 τετραστίχοις

2122 671 2508 744 Παραιρράσας
2536 667 2790 722 εὔκλειαν
2814 657 3248 729 ἁπηνεγκάμην.

2136 766 2279 835 Ἐγὼ
2300 764 2436 819 Θεοῦ
2462 759 2767 833 πόρρωθεν,
2789 750 2832 809 ὧ
2861 751 2998 807 Θεοῦ
3020 749 3139 815 ξένε
3161 765 3176 813 ;

2130 864 2229 924 '0;
2267 859 2433 931 μηδὲν
2457 856 2588 911 ἄλλο
2617 852 2757 923 πλὴν
2788 847 2925 904 Θεοῦ
2956 846 3122 917 μόνου
3154 840 3327 896 πνέω.

2140 955 2283 1023 Ἐγὼ
2316 954 2490 1024 μέθης
2516 949 2825 1019 πάρεργον,
2852 939 3140 1014 ¹Ιγλιθιότης
3166 954 3182 1005 ;

2129 1048 2265 1101 Θεοῦ
2302 1046 2454 1113 ξένος
2484 1044 2667 1113 γένοιο
2699 1039 2792 1093 τοῦ
2826 1037 2963 1090 Θεοῦ
2986 1033 3163 1098 ξένος,

2143 1142 2203 1195 '0
2233 1140 2410 1194 ταῦτα
2448 1135 2665 1207 τολμῶν
2692 1131 3020 1204 φληναφεῑν,
3054 1126 3266 1196 ληρεῖν,
3306 1119 3515 1187 λέγειν.

2146 1232 2311 1302 Ἐγὼ,
2345 1231 2594 1294 κάκιστε,
2628 1226 2895 1295 δυσσεϐὴς
2928 1225 3008 1286 είς
3037 1222 3131 1275 τὸν
3158 1218 3365 1286 Λόγον;

2143 1326 2237 1387 ’⁵ος
2280 1322 2539 1393 Πατέρων
2572 1318 2673 1388 μὲν
2700 1316 2904 1384 ὲξέφην
2929 1310 3246 1381 θεοφρόνων

2137 1416 2249 1490 Τὴν
2280 1418 2465 1470 πίστιν
2489 1414 2552 1471 En
2584 1429 2643 1466 τε
2674 1408 3026 1479 πραγμάτων
3063 1399 3453 1472 πιστουμένων

2139 1510 2251 1567 Καὶ
2279 1511 2527 1580 κλήσεων
2568 1506 2804 1579 μάλιστα
2840 1498 3292 1572 Χριστωνυμίας.

2142 1605 2380 1658 Πάππου
2408 1603 2518 1671 γὰρ
2545 1597 2857 1669 εὐμοίρηκα
2885 1590 3387 1664 Προδρομωνύμου,

2145 1699 2257 1751 Καὶ
2281 1696 2424 1750 θεῖον
2449 1693 2607 1763 έσχον
2631 1691 2872 1761 Χριστὸν
2899 1683 3300 1758 ὠνομασμένον

2073 1833 2121 1895 Β
2147 1792 2255 1859 Γῆς
2297 1790 2569 1858 Ῥωσικῆς
2604 1785 2872 1856 πρόεδρον
2904 1780 3075 1851 ἁϐρὸν
3107 1781 3167 1831 ὲν
3202 1777 3412 1846 λόγοις,

2160 1883 2283 1952 Ὑφ’
2314 1879 2399 1945 οἷς
2436 1880 2696 1955 ἀναχθεὶς
2726 1876 2973 1940 εὐσεϐῶς
3002 1874 3343 1946 ἀνετράφην.

2155 1977 2391 2029 Ἔπειτα
2417 1976 2636 2029 πάντων
2659 1971 2967 2043 ἀμελήσας,
3001 1967 3112 2021 τῶν
3144 1966 3261 2020 ἄνω

2153 2069 2228 2123 Οὐ
2263 2064 2734 2136 συγκατημέλησα
2760 2062 2856 2115 τοῦ
2888 2061 3037 2115 θείου
3075 2057 3275 2112 πόθου*

2167 2162 2307 2216 Ἀλλ’
2346 2164 2402 2214 έν
2433 2159 2614 2226 λόγοις
2653 2158 2754 2228 μὲν
2782 2158 2896 2216 τοϊς
2926 2153 3164 2225 θύραθεν
3187 2150 3461 2221 ἐτράφην,

2157 2255 2376 2310 Τούτων
2402 2254 2458 2306 δὲ
2483 2253 2551 2305 τὰ
2580 2252 2831 2323 χρήσιμα
2861 2251 2928 2319 τῇ
2966 2246 3148 2300 πίστει
3179 2245 3318 2316 μόνα

2170 2345 2529 2408 Ἀπανθίσας,
2562 2341 2758 2412 ῶθησα
2781 2339 2955 2394 τᾶλλα.
2994 2338 3132 2410 πρὸς
3156 2337 3314 2407 χάος,

2171 2446 2261 2507 Ὠς
2296 2445 2435 2512 μήτε
2463 2439 2657 2495 κλαπῶ
2680 2440 2804 2501 ταῖς
2828 2434 3199 2503 πολυτρόποις
3232 2432 3442 2499 πάγαις

2163 2538 2273 2591 Καὶ
2305 2525 3072 2605 λαϐυρίνθοις-συλλογισμῶν
3096 2524 3349 2592 ἐμπέσω,

2162 2632 2320 2702 Μήτε
2351 2626 2600 2696 κλονηθῶ
2634 2626 2747 2687 τοῖς
2775 2622 2923 2693 λόγῳ
2968 2616 3437 2689 σταυρουμένοις,

2168 2721 2516 2782 Παιδεύσεως
2542 2718 2720 2789 ἄϊδρις
2749 2714 2938 2776 ἁπλῶς
2962 2711 3272 2782 τυγχάνων.

2252 2812 2537 2868 Ἐντεῦθεν
2577 2813 2711 2880 ἡμῖν
2740 2810 2799 2862 αί
2841 2805 3198 2878 Σταγειρίτου
3230 2801 3431 2873 βίϐλοι,

2183 2904 2465 2961 Ἐντεῦθεν
2494 2905 2543 2957 οἱ
2589 2901 2881 2963 Πλάτωνος
2908 2899 3104 2969 ὑψηλοὶ
3131 2897 3303 2965 λόγοι,

2172 2998 2340 3051 Ὅσον
2373 2994 2607 3066 φυσικὸν
2638 2992 2962 3063 φιλοσοφίας
3009 2990 3201 3061 μέρος,

2177 3093 2344 3145 Ὅσον
2373 3089 2512 3160 πρὸς
2541 3082 2695 3160 ἦθος,
2721 3087 2818 3139 καὶ
2853 3086 3063 3149 πόλεις,
3104 3085 3198 3139 καὶ¹
3226 3085 3363 3155 πρὸς
3390 3084 3606 3157 λόγουςο

2099 3181 2146 3240 C
2179 3189 2244 3241 Ὢ
2274 3185 2627 3256 βορϐορώδης
2656 3182 2751 3236 καὶ
2787 3181 3089 3246 δυσοσμίας
3119 3180 3299 3246 λόγος,

2191 3281 2408 3341 Ὀποίος
2444 3276 2756 3344 ἐκπέφευγε
2781 3273 2891 3327 τῶν
2930 3275 3040 3326 σῶν
3070 3273 3300 3342 χειλέων
3327 3274 3339 3326 !
3528 3302 3561 3333 ι

2184 3373 2249 3425 Ὢ
2288 3370 2521 3439 κόπρος,
2551 3368 2641 3420 οἵα
2666 3365 2775 3418 σῶν
2803 3365 3036 3418 ὀδόντων
3060 3364 3257 3436 ἐξέϐηί

2185 3465 2250 3517 Ὠ
2288 3462 2517 3528 καπνὸς,
2546 3453 2658 3523 οἷος
2681 3457 2791 3511 σῶν
2823 3457 3152 3529 ἁπεπνεύθη
3185 3458 3401 3526 γνάθων
3431 3458 3444 3511 ί

2189 3558 2402 3620 Ὄντως
2425 3554 2492 3608 σὺ
2518 3550 2724 3620 ταύτης
2749 3549 2901 3614 ἄξιος
2936 3551 3036 3620 τῆς
3058 3550 3320 3620 εὐθύνης·

2183 3729 2358 3802 gionis
2388 3740 2512 3781 reus
2530 3722 2628 3777 es?
2648 3720 2762 3791 Ego
2783 3719 2921 3773 enim
2950 3719 3230 3789 antiquam
3256 3719 3417 3789 legem
3442 3728 3494 3774 et
3520 3730 3778 3775 recentem

2186 3822 2282 3877 Dei
2314 3818 2551 3874 carmine
2586 3813 2888 3883 rhythmico
2920 3812 3110 3865 cecini.
3153 3810 3308 3866 Mene
3340 3830 3372 3866 α
3408 3812 3516 3865 Deo
3546 3813 3780 3867 alienum

2186 3915 2321 3969 dicis
2357 3920 2435 3972 tu,
2462 3908 2554 3979 qui
2592 3920 2814 3976 prorsus
2857 3906 2969 3958 sine
3004 3902 3113 3958 Deo
3144 3897 3243 3959 es?
3270 3902 3335 3956 At
3375 3920 3467 3975 ego
3500 3905 3635 3957 nihil
3674 3908 3786 3962 nisi

2188 4008 2355 4062 Deum
2410 4003 2580 4068 spiro.
2623 3997 2666 4053 Τ
2671 4016 2703 4051 ιι
2753 4013 2834 4052 me
2871 3995 3098 4061 ebrium,
3148 3996 3406 4052 stolidum
3460 4001 3784 4066 nuncupas?

2189 4098 2259 4151 At
2298 4106 2346 4150 te
2389 4097 2530 4149 inter
2575 4107 2639 4146 ac
2690 4088 2856 4143 Deum
2903 4087 3040 4142 nihil
3070 4087 3190 4156 jam
3236 4087 3306 4142 sit
3355 4105 3650 4154 commune,
3692 4089 3782 4161 qui

2194 4190 2325 4244 talia
2362 4189 2648 4251 blaterare,
2682 4185 2880 4256 nugari
2919 4193 2969 4237 et
3001 4183 3216 4253 effutire
3250 4185 3441 4238 audes.
3471 4187 3622 4239 Mene
3649 4195 3703 4237 tu
3729 4186 3787 4239 in

2198 4279 2423 4337 Verbum
2456 4280 2680 4348 impium
2716 4292 2828 4331 esse
2859 4277 3058 4331 asseris
3084 4279 3109 4332 2
3139 4276 3316 4348 Atego
3340 4276 3566 4331 Patrum
3587 4279 3791 4334 divino-

2197 4390 2317 4429 rum
2356 4382 2407 4428 et
2432 4372 2538 4443 ﬁde
2571 4371 2855 4442 dignorum
2893 4369 3054 4438 ﬁdem
3093 4384 3158 4422 ex
3196 4370 3439 4437 operibus
3477 4386 3657 4424 eorum
3692 4372 3789 4425 de—

2198 4477 2456 4530 monstro,
2476 4473 2526 4520 et
2542 4480 2569 4519 e
2597 4463 2869 4517 nominum
2888 4473 3086 4515 natura
3104 4461 3405 4516 christiana
3427 4463 3611 4532 probo.
3636 4463 3792 4532 Papa

2199 4559 2337 4613 enim
2351 4557 2594 4624 quiidem
2623 4556 2762 4625 quod
2783 4556 3095 4608 Prwcursor
3125 4570 3310 4607 nomen
3335 4555 3519 4623 gessit,
3550 4554 3793 4625 familia-

2201 4660 2331 4713 riter
2361 4673 2492 4711 usus
2525 4671 2681 4733 sum;
2714 4663 2763 4708 et
2792 4654 3114 4708 avunculum
3141 4651 3304 4706 habui
3329 4653 3540 4706 nomine
3565 4651 3789 4714 Christi,

2204 4761 2362 4805 terra:
2396 4748 2640 4803 Russica:
2682 4747 2988 4817 prasidem,
3025 4762 3056 4798 a
3091 4744 3281 4813 quibus
3318 4754 3500 4799 sancte
3535 4746 3791 4799 educatus

2203 4842 2307 4911 fui.
2368 4838 2594 4904 Deinde,
2645 4838 2801 4893 rebus
2861 4835 3205 4891 terrestribus
3260 4839 3463 4890 cunctis
3518 4836 3791 4905 neglectis,

2204 4934 2413 4988 divinas
2457 4946 2790 5002 nequaquam
2833 4929 3077 5000 neglexi;
3121 4927 3212 4982 sed
3262 4929 3318 4980 in
3381 4929 3625 4983 omnibus
3675 4946 3794 4998 quae

2206 5024 2347 5079 scitu
2376 5023 2537 5092 digna
2559 5030 2704 5084 sunt,
2727 5021 3051 5086 instructus,
3078 5036 3141 5074 ea
3157 5021 3492 5074 solummodo
3523 5036 3641 5090 qua:
3668 5022 3796 5092 ﬁdei

2206 5117 2453 5189 proﬁcua
2476 5125 2624 5181 sunt,
2660 5118 2988 5181 conservavi,
3025 5115 3230 5169 caeteris
3267 5114 3417 5187 longe
3452 5115 3698 5183 abjectis,
3735 5134 3797 5172 ne

2210 5208 2414 5279 laqueis
2497 5206 2814 5277 multifariis
2889 5222 3127 5274 caperer,
3197 5215 3292 5261 aut
3364 5208 3799 5278 syllogismorum

2212 5297 2516 5369 labyrintho
2566 5299 2882 5365 inerrarem,
2935 5307 3028 5352 aut
3081 5298 3432 5354 conturbarer
3479 5299 3545 5352 ab
3594 5301 3662 5354 iis
3709 5301 3801 5368 qui

2223 5392 2389 5449 Verbo
2423 5394 2668 5461 cruciﬁxi
2693 5401 2838 5455 sunt,
2867 5403 2961 5447 aut
2985 5408 3079 5462 pro
3103 5393 3312 5448 homine
3331 5393 3452 5447 rudi
3485 5394 3724 5448 haberer.

2286 5483 2420 5540 Inde
2457 5486 2605 5540 nobis
2650 5500 2808 5553 opera
2844 5484 3191 5550 Aristotelis;
3225 5484 3348 5539 inde
3386 5485 3638 5539 Platonis
3675 5485 3805 5539 libri

2213 5576 2490 5641 sublimes,
2522 5577 2613 5646 qui
2645 5576 2709 5631 de
2734 5576 3071 5645 philosophia
3102 5588 3315 5632 natura:
3345 5586 3439 5631 aut
3471 5577 3535 5629 de
3566 5577 3803 5631 moribus

2215 5679 2262 5724 et
2292 5671 2590 5725 civitatibus
2618 5679 2874 5725 tractant.
2910 5668 2954 5725 Ο
2985 5686 3153 5725 sermo
3177 5675 3323 5740 fatue
3352 5683 3401 5727 et
3428 5672 3634 5740 (mide,
3661 5672 3752 5740 qui
3780 5687 3808 5723 e

2217 5760 2377 5814 labiis
2401 5764 2505 5815 tuis
2537 5762 2705 5816 exiit!
2739 5760 2783 5816 Ο
2820 5772 3046 5828 stercus,
3076 5762 3215 5833 quie
3254 5761 3502 5816 dentibus
3540 5761 3647 5815 tuis
3676 5776 3806 5829 pro-

2217 5854 2391 5908 venit!
2438 5853 2482 5910 0
2528 5854 2692 5923 fume,
2742 5858 2832 5925 qui
2885 5873 2913 5911 e
2960 5855 3197 5911 maxillis
3248 5856 3352 5912 tuis
3406 5856 3643 5928 eﬁiuxit.’
3687 5853 3809 5909 Tibi
