4078 6404
363 392 501 457 m3

358 515 474 560 ουκ
503 508 566 559 ὲκ
594 505 762 577 μόνης
791 506 1043 579 γλώσσης
1065 506 1175 579 γὰρ
1207 506 1240 577 ἠ
1274 504 1625 577 βλασφημία,

370 602 587 673 Ἐκτῆς
625 604 948 673 περισσείας
983 604 1040 658 δὲ
1066 604 1167 674 τῆς
1195 603 1298 672 σῆς
1323 603 1580 675 καρδίας.

358 697 433 751 Σὺ
470 698 715 766 κλήσεως
743 697 917 764 ἄξιος,
950 691 1017 769 ἧς
1064 697 1165 767 ἐμὲ
1193 695 1428 766 κρίνεις.

360 788 780 860 Είδωλολατρῶν
817 792 885 842 ὲκ
920 789 1264 861 φιλαργύρου
1297 787 1525 859 τρόπου.

363 883 521 935 Ποῖον
556 882 728 947 ξένον,
766 882 987 950 μάταιε,
1025 881 1266 945 πίστεως
1296 883 1548 953 κρίνεις;

362 976 466 1027 Τὸν
487 976 577 1028 τὸν
599 975 729 1028 Θεὸν
753 977 987 1028 πνέοντα
1025 976 1122 1028 καὶ
1166 975 1234 1028 τὰ
1263 974 1480 1045 βιόλία;

365 1069 473 1121 Kal
507 1070 572 1138 τῇ
609 1067 807 1138 Θελητῇ
839 1066 1143 1138 σύντροφον
1174 1068 1485 1139 κακουχίας

362 1161 432 1213 Ἢ
469 1160 560 1213 τὸν
592 1158 814 1229 βιοῦντα
845 1158 1140 1230 πτωχικιῖω
1180 1158 1241 1224 ἐξ
1270 1158 1558 1228 αἱμάτωνς

363 1255 471 1306 Καὶ
495 1251 1010 1323 παρακερδαίνοντα
1034 1251 1143 1305 τῶν
1179 1250 1551 1320 ἡλκωμένων;

434 1347 672 1398 Ἔπειτα
707 1345 802 1397 καὶ
830 1343 947 1407 πῶς
971 1342 1067 1397 καὶ
1092 1342 1240 1405 τίνος
1270 1342 1466 1413 τέχνης
1486 1341 1667 1411 λόγοις

361 1435 466 1488 Τὸν
497 1435 694 1506 εὐσεϐῆ
727 1436 791 1489 σὺ
823 1437 918 1488 καὶ
954 1435 1045 1488 τὸν
1072 1434 1133 1488 οὐ
1166 1432 1329 1488 τοῦτο
1366 1433 1605 1506 κρίνεις,
1693 1446 1703 1475 κ

366 1527 577 1599 Ἀῖδρις
598 1527 675 1581 ὢν
702 1527 951 1593 ,ἅπαντος
978 1527 1169 1591 ἁπλῶς
1196 1526 1406 1597 βιϐλίου
1443 1544 1459 1593 ;

361 1622 519 1684 Ποτος
540 1621 704 1690 σοφὸς
722 1621 978 1691 Μάξιμος
1009 1620 1298 1689 ὲστόμωσέ
1345 1636 1404 1673 σε
1426 1637 1442 1687 ;

362 1715 520 1776 Ποίος
553 1713 729 1783 μέγας
771 1713 1042 1785 Κύριλλος
1068 1715 1304 1786 ἡκόνησέ
1335 1731 1394 1768 σε
1421 1730 1437 1781 ;

366 1807 460 1869 Ὃς
485 1809 548 1860 το
584 1806 745 1862 πλέον
776 1809 875 1878 μὲν
900 1808 995 1861 τοῦ
1037 1808 1156 1876 βίου
1192 1808 1362 1876 σιγῶν
1407 1806 1617 1877 μένεις,

361 1901 429 1954 Εἴ
458 1919 561 1955 που
590 1903 647 1955 δὲ
673 1904 834 1974 τυχὸν
862 1904 960 1958 καὶ
990 1903 1211 1969 διοίξεις
1245 1903 1306 1956 τὸ
1345 1904 1545 1974 στόμα,

362 1997 538 2059 Εὐθὺς
562 1997 630 2049 τὰ
656 1996 934 2067 πανάρεια
969 1996 1255 2050 συλλαϐὼν
1298 1995 1504 2066 λέγεις.

362 2089 562 2154 Καθὼς
594 2093 966 2163 παριστόρητο
991 2091 1069 2161 τῷ
1102 2090 1410 2162 Λουκιλλίῳ

366 2181 432 2237 Ὅ
464 2184 859 2254 γραμματικὸς
893 2183 1164 2251 Φλάκκος,
1189 2183 1248 2247 ὃς
1276 2185 1489 2254 μέλλων
1525 2182 1728 2254 λέγειν,

374 2276 781 2348 Ἐὂαρῦάρισεν
809 2276 977 2341 εὐθὺς
1008 2276 1083 2342 ὡς
1114 2277 1180 2331 ὲκ
1204 2276 1484 2348 βαλϐίδος.

367 2360 579 2435 ’Ὄντως
614 2370 786 2443 βαρὺς
821 2371 907 2438 σὺ,
938 2372 1034 2424 καὶ
1063 2370 1245 2442 γεηρὰ
1270 2369 1491 2441 καρδία,

367 2467 467 2529 Ὃς
498 2466 592 2519 καὶ
626 2467 854 2519 σεαυτὸν
894 2465 1110 2534 ἀγνοεῖς
1143 2464 1234 2517 καὶ
1271 2464 1362 2516 τὸν
1396 2463 1567 2522 πέλας

376 2561 465 2617 Ἐν
487 2560 743 2615 ἐκστάσει
767 2559 824 2614 δὲ
859 2560 967 2616 τῶν
996 2556 1235 2631 φρενῶν,
1273 2560 1374 2613 οὐκ
1398 2559 1662 2613 ἐκστάσει

366 2655 500 2708 Οἵαν
519 2653 682 2708 Δαυῒδ
704 2653 963 2710 ἔκστασιν
984 2653 1176 2721 ἐξέστη
1196 2654 1388 2716 πάλαι,

366 2749 482 2812 Πᾶς
508 2747 778 2818 δυσσεϐὴς
799 2747 895 2803 ἄνθ
905 2765 1116 2819 ρωπος,
1145 2748 1397 2819 ἀφρόνως
1421 2745 1628 2812 λέγεις.

366 2840 519 2910 Πλὴν
551 2840 650 2892 κᾶν
681 2840 746 2894 σὺ
778 2839 975 2893 σαυτὸν
1003 2842 1227 2912 ἀγνοῇς,
1253 2839 1369 2893 ἀλλ’
1391 2838 1618 2893 αὐτόθεν

377 2933 442 2989 Ἡ
472 2930 667 3001 κλῆσις
689 2932 830 2999 αὑτὴ
865 2935 1138 3005 μαρτυρεῖ
1162 2949 1258 2985 σου
1285 2934 1387 3001 τὴν
1416 2932 1599 3001 φύσιν.

369 3026 441 3081 Τὸ
474 3027 589 3097 Bap
613 3027 723 3099 γὰρ
752 3026 868 3090 υἱός
901 3029 1050 3080 ἐστιν
1099 3025 1309 3080 Ἐλλάδι
1338 3027 1563 3096 φράσει,

367 3120 440 3173 Τὸ
464 3119 578 3190 Bap
621 3117 799 3185 Ἰωνᾶ,
832 3118 1045 3189 μάρτυς
1074 3115 1126 3171 εἷ
1160 3134 1261 3189 μου
1293 3116 1371 3189 τῷ
1398 3119 1565 3189 λόγῳ.

368 3210 475 3266 Τοῦ
501 3212 546 3264 δ’
576 3204 640 3275 ὗς
669 3211 941 3282 πρόδηλός
978 3211 1186 3282 ἐστινὴ
1224 3210 1518 3281 σημασία-

367 3306 565 3374 Χοῖρον
590 3303 699 3374 γάρ
724 3302 947 3374 ᾐνίξατο
973 3303 1090 3361 τοῖς
1122 3302 1501 3373 παλαιτέροις.

368 3398 443 3450 Τὸ
479 3396 661 3468 μίγμα
689 3395 733 3448 δ’
760 3396 969 3465 ἀμφοῖν
992 3396 1113 3449 ταῖν
1129 3395 1274 3449 δυεῖν
1300 3395 1633 3467 σημασίαιν.

371 3488 564 3551 Ὅστις
600 3487 721 3540 ποτ’
750 3482 844 3541 οὖν
876 3485 1140 3557 βούλοιτο,
1172 3487 1620 3559 συμπεραινέτω.

369 3580 623 3646 Τοιοῦτος
653 3579 727 3634 ὢν
755 3581 959 3651 γράφει
989 3598 1059 3650 με
1083 3580 1470 3647 κακοπιστίας,

368 3745 556 3801 merito
594 3744 649 3798 id
684 3742 897 3797 crimini
940 3743 1124 3799 datur.
1181 3740 1306 3797 Non
1359 3743 1500 3798 enim
1543 3759 1571 3798 e
1614 3743 1796 3814 lingua
1840 3744 1959 3800 sola

369 3836 662 3903 calumnia,
709 3834 800 3888 sed
854 3850 883 3888 e
935 3834 1091 3888 corde
1140 3834 1602 3904 superabundanti
1630 3835 1832 3903 prodit.
1876 3836 1957 3890 Tu

370 3945 499 3984 sane
524 3927 717 3998 dignus
752 3941 805 3981 es
841 3914 1053 3981 nomine
1102 3926 1243 3998 quod
1272 3928 1404 3981 mihi
1441 3927 1554 3997 ipse
1582 3926 1750 3992 indis,
1785 3936 1839 3981 tu
1865 3928 1955 3998 qui

372 4022 540 4087 turpis
566 4021 704 4075 lucri
728 4036 891 4074 causa
921 4021 1087 4074 Deum
1114 4019 1334 4074 adoras.
1361 4017 1527 4084 Quem
1557 4018 1662 4087 [ide
1692 4022 1959 4088 privatum

371 4114 505 4169 dicis
520 4115 546 4168 ?
568 4110 760 4167 Nonne
783 4128 900 4167 eum
923 4112 1013 4183 qui
1031 4112 1196 4165 Deum
1223 4118 1273 4164 et
1300 4107 1608 4181 Scripturas
1647 4112 1835 4181 spirat,
1868 4117 1963 4164 aut

373 4209 462 4278 qui
502 4216 684 4276 sponte
720 4205 928 4273 peccati
961 4219 1082 4257 reus
1128 4202 1339 4256 exsistit
1362 4241 1377 4266 ,
1432 4210 1524 4256 aut
1560 4218 1678 4256 eum
1716 4203 1805 4273 qui
1839 4217 1967 4254 san-

373 4301 582 4372 guinem
614 4314 905 4371 pauperum
940 4297 1090 4366 bibit,
1129 4307 1180 4352 et
1224 4312 1287 4352 ex
1317 4298 1543 4367 leprosis
1583 4299 1712 4367 ipsis
1748 4297 1957 4350 lucrum

374 4397 564 4468 quwrit
587 4393 613 4447 2

447 4489 566 4556 Quo
611 4485 733 4540 dein
772 4484 1030 4539 sermonis
1064 4483 1296 4551 artiﬁcio
1337 4483 1486 4552 pium
1522 4498 1585 4536 ac
1618 4481 1838 4550 impium
1862 4481 1961 4549 ju-

1544 391 1873 453 SCRIPTA
1929 391 2485 455 MISCELLANEA.

3498 382 3637 454 1414

1968 513 2016 571 Α
2048 506 2115 561 Ὠ
2144 508 2269 570 νοῦς
2299 506 2561 577 ἐλαφρὸς,
2597 505 2702 561 κᾶν
2722 506 2893 578 βαρὺς
2928 506 3106 578 μάτην
3129 505 3287 578 λέγῃ,

2047 601 2158 652 Καὶ
2188 600 2394 665 παντὸς
2425 600 2749 669 εὐρίπιστος
2779 602 2987 669 ἀνέμου
3022 600 3147 670 βίαι

2046 695 2110 746 Τί
2140 694 2183 745 δ’
2214 693 2280 747 ἄν
2306 711 2438 746 ποτε
2473 694 2585 765 γνῷ
2618 695 2980 764 δογματίζειν
3008 695 3101 747 καὶ
3135 692 3283 762 μέγα

2046 789 2269 842 Τοιοῦτο
2291 792 2498 857 γυμνὴν
2531 791 2624 842 καὶ
2654 789 3035 842 κακόπλαστον
3061 787 3244 856 κείρας

2057 880 2147 945 Ἐξ
2168 876 2228 935 οὗ
2266 882 2510 948 πέφευγε
2535 882 2628 934 καὶ
2661 883 2719 932 τὸ
2749 881 2857 933 τῶν
2891 878 3095 949 τριχῶν
3124 878 3282 945 γένος

2044 976 2223 1045 Μωρᾷ
2248 975 2457 1044 κεφαλῇ
2499 974 2573 1044 μὴ
2603 974 2846 1042 θελῆσαν
2876 975 3161 1043 ἐμμένειν.

2044 1072 2176 1134 Ναὶ,
2208 1074 2392 1140 φησὶν,
2422 1070 2538 1122 ἀλλ’
2580 1067 2834 1134 ἔπαιζον,
2877 1070 2978 1120 οὐκ
3020 1066 3352 1135 ἐλοιδόρουν,

2047 1165 2237 1230 Παίζει
2265 1165 2320 1217 δὲ
2349 1164 2441 1217 καὶ
2471 1162 2653 1232 γέρων
2674 1178 2759 1223 τις
2781 1176 2795 1190 ’
2824 1158 3001 1221 οὐδείς
3037 1176 3120 1220 τις
3155 1158 3378 1225 φθόνος.

2044 1258 2225 1325 Μὸγις
2255 1256 2378 1327 μὲν,
2401 1250 2446 1309 ὦ
2473 1255 2745 1325 βέλτιστε,
2778 1248 3098 1322 καὶμακρῷ
3131 1250 3331 1320 χρόνῳ.

2045 1352 2193 1421 Πλὴν
2216 1350 2329 1405 ἀλλ’
2360 1351 2602 1420 άρίστως
2632 1347 2727 1400 καὶ
2758 1344 2942 1408 καλῶς
2969 1342 3279 1413 ἀπεκρίνω,

2045 1448 2158 1500 Καὶ
2189 1446 2273 1508 τίς
2303 1445 2568 1514 σοφιστὴς
2602 1439 3077 1511 ἀνταποκρίναιτό
3105 1456 3189 1491 σοι
3215 1455 3230 1504 ;

2045 1539 2158 1592 Καὶ
2188 1536 2447 1606 παττάλῳ
2479 1533 2758 1588 πάτταλον
2784 1530 3081 1602 ὲκκρούσοι
3108 1530 3271 1598 λόγου
3297 1545 3314 1594 ;

2047 1631 2196 1702 Πλὴν
2222 1631 2338 1683 ἀλλ’
2366 1629 2474 1684 ἔδει
2501 1628 2560 1682 σὲ
2588 1626 2688 1696 τὴν
2716 1628 2849 1695 ὅλην
2880 1624 3194 1694 παροιμίαν

2058 1723 2146 1777 Ἐν
2185 1722 2261 1794 νῷ
2293 1721 2580 1793 βαλέσθαι,
2614 1718 2750 1790 μηδὲ
2781 1717 3010 1787 θάτερον
3054 1715 3241 1787 μέρος.

2118 1817 2384 1880 Παίζουσι
2419 1814 2519 1887 γὰρ
2544 1813 2823 1883 γέροντες,
2856 1810 2994 1864 ἀλλά
3026 1807 3325 1877 σωφρόνως
3348 1822 3366 1839 ·

2053 1910 2124 1963 Σὺ
2152 1909 2197 1963 δ’
2224 1911 2281 1962 ὲν
2308 1906 2450 1977 Θεῷ,
2479 1904 2705 1968 δείλαιε,
2735 1903 2946 1967 παίζων
2981 1901 3042 1954 οὐ
3065 1900 3317 1970 τρέμεις.

2054 2002 2290 2056 Παικτὸν
2318 2000 2379 2053 τὸ
2415 2000 2583 2064 θεῖον,
2614 1995 2709 2051 καὶ
2739 1996 2823 2058 τίς
2853 1993 2914 2046 οὺ
2947 1993 3169 2064 φρίσσει
3198 1991 3423 2058 κλύωνς

2053 2086 2300 2158 Παίζεις,
2330 2089 2539 2161 στερῶν
2571 2105 2636 2160 με
2666 2088 2777 2142 τῶν
2800 2087 3018 2141 ἐκεῖθεν
3054 2086 3314 2147 ἐλπίδων,

2052 2188 2301 2252 Παίζεις,
2332 2184 2499 2250 ξενῶν
2532 2200 2600 2252 με
2633 2182 2735 2253 τῆς
2764 2182 3005 2251 ἁνάρχου
3036 2178 3303 2249 Τριάδος’

2054 2280 2300 2345 Παίζεις,
2337 2277 2647 2334 ἀποκλείων
2673 2291 2742 2345 με
2777 2274 2875 2343 τῆς
2911 2272 3209 2344 σωτηρίας.

2055 2377 2128 2429 Σὺ
2158 2377 2250 2429 καὶ
2274 2358 2695 2442 κατάγχωνξκαὶ
2720 2368 2963 2440 μαχαίρᾳ
2985 2365 3253 2419 κτιννύων

2056 2471 2304 2535 Παίζεις,
2344 2467 2530 2537 λέγοις
2564 2465 2651 2520 ἄν.
2684 2462 2747 2517 Ei
2775 2463 2833 2516 δὲ
2866 2460 3042 2515 ταῦτα
3074 2457 3334 2522 παικτέα,

2066 2564 2157 2617 Ἐν
2185 2563 2269 2616 σοί
2298 2579 2362 2632 γε
2388 2563 2774 2634 παιχθείησαν,
2816 2563 2892 2625 ὡς
2920 2560 3104 2632 ἔργοις
3137 2560 3337 2631 μάθῃς,

2052 2650 2181 2710 Οἷον
2215 2655 2277 2709 τὸ
2307 2644 2529 2721 παίζειν
2560 2636 2666 2710 καί⁵
2689 2656 2749 2709 τὸ
2785 2654 3130 2726 βλασφήμως
3157 2652 3365 2720 λέγειν.

2054 2750 2186 2816 Ναὶ,
2220 2752 2417 2819 φησὶν,
2450 2748 2570 2804 ἀλλ’
2601 2751 2628 2803 ὁ
2654 2750 2787 2813 Χῖος
2811 2745 3073 2817 ἑξύῦρικέ
3110 2762 3193 2809 σε,

2060 2838 2160 2908 ⁸ος
2184 2842 2246 2896 οὐ
2279 2842 2459 2906 τεθείς
2490 2859 2583 2913 μοι
2607 2842 2706 2912 τῆς
2733 2841 3029 2913 συνηθείας
3053 2838 3238 2905 πλέον,

2057 2935 2407 3004 Κατηγορεϊν
2429 2950 2522 2986 σου
2553 2933 2852 3003 φληνάφως
2879 2931 3113 2986 πέπεικε
3139 2947 3233 3001 με.

2054 3028 2242 3097 Νόμον
2270 3027 2328 3080 δὲ
2353 3024 2545 3080 τοῦτον
2575 3020 2738 3079 οἶσθα
2767 3026 3115 3097 φιλοτησίας,

2056 3120 2298 3185 Μείζους
2330 3119 2530 3189 φιάλας
2562 3117 2901 3189 ἐγχωρεύειν
2929 3119 3044 3181 τοῖς
3082 3117 3286 3186 φίλοις.

1979 3198 2030 3266 C
2058 3214 2165 3269 Ναὶ
2196 3213 2389 3266 τοῦτον
2415 3208 2533 3265 οἶδα
2563 3210 2884 3282 φιλοτησίας
2910 3211 3101 3280 νόμον,

2065 3306 2209 3364 Ἀλλ’
2233 3305 2341 3360 ἔνθ’
2382 3306 2448 3359 ἂν
2478 3303 2641 3367 αὐτὸς
2671 3305 2753 3369 είς
2781 3304 2841 3358 τὸ
2865 3304 3082 3358 δεῖπνον
3107 3303 3319 3376 ίζάνῃςο

2058 3403 2156 3455 ’Ἐν
2188 3401 2298 3470 γὰρ
2320 3398 2559 3468 λογικῶν
2585 3397 2885 3468 συμποτῶν
2918 3397 3184 3468 συνεδρίῳ

2055 3492 2207 3564 Νικᾷ
2235 3491 2398 3559 λόγου
2439 3490 2699 3561 κέρασμα
2734 3489 2835 3560 τὴν
2868 3489 3016 3542 οίνου
3057 3490 3243 3542 πόσιν.

2059 3584 2182 3639 Κᾶν
2220 3583 2385 3638 τοῦτο
2413 3583 2459 3638 δ’
2488 3585 2553 3638 ἂν
2580 3582 2830 3654 δοίημεν,
2871 3582 2983 3638 οὐδ’
3021 3583 3166 3636 οὕτω
3196 3583 3362 3636 πάλιν

2064 3747 2228 3803 uolet.
2264 3744 2342 3800 Tu
2369 3745 2556 3817 igitur,
2586 3745 2679 3814 qui
2711 3742 2837 3797 talis
2859 3759 2937 3807 es,
2967 3741 3128 3812 ﬁdem
3160 3760 3331 3798 meam
3355 3754 3651 3811 suspectam

2066 3839 2268 3894 reddis.
2298 3836 2342 3893 0
2367 3853 2508 3892 mens
2539 3836 2740 3906 futilis,
2772 3835 2891 3888 licet
2920 3851 3016 3902 pro
3047 3835 3258 3889 homine
3280 3836 3431 3904 gravi
3459 3835 3656 3889 habea-

2063 3932 2139 3985 ris
2166 3972 2181 3995 ,
2240 3946 2270 3984 ο
2315 3928 2477 3996 ﬁdem
2524 3937 2674 3981 tuam
2720 3925 3034 3980 ventosum!
3080 3924 3224 3991 Quid
3260 3926 3425 3994 igitur
3473 3928 3656 3996 magni

2062 4018 2329 4088 ingenium
2370 4015 2501 4069 adeo
2543 4029 2762 4082 pravum
2805 4021 2855 4066 et
2904 4012 3045 4066 ntale
3084 4014 3375 4084 formatum
3417 4029 3654 4083 unquam

2065 4109 2250 4162 docere
2305 4106 2519 4174 poterit,
2570 4105 2654 4157 cui
2702 4104 2872 4158 crines
2922 4105 3028 4173 ipsi
3071 4103 3655 4166 ualedixerunt,stutto

2068 4202 2234 4270 capiti
2276 4199 2458 4254 nolens
2505 4197 2734 4267 amplius
2791 4197 2982 4252 inesse.
3032 4195 3120 4250 Ita
3167 4205 3266 4264 est,
3314 4196 3526 4266 inquit;
3558 4196 3652 4250 sed

2063 4295 2332 4357 ludebam,
2371 4309 2477 4345 non
2505 4290 2901 4345 calumniabar.
2939 4289 3102 4343 Ludit
3138 4305 3256 4343 vero
3292 4292 3459 4343 etiam
3490 4308 3654 4345 senex

2061 4387 2305 4457 quidam,
2347 4387 2460 4438 sine
2500 4384 2719 4448 invidia,
2769 4398 2799 4435 o
2826 4381 2977 4445 bone,
3010 4390 3061 4435 et
3104 4381 3314 4449 paucis.
3364 4378 3441 4432 Tu
3471 4391 3651 4435 autent

2064 4484 2193 4536 scite
2241 4490 2290 4534 et
2332 4478 2623 4548 prudenter
2673 4473 3021 4543 respondisti.
3081 4472 3217 4539 Quis
3265 4475 3651 4540 autentjphilo-

373 4582 547 4648 dicas,
597 4589 653 4632 tu
690 4580 779 4648 qui
822 4579 954 4631 nihil
983 4591 1201 4644 prorsus
1243 4575 1527 4629 didicisti?
1559 4573 1658 4629 Ubi
1692 4575 1962 4630 Maximus
1995 4587 2039 4642 ι)
2068 4571 2264 4643 sophus
2310 4571 2402 4623 tibi
2442 4577 2651 4637 reponet
2678 4567 2727 4635 η
2750 4573 2844 4618 aut
2906 4566 3024 4635 quis
3082 4564 3387 4617 disserendo
3442 4563 3654 4619 clavum

374 4674 711 4728 doctissimus
735 4678 783 4724 te
799 4670 1025 4725 erudivit
1042 4671 1069 4725 2
1093 4668 1187 4722 ubi
1210 4685 1433 4738 magnus
1452 4666 1688 4739 Cyrillus
1713 4669 1961 4722 doctrina

378 4775 427 4820 te
451 4764 683 4821 imbuit?
718 4764 790 4816 Tu
822 4762 963 4817 enim
996 4763 1288 4816 maximam
1340 4762 1463 4814 vitae
1493 4772 1701 4829 partem
1747 4761 1961 4815 silentio

380 4858 654 4928 transigis,
689 4867 737 4911 et
762 4857 809 4911 si
843 4853 1056 4926 quando
1086 4871 1144 4909 os
1169 4854 1370 4923 aperis,
1392 4853 1758 4921 jactabundus
1785 4855 1962 4925 loque-

349 4954 477 5018 ‘ris,
517 4959 575 5004 ut
628 4945 865 5002 Lucilius
907 4947 1071 5015 fecit;
1111 4962 1170 5000 ut
1208 4944 1442 5000 Flaccus
1489 4947 1868 5016 grammaticus
1908 4947 1964 5000 in
1998 5000 2017 5011 κ

382 5044 638 5113 loquendo
676 5056 842 5099 rauco
872 5051 1081 5110 gutture
1108 5040 1263 5094 verba
1294 5037 1617 5108 proferebat.
1661 5036 1704 5090 T
1706 5054 1741 5091 ιι
1785 5047 1964 5092 autem

383 5153 565 5210 reuera
635 5133 794 5190 labiis
851 5140 1037 5200 captus
1091 5137 1249 5186 corde
1316 5149 1371 5186 es
1421 5132 1672 5202 pinguis;
1721 5142 1771 5184 te
1825 5133 1965 5185 enim

380 5234 551 5301 ipsum
592 5243 699 5283 non
740 5225 903 5292 nosti,
943 5232 995 5279 et
1022 5225 1323 5292 proximum
1355 5225 1596 5293 ignoras.
1655 5223 1725 5278 In
1763 5224 1964 5277 exstasi

382 5327 593 5397 quidem
623 5339 680 5380 es
737 5332 815 5385 tu,
854 5335 960 5375 non
996 5333 1117 5373 vero
1150 5332 1216 5372 ea
1250 5333 1410 5387 quam
1450 5318 1678 5373 Davides
1711 5319 1838 5373 olim
1870 5333 1965 5372 ea:-

381 5427 561 5489 pertus
587 5422 688 5470 est.
717 5412 904 5470 Omnis
934 5412 1091 5465 homo
1117 5409 1332 5479 impius,
1381 5418 1440 5462 tu
1468 5411 1625 5474 dicis,
1661 5419 1708 5464 et
1740 5412 1965 5479 teipsum

382 5511 528 5566 haud
554 5508 826 5580 cognitum
852 5506 1037 5561 habes.
1066 5503 1173 5560 Sed
1206 5500 1704 5568 denominatioipsa
1731 5500 1966 5555 indolem

385 5617 535 5661 tuam
577 5610 823 5658 testatur.
866 5598 978 5654 Bar
1010 5598 1150 5652 enim
1184 5609 1356 5666 grceco
1390 5608 1633 5648 sermone
1679 5593 1826 5662 ﬁlius
1862 5604 1962 5660 est,

383 5709 441 5754 stt
483 5695 595 5750 Bar
629 5691 791 5748 Iona.
830 5690 899 5744 Et
927 5690 1039 5744 suis
1072 5686 1285 5759 quidem
1315 5685 1639 5756 signiﬁcatio
1681 5684 1967 5753 manifesta

386 5801 494 5856 est;
519 5801 708 5859 porcus
742 5783 878 5839 enim
905 5781 1045 5851 apud
1071 5781 1317 5851 antiquos
1347 5778 1451 5832 isto
1477 5776 1729 5833 vocabulo
1759 5777 1966 5832 indica-

389 5882 564 5935 batur.
603 5875 813 5931 Harum
866 5873 1093 5928 duarum
1124 5887 1307 5929 vocum
1348 5873 1636 5926 mixturam
1677 5869 1844 5939 faciat
1876 5873 1966 5936 qui

2065 4665 2213 4718 clavo
2246 4661 2548 4731 pepulerit?
2584 4657 2688 4713 Sed
2725 4667 2773 4712 te
2814 4668 2981 4710 totam
3015 4656 3354 4725 parcemiam,
3392 4672 3494 4709 non
3526 4671 3653 4722 par-

2065 4768 2186 4822 tem,
2216 4757 2270 4811 in
2299 4763 2468 4809 mente
2501 4768 2693 4822 ponere
2729 4751 2967 4806 decebat.

2139 4848 2300 4904 Senes
2339 4845 2549 4917 quidem
2586 4843 2800 4906 ludunt,
2837 4844 2929 4897 sed
2972 4857 3091 4895 cum
3134 4843 3445 4909 prudentia.
3475 4841 3578 4907 Tu,
3624 4858 3656 4898 ι

2067 4952 2274 5003 contra,
2318 4956 2398 4993 res
2433 4939 2643 4991 divinas
2679 4950 2775 5005 pro
2818 4932 3052 4986 luaibrio
3088 4931 3281 4984 habere
3328 4947 3432 4984 non
3470 4931 3654 4985 horre-
3688 4957 3699 4970 -

2066 5037 2194 5098 scis,
2216 5032 2356 5104 quod
2382 5032 2459 5087 rel
2485 5032 2714 5100 referens
2737 5045 2831 5099 ego
2853 5029 3138 5082 horresco?
3159 5026 3232 5079 Tu
3257 5026 3421 5088 ludis,
3452 5027 3655 5081 caelesti

2067 5145 2158 5198 spe
2198 5125 2460 5182 Trinitate
2509 5140 2625 5195 qua:
2668 5122 2781 5175 sine
2829 5121 3090 5190 principio
3123 5128 3222 5184 est,
3276 5135 3356 5173 me
3404 5120 3648 5187 privans,

2068 5221 2297 5277 salutem
2331 5218 2458 5273 mihi
2490 5216 2738 5285 eripiens.
2774 5209 2853 5266 Tu
2884 5210 3071 5265 ludum
3101 5212 3342 5280 appellas
3395 5223 3651 5281 strangu-

2070 5314 2175 5367 lari
2207 5323 2253 5366 et
2301 5312 2442 5381 [erro
2491 5311 2752 5371 occidere;
2783 5305 2976 5375 quodsi
3014 5304 3112 5358 hoc
3143 5303 3324 5357 ludere
3366 5313 3467 5369 est,
3502 5305 3558 5357 in
3602 5312 3652 5358 te

2068 5406 2170 5459 iste
2221 5404 2381 5457 ludus
2434 5401 2615 5466 cadat,
2665 5399 2927 5452 utdiscas
2959 5411 3013 5450 re
3051 5398 3193 5465 ipsa,
3222 5396 3350 5464 quid
3379 5397 3480 5450 sibi
3527 5395 3649 5450 velit

2070 5482 2250 5559 ludere
2283 5506 2334 5547 et
2369 5490 2720 5547 calumniari.
2774 5491 2865 5554 At,
2922 5488 3115 5555 inquit,
3148 5488 3341 5541 Chium
3388 5489 3564 5543 vinum
3595 5500 3646 5545 te

2068 5587 2382 5641 insolentem
2440 5582 2586 5651 fecit,
2637 5579 2779 5650 quod
2832 5578 3039 5641 copiose
3093 5587 3364 5646 sumptunt
3430 5578 3501 5631 ad
3555 5578 3653 5631 tibi

2068 5679 2404 5734 irridendum
2439 5691 2518 5728 me
2567 5672 2765 5742 adegit.
2801 5670 2988 5742 Legem
3047 5672 3187 5725 nosti
3229 5672 3652 5739 propinatorum,

2067 5787 2185 5842 qua:
2214 5766 2568 5834 capacissima
2617 5764 2805 5817 amicis
2853 5762 3047 5830 pocula
3092 5762 3292 5832 θίγενιῖ
3339 5761 3481 5819 Noui
3529 5777 3657 5817 sane

2068 5863 2204 5916 hanc
2237 5865 2422 5929 legem.
2465 5856 2568 5914 Sed
2613 5866 2668 5910 tu
2697 5856 2874 5924 potius
2919 5852 2986 5908 ad
3019 5854 3313 5909 convivium
3338 5854 3563 5919 accede;
3601 5852 3672 5919 in,
