4078 6394
363 361 498 427 1417

1511 348 1832 413 SCRIPTA
1893 343 2447 410 MISCELLANEA.

3506 333 3647 405 1418

359 483 497 537 υὺδέ.
516 482 562 535 τ’
597 482 770 550 ’Ἄρης
800 477 1142 551 βροτολοιγδ;
1165 475 1302 546 εμὰς
1333 472 1668 542 ἀπενόσφισε
1697 473 1913 543 χεῖρας.
1979 474 2028 531 Α
2066 463 2438 521 Ἦδυεπειὰωι
2472 478 2533 515 τε
2579 461 2675 515 καὶ
2702 458 2999 532 ἀμνμόνων
3052 456 3345 551 ὲφετμάῳν

435 572 610 645 Οἷδμα
634 572 688 626 δέ
720 573 775 644 μ’
800 573 1100 643 ἀτρυγέτου
1131 570 1341 640 πέφνεν
1374 566 1499 632 ἁλὸς
1537 566 1752 637 μέλεον.

362 668 597 736 Κύμασι
625 666 733 738 γὰρ
770 665 1027 737 μαχόμην
1058 662 1328 734 ὲῡσέλμου
1370 659 1542 715 ἔνδοθι
1566 658 1716 730 νηὸς,

434 759 582 830 Νηὸς
613 756 999 828 ύγροσκελέος,
1034 754 1165 826 νηὸς
1196 752 1573 824 ἀελλομάχου·

377 851 667 923 ’Υγρόὸιον
700 850 756 904 δὲ
786 849 940 919 γένος
972 850 1069 903 καὶ
1099 848 1515 919 είναλινήχυτος
1552 843 1707 915 ἰχθὺς

446 944 762 1015 Ἀμετέρων
795 944 1010 1016 κεράων
1044 940 1239 1011 ζεῦγος
1277 941 1621 1011 έθοινήσατο.

379 1037 553 1107 ’ἰχθὺς
579 1035 857 1089 δαίννυται
884 1034 1055 1105 ἄνδρα
1077 1051 1091 1065 ·
1123 1032 1263 1105 ἀνὴρ
1292 1033 1339 1086 δ’
1358 1029 1745 1086 ἀναδαίννυται
1778 1025 1951 1097 ἰχθύν·

442 1133 648 1200 Ἀμφω
672 1129 1020 1201 δαιτυμόνες,
1047 1127 1092 1183 ὣ
1120 1129 1313 1195 πόποι,
1343 1124 1697 1198 ἀμφοτέρων.

367 1225 542 1288 Esi-is,
579 1225 644 1278 σὺ
673 1224 719 1279 δ’
748 1223 819 1295 ἂρ
859 1224 1170 1290 γενέταισιν
1186 1223 1342 1293 ἐμοῖς
1373 1219 1485 1291 ἐμὰ
1513 1216 1717 1290 ῥήματ’
1744 1214 1953 1273 ἔνισπε·

442 1316 751 1388 Γουνοῦμαι
782 1318 876 1371 καὶ
903 1316 1064 1388 ἄχειρ
1087 1331 1102 1347 ·
1133 1315 1355 1386 λίσσομ’
1383 1312 1616 1377 ἄναυδος
1641 1310 1746 1367 ῑών
1766 1327 1782 1344 ·

375 1425 393 1458 ι
432 1408 749 1477 Δυστυχεῖς,
783 1405 1069 1461 παύσασθε
1093 1406 1377 1477 τραπέζης
1408 1402 1754 1475 ίχθυοέσσηςν

446 1519 464 1549 σ
508 1499 732 1569 Λείψαίγ
762 1499 1058 1571 ἁλιτρεφέα
1099 1498 1217 1565 ζῶα
1246 1498 1666 1568 θαλασσοπόρα·

378 1612 396 1644 ι
437 1593 529 1662 Μή
558 1592 676 1645 ποτ’
707 1594 875 1663 ἐμοὺς
901 1592 1230 1663 ἀπροόπτως
1252 1591 1554 1657 θοινίζεσθε
1590 1592 1820 1662 φονῆας,

445 1702 464 1734 ‹
504 1684 615 1736 Καί
649 1700 716 1754 με
745 1684 947 1756 λάθητε
978 1685 1136 1737 τόκον
1156 1683 1473 1754 δαινύμενοι
1509 1683 1775 1754 σφέτερον
1796 1699 1809 1714 ·

378 1792 397 1825 ι
437 1777 638 1847 Μήτηρ
684 1774 761 1844 θ’,
808 1777 843 1847 ἦ
884 1778 939 1847 μ’
967 1776 1283 1849 ὲλόχευσας,
1304 1777 1450 1841 ἕλοις
1472 1775 1639 1831 πάλιν
1660 1775 1835 1830 ἔνδοθι
1857 1792 1958 1846 γα·

1676 1867 1884 1941 [στρὸςν

451 1980 470 2011 ε
509 1960 656 2014 Ζωον
684 1961 1010 2032 γειναμένη.
1038 1961 1346 2033 δεχνυμένη
1372 1962 1430 2016 δὲ
1455 1962 1644 2016 νέκυν.
1682 1978 1703 2012 ι

516 2051 619 2121 Είς
646 2055 751 2108 τὸν
777 2056 1074 2124 μοναχὸν,
1103 2054 1293 2125 κῦρον
1322 2056 1686 2112 ἰωαννίκιον
1711 2055 1809 2127 (1).

370 2147 447 2198 Οὐ
485 2145 561 2214 μᾶ
594 2148 673 2211 σὲ,
715 2148 863 2217 κάρα
893 2147 1047 2216 φίλον
1070 2163 1085 2180 ·
1132 2150 1191 2202 σὲ
1220 2149 1329 2221 γὰρ
1359 2149 1565 2221 όμνυμι
1609 2150 1796 2222 ὅρκιον
1823 2150 1962 2224 ίρδν,

383 2239 544 2292 Ἢΰτε
578 2241 902 2312 Πυθαγόρας
926 2245 1251 2314 τετρακτὺν,
1286 2246 1379 2299 καὶ
1416 2244 1619 2313 Στυγὸς
1651 2244 1797 2316 ὕδωρ

372 2333 692 2386 Ψευδοθέων
723 2335 900 2407 ἀγορὴ
934 2335 1112 2389 σέ6εθ’
1143 2336 1310 2408 ἱερὸν,
1345 2333 1459 2408 εῐχε
1482 2338 1527 2391 δ’
1555 2339 1613 2403 ἔς
1642 2339 1827 2410 ὅρκον,

368 2425 547 2493 Λῲστ⁹
587 2426 908 2495 Ἰωαννίκιε,
946 2429 1105 2493 κῦδος
1130 2431 1394 2503 γενέθλης
1417 2432 1714 2504 μεροπείης
1739 2448 1753 2463 ·

370 2517 469 2580 UO,
503 2518 580 2587 μὰ
607 2518 687 2583 σὲ,
723 2518 785 2572 ού
823 2519 1066 2592 λαθόμην
1099 2522 1363 2593 ὀμιλιάων
1388 2541 1446 2577 τε
1472 2523 1649 2592 λόγων
1678 2541 1761 2590 τε,

374 2685 526 2739 Μαιέ
582 2686 901 2740 mortalibus
948 2688 1297 2755 perniciosus,
1332 2690 1579 2744 manibus
1622 2705 1704 2744 me
1741 2689 1970 2759 privavit

374 2780 524 2833 meis.
566 2777 792 2832 Fluctus
820 2779 1063 2848 nefastus
1096 2781 1264 2835 maris
1291 2783 1541 2838 immensi
1588 2798 1669 2837 me
1709 2783 1969 2839 enecauit.

373 2872 507 2925 Cum
543 2871 701 2925 undis
728 2872 869 2926 enim
913 2874 967 2928 in
997 2875 1121 2928 navi
1145 2886 1299 2930 stans
1346 2875 1475 2931 bene
1523 2885 1841 2932 constructa
1867 2888 1975 2949 pu-

377 2966 557 3037 gnari.
586 2965 763 3023 Genus
802 2968 1100 3034 marinum,
1153 2969 1321 3037 piscis
1361 2970 1549 3025 ambas
1598 2972 1732 3026 mihi
1782 2988 1975 3028 manus

375 3064 645 3118 mordicus
693 3062 942 3118 abscidit.
975 3062 1152 3118 Piscis
1189 3064 1362 3119 virum
1401 3064 1666 3131 devorat;
1720 3065 1803 3120 vir
1843 3065 1980 3121 invi-

375 3172 485 3232 cem
507 3158 707 3224 piscem
726 3157 858 3223 edit,
892 3157 1092 3212 mutuis
1116 3174 1173 3212 se
1192 3157 1442 3213 dentibus
1468 3170 1860 3229 persequentes.

451 3247 554 3314 Tu,
599 3249 896 3318 peregrine,
935 3250 1246 3318 parentibus
1282 3251 1412 3304 meis
1441 3249 1610 3305 hwcce
1649 3250 1807 3308 verba
1834 3251 1973 3322 refe-

2058 559 2167 629 Σῆς
2201 555 2651 628 ἁγανοφροσύνης
2672 571 2686 585 ·
2718 553 2751 626 ἢ
2780 554 2887 624 γὰρ
2929 552 3024 608 καὶ
3054 550 3188 623 ἐμοῦ
3218 549 3572 625 λελαθοίμην.

2071 651 2234 706 Ἀλλά
2266 668 2333 721 με
2370 652 2560 714 νοῦσος
2594 648 2771 721 ἔρεξε,
2806 647 2980 702 νόσων
3004 647 3284 717 examen)
3319 645 3519 712 ἄλλων,

2060 744 2170 796 Καὶ
2202 742 2441 813 μελεδὼν
2475 741 2667 813 μυρίη,
2695 739 2789 794 καὶ
2813 738 3075 809 ἀπείριτα
3105 737 3329 810 κύματα
3353 736 3555 809 λύπης,

2060 835 2270 907 ’Ὑδρης
2291 834 2566 905 ὀψιγόνοιο
2594 832 2910 888 πολύπλοκα
2937 831 3073 889 ἄλλα
3105 832 3323 902 κάρηνα
3349 847 3364 863 ·

2061 928 2249 984 Τοῖσιν
2271 927 2384 996 ἐγὼ
2413 925 2507 981 σεῦ
2537 925 2730 981 ἄνευθε
2764 928 2993 998 μακροῖς
3013 925 3118 980 ύπδ
3143 925 3319 997 ἧμασι
3346 925 3555 997 μίμνω,

2062 1024 2199 1079 Οὲδέ
2233 1040 2290 1077 τε
2321 1022 2663 1094 λησμοσύνῃ.
2696 1022 2768 1076 Σὺ
2802 1019 2846 1075 δ’
2877 1020 3124 1085 όνειδίοις
3147 1020 3402 1075 ἐπέεσσιν

2059 1112 2238 1188 Ἧτορ
2278 1116 2411 1187 ὲμὺν
2440 1116 2810 1188 περίτρωσας,
2838 1113 3141 1187 ἀχνύμενος
3164 1114 3224 1168 οὐ
3256 1115 3404 1184 σάφα
3429 1114 3607 1189 ταύτῃ
3632 1131 3648 1146 ·

2066 1212 2139 1265 Ἤ
2173 1208 2228 1281 μ’
2253 1209 2503 1263 ἐπέοικεν
2536 1208 2827 1281 ἄχνυσθαι,
2857 1207 2886 1261 ὃ
2923 1207 3000 1280 μὴ
3029 1208 3284 1263 νοσέοντα
3316 1207 3506 1273 ἔειδες,

2065 1306 2138 1360 Ἥ
2169 1321 2250 1375 τῳ
2280 1302 2437 1358 ταῦθ’
2467 1304 2810 1376 ἁμάρτομεν,
2843 1301 2985 1368 οὐδὲ,
3012 1302 3199 1367 νόσους
3237 1302 3581 1373 παριδόντες,

2074 1400 2247 1470 Ἀμφὶ
2278 1397 2341 1452 σὲ
2381 1397 2778 1470 βαδισάμεσθα,
2808 1396 2881 1469 ἐῷ
2902 1397 2947 1452 δ’
2988 1396 3363 1468 ὲπιμίμνομεν
3384 1397 3543 1466 οἴκῳ.

2061 1491 2219 1546 Τίπτ’
2255 1492 2521 1551 ἀτέλεστα
2570 1510 2662 1565 μοι
2692 1491 2802 1564 ἄρα
2831 1490 3100 1564 χολώσεαι
3126 1509 3144 1561 ;
3176 1492 3252 1547 Οὐ
3285 1492 3450 1562 ξσάφα
3490 1488 3609 1548 οῖδα
3631 1508 3648 1527 ·

2063 1586 2170 1660 Σὴν
2203 1587 2433 1659 κραδίην
2459 1588 2568 1660 γὰρ
2601 1587 2797 1658 ἔγνων,
2837 1591 2933 1642 καὶ
2958 1587 3168 1643 ὀνείδεα
3198 1588 3373 1661 σεμνὰ
3404 1589 3609 1662 φιλίης.

2362 1684 2617 1752 Αῑνιγμα
2658 1683 2747 1749 είς
2795 1680 2911 1751 τὴν
2948 1681 3221 1752 νεφέλην
3243 1681 3345 1753 (2).

2062 1773 2222 1839 Υίέος
2252 1775 2527 1848 ἡμετέρου
2559 1792 2629 1846 με
2661 1776 2966 1847 φιτύσσατο
2998 1776 3086 1830 δῖα
3117 1775 3400 1847 θυγάτηρ·

1990 1885 2035 1943 Β
2134 1868 2290 1942 Ἠέρι
2315 1868 2361 1923 δ’
2391 1868 2663 1941 ἀμπελάω
2691 1866 2771 1940 τῷ
2802 1867 3222 1941 περιγειοτέρῳ.

2064 1960 2187 2021 Υἴιν
2215 1966 2346 2038 ἐμὸν
2372 1964 2663 2036 λαγόνεσσι
2694 1966 3009 2038 φορευμένη
3029 1967 3147 2039 είμὶ
3176 1968 3272 2022 καὶ
3299 1967 3438 2040 αύτή
3466 1984 3482 1998 ·

2134 2060 2241 2115 Τὸν
2274 2060 2333 2116 δέ
2357 2078 2414 2115 τε
2441 2060 2765 2132 γειναμένη,
2803 2061 3065 2135 ὃλλυμαι·
3095 2062 3155 2127 ὃς
3174 2062 3235 2117 δὲ
3266 2062 3481 2135 βροτοῖς

2065 2150 2273 2222 Λοιμοῦ
2302 2151 2589 2223 ἀργαλέοιο
2611 2151 2903 2217 δυσαλθέος
2925 2154 3075 2207 ἐστὶν
3099 2152 3355 2225 ἀκέστωρ
3370 2160 3407 2196 '1

2138 2243 2246 2296 Τὸν
2271 2243 2434 2315 γενεὴ
2463 2244 2718 2314 μερόπων
2749 2245 2782 2316 ἡ
2811 2244 3252 2317 δυσαρεστοτάτη

2068 2336 2180 2391 Καί
2210 2353 2271 2390 τε
2303 2338 2535 2407 μάλιστα
2572 2339 2741 2408 φιλεῖ,
2776 2343 2871 2392 καὶ
2900 2339 3274 2413 ἀπεχθαίρῃσι
3308 2337 3567 2411 μάλιστα.

2144 2431 2318 2486 Γνῶθι
2347 2450 2436 2503 με,
2472 2433 2556 2498 τίς
2585 2433 2806 2501 τελέθω,
2838 2433 2897 2487 ὃν
2918 2433 3098 2500 τέκον,
3131 2435 3190 2500 ὃς
3223 2452 3294 2506 με
3321 2432 3498 2490 τέκεν.

2070 2704 2343 2763 ceptorum
2370 2696 2715 2765 prudentium
2734 2712 2851 2766 quae
2865 2695 2960 2752 abs
2988 2703 3036 2750 te
3050 2702 3325 2761 emanant,
3344 2710 3531 2768 expers
3542 2714 3663 2755 esse

2074 2787 2254 2842 uelim.
2308 2785 2416 2843 Sed
2445 2787 2660 2843 morbus
2694 2802 2775 2842 me
2812 2788 3063 2843 excitavit
3086 2786 3416 2859 perniciosus
3444 2797 3493 2843 et
3516 2805 3663 2846 cura:

2077 2888 2360 2948 sexcentos,
2383 2889 2433 2937 et
2465 2897 2832 2937 cerumnarum
2867 2880 3156 2936 multitudo
3188 2880 3495 2949 innumera,
3526 2883 3666 2940 sicut

2078 2974 2261 3043 capita
2298 2974 2483 3044 hydra:
2504 2975 2860 3030 renascentia.
2888 2973 3002 3042 Sic,
3042 2974 3120 3029 tui
3158 2975 3304 3029 haud
3355 2976 3662 3043 immemor,

2082 3065 2271 3137 longos
2301 3068 2457 3121 traho
2482 3065 2620 3122 dies.
2654 3064 2733 3121 Tu
2764 3077 2941 3121 autem
2971 3082 3064 3123 cor
3095 3082 3271 3122 meum
3310 3068 3481 3124 verbis
3530 3070 3665 3126 diris

2079 3160 2373 3216 vulnerasti
2397 3159 2709 3226 crudeliter,
2748 3168 2842 3214 aut
2870 3160 2999 3231 quia
3022 3176 3103 3215 me
3136 3161 3404 3230 offendere
3433 3162 3530 3216 tibi
3550 3163 3666 3234 pla-

2078 3252 2212 3318 cuit,
2262 3260 2356 3305 aut
2397 3251 2522 3323 quia
2547 3267 2627 3306 me
2651 3258 3002 3321 wgrotantem
3042 3249 3373 3321 ignorabas;
3404 3259 3665 3319 attamen,

377 3358 494 3405 res;
525 3342 722 3396 exaudi
752 3358 835 3397 me
866 3343 1115 3398 manibus
1136 3344 1428 3413 privatum,
1461 3341 1755 3413 supplicor,
1779 3359 1967 3414 pressa
1996 3341 2039 3364 ν
2072 3344 2194 3399 licet
2243 3350 2589 3414 wgrotantes,
2639 3343 2708 3397 ad
2742 3351 2790 3396 te
2822 3358 2927 3397 non
2960 3341 3318 3414 confugimus,
3362 3343 3468 3396 imo
3521 3344 3667 3399 domi

377 3450 499 3490 socc
528 3451 545 3489 :
576 3434 855 3504 Infelices,
894 3452 927 3489 a
959 3451 1141 3490 mensa
1170 3436 1384 3505 piscosa
1417 3435 1705 3498 abstinete;
1750 3435 1968 3491 anima-

377 3529 454 3581 lia
503 3530 717 3582 marina
758 3528 877 3599 jam
929 3545 1035 3584 non
1078 3528 1422 3597 manducate,
1448 3544 1510 3583 ne
1534 3527 1676 3599 forte
1704 3529 1967 3583 occisores

379 3638 521 3676 meos
550 3621 724 3677 edatis
759 3632 809 3676 et
838 3625 1111 3692 propriam
1138 3623 1342 3694 prolem
1399 3624 1457 3677 in
1482 3626 1816 3678 stomachum
1846 3622 1969 3675 mit-

378 3719 508 3771 tatis
544 3726 799 3782 vestrum,
835 3728 886 3774 et
936 3736 1000 3774 ne
1046 3728 1125 3788 tu,
1151 3728 1345 3787 mater,
1372 3734 1492 3774 eum
1518 3719 1689 3775 denuo
1726 3719 1783 3774 in
1815 3728 1965 3776 utero

381 3814 651 3863 martuum
686 3812 979 3881 concipias,
1007 3829 1163 3882 quem
1187 3812 1360 3867 vivum
1398 3812 1456 3867 in
1485 3810 1656 3868 lucem
1687 3811 1929 3868 edidisti.

571 3900 654 3955 Ad
692 3904 1027 3959 monachum
1059 3906 1346 3961 dominum
1379 3902 1757 3963 Joannicium.

458 3992 604 4049 Proh
648 3995 807 4064 fidem
853 4005 1026 4061 tuam,
1067 3999 1295 4052 charum
1342 4006 1504 4066 caput
1540 4012 1560 4052 :
1593 4013 1687 4067 per
1730 4006 1781 4053 te
1825 4000 1968 4055 enim

377 4085 757 4154 jusjurandum
811 4104 1026 4143 sacrum
1071 4089 1239 4159 facio,
1290 4090 1431 4145 sicut
1479 4088 1821 4161 Pythagoras
1871 4104 1966 4165 per

383 4189 701 4243 quaternum
740 4194 1048 4259 numerum,
1081 4189 1175 4235 aut
1224 4179 1445 4236 deorum
1483 4181 1674 4237 chorus
1710 4196 1804 4251 per
1842 4170 1969 4252 Sty-

386 4274 504 4344 gias
550 4274 728 4338 undas
750 4273 927 4344 jurat,
963 4276 1037 4330 mi
1061 4273 1341 4345 Joannici,
1383 4277 1591 4347 generis
1628 4276 1850 4331 humani
1880 4293 1968 4331 or-

383 4365 729 4422 namentum!
760 4365 886 4421 Non
916 4369 1057 4423 enim
1085 4382 1387 4424 sermonum
1410 4367 1673 4434 dulcium,
1704 4385 1809 4426 non
1831 4385 1963 4439 pra:-

456 4550 914 4626 (I)lﬂdem¥cerle
977 4566 1106 4612 cum
1158 4554 1255 4611 illo
1315 4553 1384 4611 de
1443 4567 1554 4626 quo
1624 4553 1807 4626 agitur
1872 4566 1968 4609 su-

383 4636 481 4693 pra
508 4624 613 4681 Col.
650 4624 809 4681 1071.

672 5915 941 5981 ΡΑτιιοι..
995 5913 1111 5976 Gn.
1157 5915 1490 5976 CXXXIII.

2070 3435 2455 3490 remansimus.
2486 3435 2596 3489 Cur
2633 3436 2798 3506 igitur
2828 3435 2884 3488 in
2912 3450 3109 3489 vanum
3159 3434 3293 3489 mihi
3343 3451 3618 3491 succenses
3638 3437 3665 3489 ?

2070 3526 2335 3599 Equidem
2365 3527 2577 3593 nescio;
2614 3527 2855 3582 animum
2887 3529 3028 3582 enim
3064 3535 3216 3581 tuum
3254 3526 3398 3593 noui,
3428 3536 3480 3582 et
3530 3529 3667 3585 ami-

2071 3622 2201 3675 citia
2232 3620 2452 3693 benigne
2489 3621 2777 3676 vituperat.

2570 3712 2828 3786 Enigma
2859 3714 2915 3770 in
2940 3714 3164 3770 nubem.

2150 3810 2287 3865 Filii
2337 3811 2508 3866 nostri
2563 3825 2646 3864 me
2672 3810 2857 3881 genuit
2889 3809 3117 3865 caelestis
3164 3808 3305 3877 ﬁlia,
3338 3818 3390 3864 et
3435 3810 3494 3864 in
3539 3825 3661 3866 aere

2075 3904 2389 3974 circumﬂuo
2425 3918 2624 3959 versor.
2685 3900 2896 3956 Filium
2936 3917 3112 3957 meum
3154 3901 3214 3956 in
3263 3910 3414 3957 utero
3468 3914 3662 3973 porto;

2078 4013 2234 4069 quem
2258 3996 2352 4050 ubi
2375 3997 2538 4051 enixa
2581 4011 2725 4061 sum,
2772 4009 2962 4061 pereo;
3008 3994 3093 4048 hic.
3127 4002 3308 4049 autem
3338 3994 3659 4050 mortalibus

2068 4098 2210 4155 peste
2251 4086 2621 4143 laborantibus
2664 4086 2941 4145 medetur:
2991 4101 3146 4157 quem
3207 4102 3336 4158 gens
3382 4086 3661 4141 hominum

2068 4181 2438 4237 morosissima
2465 4178 2647 4252 diligit
2694 4190 2743 4235 et
2774 4179 2891 4234 odit
2917 4194 3079 4251 quam
3106 4178 3359 4234 maxime.
3388 4177 3660 4234 Examina

2069 4274 2188 4345 quis
2215 4273 2339 4341 sim,
2366 4288 2523 4344 quem
2554 4271 2849 4344 genuerim,
2870 4273 2988 4343 quis
3021 4287 3103 4328 me
3129 4270 3513 4340 procreaverit.

2138 4549 2547 4680 ‘2).Ileperitur
2565 4550 2732 4607 etiam
2757 4550 2814 4633 in
2846 4565 2952 4605 ms.
2983 4547 3333 4632 bibliothecae
3366 4547 3661 4607 Vaticano-

2138 4646 2145 4680 I
2170 4634 2333 4679 anna:
2363 4664 2378 4680 .
2413 4638 2467 4678 ιι.
2493 4620 2680 4680 XLIII.
2710 4621 2841 4679 folio
2868 4620 2938 4678 90
2965 4637 3133 4680 verso.
3166 4623 3263 4679 Im.
3285 4618 3378 4676 21.

2070 4618 2378 4690 Palatinae]
2413 4638 2467 4678 ιι.
2493 4620 2680 4689 XLIII,
2710 4621 2841 4679 folio
2868 4620 2938 4678 90
2965 4637 3133 4690 verso,
3166 4623 3263 4679 lin.
3285 4618 3378 4676 21.
