4078 6388
361 342 493 408 152!
1511 351 1835 415 SCRIPTA
1886 354 2437 418 MISCELLANEA.

353 462 567 516 Μοῦσαι
600 461 985 533 Δημοκρίτοιο,
1016 463 1109 517 καὶ
1134 464 1362 536 Ὀρφέος
1394 464 1475 535 (ὃν
1494 466 1619 519 τέκε
1649 470 1834 539 πατὴρ

357 555 625 625 ’Ὑαγρος,
652 555 759 608 οὐδ’
793 557 901 626 ἄρα
929 558 977 610 oi
1007 559 1136 629 περὶ
1168 558 1411 631 ᾅσμασιν
1436 561 1593 625 ἄλλος
1618 561 1835 632 ἐρίζοι).

353 646 536 715 υἴχεο,
567 645 871 717 ρητροσύνη
893 663 909 679 ·
944 648 1170 719 ὲξοίχεο,
1202 649 1541 720 ὁρθογραφίη
1570 667 1585 682 ’

356 736 528 789 Ἀλλα
564 736 611 789 θ’
638 738 738 790 ὅσα
763 738 1023 807 χθονίοισι
1054 738 1196 812 λόγῳ
1220 742 1311 795 ἐπὶ
1340 741 1501 806 κῦδος
1531 741 1748 808 ὀπάζει,

360 826 588 897 Ἕρρετε
616 843 631 858 ’
666 827 812 897 ἄλλῳ
845 828 982 882 Eous
1025 831 1313 902 μεληδόνος
1345 832 1472 898 ἄξια
1503 833 1725 903 πολλῆς,

355 918 469 970 Οὐκ
486 919 628 988 ἐμοί.
650 920 720 972 Ἦ
738 921 844 991 γὰρ
865 919 974 990 ἐγὼ
995 923 1180 975 κενεὸν
1204 925 1331 995 περὶ
1360 923 1554 994 μόχθον
1570 924 1799 995 ἀνέτλην
1822 923 1927 996 (1),

356 1008 636 1080 ’Υμμεσιν
666 1012 958 1083 ὲμμογέων
984 1030 1000 1047 ·
1031 1014 1093 1068 τὸ
1124 1015 1168 1068 δ’
1196 1015 1421 1077 ὲτώσιος
1458 1015 1638 1069 ἔπλετ’
1668 1016 1840 1080 οίζὺς,
2032 1016 2095 1068 Ei
2121 1016 2165 1068 δ’
2200 1016 2307 1086 ἄρα
2338 1015 2412 1086 μὴ
2441 1014 2709 1087 θυμέλῃσι
2732 1016 3079 1086 παρέμμεναι
3106 1014 3263 1086 ἔσχες
3296 1015 3514 1085 ἐέλδωρ,

353 1103 621 1172 Μαψίδιόν
649 1121 706 1158 τε
741 1106 984 1178 μέλημα,
1015 1109 1110 1161 καὶ
1143 1108 1326 1179 ἀπάτη
1363 1108 1760 1179 ἁφρονεόντων.
1922 1136 1925 1139 ν
2030 1104 2174 1160 *Ησο
2201 1110 2322 1179 σιγῇ
2355 1108 2554 1172 ἀκέων,
2581 1107 2749 1160 πάτον
2776 1108 3077 1178 ἀνθρώπων
3116 1106 3396 1171 ἀλεείνων,

432 1194 649 1264 Ἐρρετ’
682 1196 817 1263 ἐμοῦ
863 1197 1059 1267 βιότοιο
1107 1198 1437 1269 ἀπόπροθεν,
1474 1199 1699 1269 ἕρῤετε,’
1733 1199 1926 1268 βίϐλοι.
2028 1198 2168 1268 Μηδ’
2197 1199 2369 1268 ἀγορῇ
2402 1198 2659 1268 μερόπων
2694 1196 2973 1251 πωλέσκεο
3008 1195 3386 1266 κυδιανείρῃ,1

351 1284 522 1354 Θυμὲ,
553 1287 617 1339 σὺ
644 1286 688 1339 δ’
711 1288 773 1340 ὲκ
801 1288 991 1359 σοφίης
1018 1288 1117 1359 μὲν
1140 1289 1426 1360 ἀπείργεο,
1452 1289 1551 1343 οὐκ
1576 1290 1774 1343 ἐθέλων
1799 1305 1926 1360 περ·
2032 1291 2141 1344 Καὶ
2169 1291 2309 1360 τάχα
2351 1289 2647 1361 δυσόόρους
2689 1290 2898 1357 κόσμου
2950 1287 3242 1359 προφύγῃς
3276 1285 3608 1355 μελεδῶνας.

349 1377 491 1446 Μηδ¹
523 1377 609 1448 ἄρ’
638 1378 795 1449 ἕκητι
837 1381 1017 1450 λόγοιο
1047 1380 1170 1451 μέγ’
1207 1381 1408 1453 ἄχνυσο
1438 1398 1453 1413 ⁸
1488 1381 1563 1452 μὴ
1598 1381 1656 1435 δὲ
1689 1382 1748 1436 σὲ
1778 1381 1922 1455 λύπη
2036 1383 2254 1456 Ἔρρετ’
2277 1382 2411 1453 ἐμοῦ
2441 1382 2637 1453 βιότοιο
2667 1381 3001 1453 ἀπόπροθεν,
3030 1382 3241 1453 ἔρρετε,
3271 1379 3464 1451 βίὸλοι.

3474 353 3614 419 1422

1957 473 2003 530 Α
2031 467 2343 540 Θυμοὸόρος
2372 467 2665 540 κρατείτω,
2690 469 2993 541 ἒναυομὲνη
3026 468 3156 539 φίλα
3196 470 3346 537 γυῖα.

2030 562 2192 614 Ἀλλά
2240 562 2435 632 βίϐλων
2457 579 2537 627 τε,
2577 562 2751 631 λόγων
2793 579 2873 629 τε,
2902 563 2997 616 καὶ
3024 562 3241 624 ἀτελέος
3289 560 3608 629 μελεδῶνος,

2032 651 2210 721 Τηλοῦ
2239 651 2645 716 ἀποσκεδάζευο
2677 652 2819 723 ἀτὰρ
2855 651 3121 723 θυμέλῃσι
3153 650 3398 721 μεθίξευ,

2030 742 2143 795 Καί
2180 759 2236 794 τε
2261 741 2680 809 γελωτοπόνοισι
2710 742 2965 814 παρέζεο,
2994 742 3089 795 καί
3116 759 3176 794 τε
3209 743 3444 811 μίμοισι,

2028 833 2197 897 Παῖζε
2218 833 2263 885 δ’
2289 835 2346 885 ὲν
2380 835 2442 886 οὑ
2486 835 2793 888 παικτοῖσιο
2826 836 2894 887 τὰ
2933 834 3040 905 γὰρ
3070 832 3250 903 βροτοὶ¹
3281 834 3464 886 ίσασιν
3486 832 3613 902 ἄρτι

2030 925 2212 995 Τιμᾷν
2234 926 2589 995 ἀφρονέοντες
2611 942 2625 957 ⁸
2656 926 2860 980 ἄπιστα
2891 926 2947 979 δὲ
2981 926 3146 980 θέσαν
3173 925 3241 978 τὰ
3268 925 3447 994 λόγοιο
3474 925 3573 995 (9.).

348 1515 504 1584 gros)
525 1532 710 1580 musta,
735 1517 1270 1581 recedite,certamen
1301 1519 1464 1573 nolite
1490 1518 1643 1572 inire.
1672 1516 1928 1583 Abi,rhe—
2034 1528 2142 1584 tur,
2174 1536 2265 1574 nec
2298 1519 2529 1575 membra
2554 1528 2795 1574 conterat
2828 1518 3065 1587 corporis
3095 1517 3198 1571 tui.
3231 1514 3407 1586 Longe
3440 1514 3612 1583 abjice

351 1606 546 1672 torica,
602 1610 781 1663 recede
813 1649 827 1674 ,
870 1610 1284 1681 orthographia;
1332 1626 1673 1682 quacumque
1701 1609 1926 1680 gloriam
2034 1607 2219 1674 libros,
2260 1624 2525 1663 sermones
2576 1616 2627 1662 et
2675 1624 2834 1662 curas
2886 1608 3158 1671 edaces;e
3187 1614 3376 1659 contra
3404 1604 3613 1656 theatra

350 1698 668 1753 mortalibus
695 1701 947 1768 praebent,
974 1710 1112 1756 retro
1144 1703 1306 1767 abite,
1355 1712 1800 1772 ceterorumque.
1832 1718 1935 1755 non
1971 1684 2013 1740 Β
2041 1698 2315 1769 frequenta
2348 1712 2396 1753 et
2431 1715 2742 1753 scurrarum
2793 1713 2858 1751 ac
2901 1697 3186 1749 mimorum
3238 1710 3406 1763 nugas
3448 1693 3601 1746 audi.

352 1804 523 1840 meum
585 1791 824 1846 animum
870 1803 1141 1861 occupate.
1185 1792 1393 1847 Vanum
1425 1792 1660 1864 equidem
1708 1792 1942 1847 laborem
2038 1788 2184 1844 Lude
2236 1790 2381 1843 circa
2432 1806 2513 1844 res
2559 1805 2662 1843 non
2710 1788 2970 1854 ludicras,
3009 1802 3141 1854 quas
3171 1786 3326 1840 stulti
3374 1793 3613 1840 tractare

350 1881 583 1933 sustinui
611 1897 706 1949 pro
741 1882 883 1937 vobis
905 1884 1197 1953 patiendo;
1242 1884 1379 1940 unde
1407 1900 1668 1948 terumna,
1700 1884 1939 1944 miseria.
2042 1890 2248 1945 amant,
2282 1880 2435 1935 verbo
2458 1880 2611 1950 longe
2644 1879 2845 1948 abjecto
2875 1887 2925 1932 et
2961 1886 3159 1944 spreto.
3210 1875 3412 1940 Quodsi
3470 1878 3615 1930 thea-

348 1987 493 2024 curm
528 1980 578 2025 et
604 1971 757 2041 fraus
795 1975 1022 2043 prodiit.
2044 1974 2140 2025 tris
2200 1987 2411 2039 operam
2449 1972 2578 2024 dare
2613 1970 2872 2035 nolueris,
2918 1968 3109 2022 tacitus
3158 1965 3303 2028 sede,
3342 1965 3614 2019 hominum

424 2065 604 2135 Apage
629 2080 694 2119 ex
725 2066 892 2121 oculis
929 2069 1085 2134 meis,
1123 2067 1283 2123 libri!
1316 2067 1359 2123 Τ
1360 2084 1417 2133 ιι,
1446 2084 1592 2124 mens
1624 2084 1763 2135 mea,
1798 2086 1831 2123 a
1861 2084 1950 2123 sa-

350 2154 576 2218 Pientia,
635 2155 799 2209 invita
849 2157 1081 2226 quidem,
1141 2159 1324 2214 aliena
1365 2174 1472 2225 es;
1526 2158 1617 2213 sed
1659 2173 1723 2214 ne
1773 2159 1931 2212 nimis

348 2247 546 2318 afﬂicta
572 2248 667 2313 sis,
703 2258 752 2302 et
784 2266 974 2304 maeror
1004 2252 1094 2322 qui
1130 2267 1222 2306 cor
1265 2251 1395 2319 edit,
1440 2267 1546 2307 non
1581 2260 1631 2305 te
1652 2266 1935 2321 persequa—

379 2472 706 2491 hu.—

2043 2072 2234 2117 caetum
2264 2063 2397 2129 vita,
2431 2062 2488 2115 in
2517 2061 2635 2131 foro
2666 2059 2964 2114 hominibus
2994 2058 3257 2129 frequenti
3291 2072 3395 2110 non
3427 2055 3617 2109 ambuu

2041 2156 2199 2223 labis,
2234 2164 2283 2209 et
2320 2155 2567 2210 continuo
2621 2154 2763 2209 curis
2804 2162 2856 2208 et
2915 2150 3367 2207 sollicitudinibus
3418 2148 3616 2205 valedi-

2041 2250 2166 2303 cito.
2188 2247 2365 2320 Apage
2393 2262 2459 2303 ea:
2490 2246 2660 2302 oculis
2697 2249 2852 2311 meis.
2887 2244 3046 2300 libri!

1310 2673 1944 2768 THEODORI
2005 2672 2645 2768 PBODROMI

652 2968 655 2973 ν
717 2897 1019 2960 CONTRA
1046 2895 1379 2962 INVIDOS.
1416 2920 1487 2932 -··
1523 2895 1919 2961 ΕΧΗΟΒΤΑἾ

2026 2916 2028 2939 ι
2066 2899 2167 2959 AD
2199 2898 2593 2960 PIETATEM
2638 2900 2738 2960 ET
2767 2900 3265 2966 SAPIENTIAM.

933 3051 1024 3116 (Ex
1050 3052 1172 3102 edit.
1194 3049 1497 3112 Basll.i536,
1518 3051 1656 3115 cujus
1675 3055 1870 3103 textum
1903 3052 1962 3103 ad
1983 3065 2077 3102 ms.
2101 3052 2260 3104 Vatic.
2279 3052 2427 3105 ερον
2451 3051 2733 3102 emendavit
2754 3051 3018 3112 Theilius.)

661 3356 772 3411 Τοῦ
802 3355 988 3411 αὐτοῦ
1019 3355 1170 3409 κατὰ
1201 3356 1609 3425 φθονούντων.
1945 3364 1989 3421 c

349 3450 466 3508 Οὐκ
496 3450 640 3504 ἐστιν
669 3450 802 3520 ἡμῖν
837 3449 944 3511 ἰνὸς
970 3448 1114 3518 ῐχνος
1138 3448 1197 3501 ὲν
1222 3447 1341 3518 βίῳ,

352 3546 427 3598 Οὐ
459 3546 641 3615 χεῖρες
674 3545 753 3605 εἰς
782 3541 1028 3612 ἄμυναν
1055 3540 1101 3594 ὣ
1130 3540 1304 3595 δεινοῦ
1336 3540 1579 3605 πάθουςί

360 3639 451 3702 Ὠς
479 3638 545 3692 ἂν
573 3637 643 3690 τὰ
679 3636 1043 3707 μισάνθρωπα
1072 3633 1272 3705 κέντρα
1299 3633 1392 3687 τοῦ
1424 3635 1616 3705 φθόνου

362 3729 529 3784 Ἐλὼν
556 3728 744 3800 ἀράξω
775 3728 968 3799 χερσὶν
1000 3726 1192 3798 ἁδραῖς
1229 3727 1478 3798 ἀσχέτοις
1499 3744 1515 3761 ο

348 3823 456 3875 Καὶ
480 3821 604 3885 τοὺς
630 3820 786 3873 κότον
816 3819 1115 3889 τρέφοντας
1141 3820 1200 3872 ὲν
1225 3818 1369 3892 ψυχῇ
1402 3819 1545 3893 μέσῃ

342 3914 639 3985 Ἀειφυγίᾳ
660 3911 923 3983 ζημιώσω
952 3915 1049 3966 καὶ
1074 3912 1278 3984 πλάνῃ.

342 4007 463 4062 Υἱοὶ
499 4006 724 4068 σκότους
748 4005 856 4077 γάρ
888 4006 1046 4071 εἰσιν,
1081 4005 1157 4070 ὼς
1181 4006 1289 4059 υἱοὶ
1311 4004 1542 4076 πλάνης,

343 4099 454 4152 Καὶ
481 4098 582 4169 τῆς
616 4097 823 4152 ἐκεῖθεν
856 4097 1121 4168 ἀορασίας
1141 4098 1251 4153 ὅλοι
1283 4096 1437 4171 [edit.
1473 4099 1640 4173 ἀλει].

340 4192 455 4249 Νῦν
479 4193 523 4246 δ’
551 4193 746 4247 ἀταταὶ
771 4191 923 4264 [edil.
952 4191 1047 4247 νῦν
1071 4192 1139 4249 δι’
1170 4192 1431 4267 urticae],
1476 4195 1571 4249 καὶ
1619 4194 1729 4266 γάρ
1753 4195 1918 4267 ἀδρα-

1556 4284 1687 4358 [νῶς
1716 4286 1849 4355 ἔχων

342 4373 463 4426 Κᾶν
490 4369 582 4428 οὖν
616 4375 735 4427 κατ’
761 4375 942 4428 αὐτῶν
962 4375 1197 4441 ἐξοπλιῶ
1236 4377 1294 4431 τὸ
1319 4378 1520 4449 στόμα,

353 4464 440 4526 Ὠς
470 4465 718 4535 λοιδοριῶ
744 4465 843 4537 τὴν
873 4469 1176 4537 μισάγαθον
1206 4470 1363 4525 νόσον
1388 4486 1405 4504 ο

345 4552 502 4608 υῦῖω
533 4556 642 4627 γὰρ
671 4557 801 4621 ἴσως
830 4558 954 4623 νοῦς
987 4560 1119 4629 ὲμδς
1153 4562 1335 4632 παυθῇ
1368 4562 1595 4626 πάθους.

747 4745 1003 4817 Ejusdem
1034 4760 1227 4806 contra
1262 4753 1500 4809 invidos.
1942 4756 1987 4812 Ι)

417 4835 540 4891 Non
603 4838 737 4894 inest
814 4838 965 4894 nobis
1012 4842 1288 4912 vestigium
1323 4846 1553 4912 vigoris;
1606 4863 1796 4902 manus
1843 4849 1912 4901 ad

342 4927 697 4996 defensionem
739 4930 963 4998 desunt,
1023 4950 1053 4987 ο
1092 4934 1485 5004 infortunium!
1546 4936 1734 5006 quibus
1768 4939 1914 4993 diros

344 5019 562 5073 incidite
600 5020 810 5075 aculeos
840 5022 1196 5093 disrumpam,
1220 5027 1410 5097 quibus
1432 5043 1519 5081 eos
1537 5030 1628 5097 qui
1657 5030 1711 5083 in
1736 5033 1915 5086 animo

344 5112 596 5165 invidiam
621 5112 803 5177 alunt,
823 5113 893 5168 ad
918 5115 1166 5170 exsilium
1189 5128 1238 5173 et
1263 5120 1533 5175 miseriam
1556 5121 1915 5179 condemnem.

416 5202 775 5259 Tencbrarum
802 5207 942 5261 enim
969 5207 1074 5276 ﬁlii
1112 5216 1236 5262 sunt
1260 5218 1310 5265 et
1340 5213 1563 5277 erroris,
1597 5222 1647 5268 et
1677 5212 1816 5267 hanc
1852 5213 1915 5267 ob

344 5308 565 5348 causam
600 5298 746 5350 cteci.
774 5297 988 5353 Parcite
1022 5300 1149 5353 mihi
1176 5316 1318 5370 cegro
1340 5315 1391 5359 et
1413 5303 1609 5360 viribus
1637 5304 1913 5360 destituto.

345 5384 483 5449 Quid
517 5390 565 5442 si
608 5407 748 5444 nunc
801 5404 987 5447 contra
1034 5392 1157 5447 illos
1189 5411 1367 5450 versus
1417 5414 1554 5451 meos
1605 5415 1836 5463 armem;
1870 5401 1916 5453 si

343 5484 524 5536 morbo
554 5486 760 5553 funesto
788 5487 1150 5541 maledicerem
1170 5488 1196 5541 ?
1234 5487 1325 5543 Sic
1349 5491 1489 5544 enim
1524 5492 1736 5546 animus
1765 5508 1907 5547 meus

342 5570 476 5626 dura
501 5578 615 5642 pati
647 5578 867 5632 desinet.

430 5757 588 5827 (1)1n
620 5760 741 5815 cod.
776 5761 937 5829 985I,
972 5764 1170 5835 μόχθια
1211 5764 1394 5837 ετλην.

2444 3354 2556 3409 Τοῦ
2594 3355 2781 3411 αὐτοῦ
2816 3358 3184 3414 Νουθετικοί.

2030 3446 2160 3516 Ἔχε
2195 3444 2299 3517 πρὸ
2329 3445 2546 3499 πάντων
2578 3446 2669 3499 τὸν
2701 3446 2837 3500 Θεοῦ
2865 3444 3049 3517 φόόον,
3080 3448 3198 3513 ξένε
3224 3463 3242 3481 ο

2029 3540 2128 3592 "Av
2157 3539 2477 3609 άγαπητοὺς
2503 3539 2627 3602 τοὺς
2652 3540 2847 3609 λόγους
2876 3540 3067 3611 κρίνῃς
3091 3540 3221 3611 ἄρα,

2023 3630 2241 3691 Νυκτὸς
2282 3633 2482 3703 νοητῆς
2520 3630 2927 3702 ἐνθυμούμενος
2950 3630 3133 3702 ζόφον,

2034 3722 2260 3776 Ἐαυτδν
2286 3723 2353 3776 ὲκ
2389 3722 2495 3793 γῆς
2524 3722 2634 3777 τῶν
2664 3723 2855 3779 παθῶν
2881 3724 3105 3779 ὲκσπῶν
3140 3724 3319 3796 φέρε.’

2035 3814 2220 3886 Ῥήσει
2248 3815 2428 3884 σοφῶν
2463 3814 2669 3885 ρὡνυε
2692 3817 2865 3887 ῥᾷστα
2895 3816 2985 3868 σδν
3013 3816 3174 3886 κέαρ.

2025 3907 2248 3978 Ἀγνιζε
2285 3907 2499 3974 σαυτὸν,
2531 3907 2733 3977 ἀνάγου
2763 3907 2900 3979 πρὸς
2932 3907 3147 3981 αἰθέρα.

2021 4000 2187 4071 Σταίη
2209 4000 2316 4071 γὰρ
2328 3999 2469 4053 οὕτω
2489 3998 2640 4071 [edit.
2664 3999 2858 4072 οὕτως]
2882 4001 2977 4054 σὺν
3006 4002 3191 4070 σοφοῖς
3212 3999 3272 4054 τὸ
3300 4000 3390 4054 σὺν
3410 4000 3597 4073 λάχος.

2021 4093 2263 4165 Σώφρων
2294 4092 2514 4164 βίωσκε,
2550 4092 2645 4147 καὶ
2681 4092 2743 4145 τὺ
2773 4092 2864 4145 σὺν
2895 4092 3124 4164 φροῦρει
3159 4092 3350 4164 δέμας.

2024 4185 2346 4256 ’Υδρευσον,
2377 4183 2481 4251 υίὲ,
2513 4183 2782 4254 νουνεχῶς
2816 4181 2961 4254 ὕδωρ
2993 4183 3173 4252 λόγου.

2016 4280 2205 4350 Ἀφεὶς
2232 4280 2448 4335 ἅπαντα
2488 4278 2593 4347 γῆς
2620 4277 2938 4348 μελουργῶν
2974 4278 3217 4349 ᾄσματα,

2018 4373 2095 4437 Ἰς
2129 4372 2322 4443 ἰσχυρά
2355 4371 2692 4442 κραύγασοι,
2720 4371 2777 4438 ἐξ
2805 4370 2973 4440 ὕψους
3003 4372 3076 4423 ἴθι

2019 4465 2113 4529 Εἰς
2141 4464 2415 4534 γλῶσσαν,
2444 4464 2519 4528 ὡς
2557 4464 2820 4532 μέλποιμι
2850 4463 2929 4533 τῷ
2961 4463 3229 4516 πλάσαντί
3266 4480 3356 4532 με.

2336 4747 2599 4816 Ejusdem
2643 4761 2840 4801 versus
2881 4745 3271 4801 adhortatorii.

2094 4846 2225 4899 Ante
2258 4846 2437 4899 omnia
2470 4843 2637 4898 Deum
2672 4845 2818 4909 time,
2849 4852 2899 4897 et
2942 4843 3156 4913 quando
3202 4860 3466 4899 sermones
3519 4861 3602 4899 reo

2022 4953 2198 4993 censes
2228 4937 2515 5001 salutares,
2548 4937 2603 4989 in
2646 4937 2815 4990 noctis
2840 4934 3065 4989 tenebris
3094 4938 3399 4991 reconditus
3424 4938 3561 4990 medi
3572 4967 3599 4981 ε-

2027 5043 2166 5093 tare,
2214 5038 2265 5084 et
2312 5029 2377 5082 ab
2409 5029 2653 5083 omnibus
2695 5038 2741 5082 te
2770 5027 3020 5081 humanis
3064 5043 3196 5081 exue
3233 5028 3591 5096 passionibus.

2025 5122 2354 5189 Sapientiam
2381 5120 2537 5176 dictis
2564 5136 2655 5175 cor
2690 5131 2839 5173 tuum
2878 5119 3093 5186 robora,
3136 5120 3360 5189 teipsum
3393 5122 3594 5175 sancti-

2018 5217 2123 5286 fica
2150 5226 2201 5271 et
2229 5215 2463 5271 ccclestia
2499 5214 2775 5269 meditare.
2808 5211 2900 5267 Sic
2940 5214 3078 5267 enim
3101 5230 3213 5267 sors
3241 5225 3333 5268 tua
3364 5230 3482 5267 cum
3508 5230 3599 5267 δας

2017 5313 2280 5384 picntibus
2314 5312 2498 5367 stabit.
2538 5311 2652 5366 Vive
2668 5310 2975 5376 prudenter,
3007 5320 3058 5366 et
3083 5327 3271 5380 corpus
3299 5321 3446 5364 tuum
3469 5326 3596 5363 con-

2019 5422 2188 5459 serva.
2221 5402 2378 5457 Verbi
2402 5420 2596 5473 aquam
2618 5402 2845 5457 sollicite
2872 5402 3069 5468 hauri;
3101 5403 3345 5457 omnibus
3380 5402 3589 5456 omissis

2018 5506 2176 5551 terra:
2230 5496 2475 5551 cantibus
2528 5497 2749 5566 gemitus
2802 5498 2899 5561 cie,
2957 5506 3007 5550 et
3052 5498 3286 5552 animum
3332 5497 3386 5551 in
3423 5496 3590 5550 altum

2020 5586 2167 5653 tolle,
2197 5585 2440 5641 Creatori
2460 5596 2550 5639 tuo
2574 5604 2782 5641 carmen
2815 5588 3109 5655 psallendo.

2144 5722 2155 5732 ο

2084 5768 2160 5837 (‘2)
2188 5767 2426 5839 chend.
2460 5768 2646 5825 forsan
2688 5771 2868 5841 θεσμὶι
2900 5772 3095 5840 λόγοιο.
