  <div class='ocr_page' id='page_1' title='image "/cluster/home/n/w/nwhite01/storage/ocr_20150623/133/hvd.32044073502502/011.png"; bbox 0 0 4084 6194; ppageno 0'>
   <div class='ocr_carea' id='block_1_1' title="bbox 349 313 3586 385">
    <p class='ocr_par' dir='ltr' id='par_1_1' title="bbox 349 313 3586 385">
     <span class='ocr_line' id='line_1_1' title="bbox 349 313 3586 385; baseline -0.004 -5"><span class='ocrx_word' id='word_1_1' title='bbox 349 316 420 385; x_wconf 76' lang='lat' dir='ltr'><strong>Il</strong></span> <span class='ocrx_word' id='word_1_2' title='bbox 735 321 742 328; x_wconf 89' lang='grc'><strong>’</strong></span> <span class='ocrx_word' id='word_1_3' title='bbox 1620 313 1934 374; x_wconf 77' lang='lat' dir='ltr'><strong>ARSENII</strong></span> <span class='ocrx_word' id='word_1_4' title='bbox 1977 314 2322 375; x_wconf 68' lang='lat' dir='ltr'><strong>MONACEII</strong></span> <span class='ocrx_word' id='word_1_5' title='bbox 3508 315 3586 379; x_wconf 66' lang='lat'><strong>19,</strong></span> 
     </span>
    </p>
   </div>
   <div class='ocr_carea' id='block_1_2' title="bbox 343 422 1935 499">
    <p class='ocr_par' dir='ltr' id='par_1_2' title="bbox 343 424 1911 499">
     <span class='ocr_line' id='line_1_2' title="bbox 343 424 1911 499; baseline -0.003 -19"><span class='ocrx_word' id='word_1_6' title='bbox 343 429 566 499; x_wconf 74' lang='lat' dir='ltr'><strong>quidem</strong></span> <span class='ocrx_word' id='word_1_7' title='bbox 625 427 796 483; x_wconf 82' lang='lat' dir='ltr'><strong>sacris</strong></span> <span class='ocrx_word' id='word_1_8' title='bbox 858 425 1046 482; x_wconf 90' lang='lat' dir='ltr'><strong>olliciis</strong></span> <span class='ocrx_word' id='word_1_9' title='bbox 1091 425 1288 480; x_wconf 89' lang='lat' dir='ltr'><strong>addicti</strong></span> <span class='ocrx_word' id='word_1_10' title='bbox 1345 424 1476 490; x_wconf 79' lang='lat' dir='ltr'><strong>sint,</strong></span> <span class='ocrx_word' id='word_1_11' title='bbox 1527 425 1911 493; x_wconf 82' lang='lat' dir='ltr'><strong>deponuntur:</strong></span> 
     </span>
    </p>
   </div>
   <div class='ocr_carea' id='block_1_3' title="bbox 2041 422 3603 499">
    <p class='ocr_par' dir='ltr' id='par_1_3' title="bbox 2041 422 3603 499">
     <span class='ocr_line' id='line_1_3' title="bbox 2041 422 3603 499; baseline 0.003 -23"><span class='ocrx_word' id='word_1_12' title='bbox 2041 425 2123 477; x_wconf 78' lang='grc' dir='ltr'>ιὲν</span> <span class='ocrx_word' id='word_1_13' title='bbox 2152 422 2598 496; x_wconf 66' lang='grc' dir='ltr'>ἱὲρωςλ.ἔνοι·ἐίσὶ,</span> <span class='ocrx_word' id='word_1_14' title='bbox 2629 423 3023 496; x_wconf 75' lang='grc' dir='ltr'><strong>καθαιροῦνται</strong></span> <span class='ocrx_word' id='word_1_15' title='bbox 3047 440 3059 455; x_wconf 79' lang='grc'><strong><em>⁸</em></strong></span> <span class='ocrx_word' id='word_1_16' title='bbox 3097 425 3146 478; x_wconf 79' lang='grc' dir='ltr'>εἰ</span> <span class='ocrx_word' id='word_1_17' title='bbox 3170 425 3224 479; x_wconf 69' lang='grc' dir='ltr'>δὲ</span> <span class='ocrx_word' id='word_1_18' title='bbox 3246 424 3447 494; x_wconf 69' lang='grc' dir='ltr'>λαῖκοὶ,</span> <span class='ocrx_word' id='word_1_19' title='bbox 3467 429 3603 499; x_wconf 84' lang='grc' dir='ltr'>ἀφο-</span> 
     </span>
    </p>
   </div>
   <div class='ocr_carea' id='block_1_4' title="bbox 345 515 1223 571">
    <p class='ocr_par' dir='ltr' id='par_1_4' title="bbox 345 515 1223 571">
     <span class='ocr_line' id='line_1_4' title="bbox 345 515 1223 571; baseline -0.001 -3"><span class='ocrx_word' id='word_1_20' title='bbox 345 518 467 571; x_wconf 84' lang='lat' dir='ltr'><strong>laici</strong></span> <span class='ocrx_word' id='word_1_21' title='bbox 503 531 632 571; x_wconf 76' lang='lat' dir='ltr'><strong>vero</strong></span> <span class='ocrx_word' id='word_1_22' title='bbox 659 515 1223 570; x_wconf 77' lang='lat' dir='ltr'><strong>exeommuuicautur.</strong></span> 
     </span>
    </p>
   </div>
   <div class='ocr_carea' id='block_1_5' title="bbox 418 605 1209 676">
    <p class='ocr_par' dir='ltr' id='par_1_5' title="bbox 418 605 1209 676">
     <span class='ocr_line' id='line_1_5' title="bbox 418 605 1209 676; baseline -0.003 -16"><span class='ocrx_word' id='word_1_23' title='bbox 418 605 620 676; x_wconf 85' lang='lat' dir='ltr'><strong>Synodi</strong></span> <span class='ocrx_word' id='word_1_24' title='bbox 648 605 929 673; x_wconf 82' lang='lat' dir='ltr'><strong>Ephesinae</strong></span> <span class='ocrx_word' id='word_1_25' title='bbox 957 618 1129 658; x_wconf 83' lang='lat' dir='ltr'><strong>canon</strong></span> <span class='ocrx_word' id='word_1_26' title='bbox 1155 605 1209 658; x_wconf 84' lang='lat'><strong>7.</strong></span> 
     </span>
    </p>
   </div>
   <div class='ocr_carea' id='block_1_6' title="bbox 415 695 1374 773">
    <p class='ocr_par' dir='ltr' id='par_1_6' title="bbox 415 695 1374 773">
     <span class='ocr_line' id='line_1_6' title="bbox 415 695 1374 773; baseline -0.003 -21"><span class='ocrx_word' id='word_1_27' title='bbox 415 698 613 773; x_wconf 81' lang='lat' dir='ltr'><strong>Synodi</strong></span> <span class='ocrx_word' id='word_1_28' title='bbox 631 697 1088 753; x_wconf 82' lang='lat' dir='ltr'><strong>Calclicdoneusis</strong></span> <span class='ocrx_word' id='word_1_29' title='bbox 1112 711 1284 751; x_wconf 88' lang='lat' dir='ltr'><strong>canon</strong></span> <span class='ocrx_word' id='word_1_30' title='bbox 1321 695 1374 750; x_wconf 99' lang='grc'><strong>1.</strong></span> 
     </span>
    </p>
   </div>
   <div class='ocr_carea' id='block_1_7' title="bbox 417 787 1342 860">
    <p class='ocr_par' dir='ltr' id='par_1_7' title="bbox 417 787 1342 860">
     <span class='ocr_line' id='line_1_7' title="bbox 417 787 1342 860; baseline 0 -17"><span class='ocrx_word' id='word_1_31' title='bbox 417 789 622 860; x_wconf 85' lang='lat' dir='ltr'><strong>Synodi</strong></span> <span class='ocrx_word' id='word_1_32' title='bbox 657 787 1002 843; x_wconf 84' lang='lat' dir='ltr'><strong>Sardicensis</strong></span> <span class='ocrx_word' id='word_1_33' title='bbox 1032 802 1205 842; x_wconf 87' lang='lat' dir='ltr'><strong>canon</strong></span> <span class='ocrx_word' id='word_1_34' title='bbox 1238 787 1342 843; x_wconf 62' lang='lat'><strong>20.</strong></span> 
     </span>
    </p>
   </div>
   <div class='ocr_carea' id='block_1_8' title="bbox 416 878 1916 960">
    <p class='ocr_par' dir='ltr' id='par_1_8' title="bbox 416 878 1916 960">
     <span class='ocr_line' id='line_1_8' title="bbox 416 878 1916 960; baseline -0.001 -24"><span class='ocrx_word' id='word_1_35' title='bbox 416 883 620 954; x_wconf 79' lang='lat' dir='ltr'><strong>Synodi</strong></span> <span class='ocrx_word' id='word_1_36' title='bbox 659 880 920 960; x_wconf 71' lang='lat' dir='ltr'><strong>Carthag.</strong></span> <span class='ocrx_word' id='word_1_37' title='bbox 954 895 1126 935; x_wconf 86' lang='lat' dir='ltr'><strong>canon</strong></span> <span class='ocrx_word' id='word_1_38' title='bbox 1160 879 1214 946; x_wconf 90' lang='grc'><strong>1,</strong></span> <span class='ocrx_word' id='word_1_39' title='bbox 1245 878 1331 946; x_wconf 89' lang='grc'><strong>18,</strong></span> <span class='ocrx_word' id='word_1_40' title='bbox 1361 878 1602 948; x_wconf 71' lang='grc'><strong>51,155,</strong></span> <span class='ocrx_word' id='word_1_41' title='bbox 1639 878 1916 948; x_wconf 69' lang='lat'><strong>136,157.</strong></span> 
     </span>
    </p>
   </div>
   <div class='ocr_carea' id='block_1_9' title="bbox 412 1062 1000 1140">
    <p class='ocr_par' dir='ltr' id='par_1_9' title="bbox 412 1062 1000 1140">
     <span class='ocr_line' id='line_1_9' title="bbox 412 1062 1000 1140; baseline -0.009 -17"><span class='ocrx_word' id='word_1_42' title='bbox 412 1065 616 1140; x_wconf 83' lang='lat' dir='ltr'><strong>Synodi</strong></span> <span class='ocrx_word' id='word_1_43' title='bbox 650 1062 718 1119; x_wconf 86' lang='lat' dir='ltr'><strong>Vl</strong></span> <span class='ocrx_word' id='word_1_44' title='bbox 746 1076 917 1119; x_wconf 88' lang='lat' dir='ltr'><strong>canon</strong></span> <span class='ocrx_word' id='word_1_45' title='bbox 943 1062 1000 1118; x_wconf 91' lang='grc'><strong>2.</strong></span> 
     </span>
    </p>
   </div>
   <div class='ocr_carea' id='block_1_10' title="bbox 324 1151 1251 1232">
    <p class='ocr_par' dir='ltr' id='par_1_10' title="bbox 324 1151 1251 1232">
     <span class='ocr_line' id='line_1_10' title="bbox 324 1151 1251 1232; baseline -0.011 -16"><span class='ocrx_word' id='word_1_46' title='bbox 324 1219 328 1222; x_wconf 8' lang='grc' dir='ltr'><em>ἠ</em></span> <span class='ocrx_word' id='word_1_47' title='bbox 424 1159 625 1232; x_wconf 85' lang='lat' dir='ltr'><strong>Synodi</strong></span> <span class='ocrx_word' id='word_1_48' title='bbox 669 1155 758 1214; x_wconf 78' lang='lat' dir='ltr'><strong>VII</strong></span> <span class='ocrx_word' id='word_1_49' title='bbox 793 1170 963 1210; x_wconf 89' lang='lat' dir='ltr'><strong>canon</strong></span> <span class='ocrx_word' id='word_1_50' title='bbox 1006 1151 1138 1222; x_wconf 85' lang='grc'><strong>1,2,</strong></span> <span class='ocrx_word' id='word_1_51' title='bbox 1165 1151 1251 1207; x_wconf 88' lang='grc'><strong>11.</strong></span> 
     </span>
    </p>
   </div>
   <div class='ocr_carea' id='block_1_11' title="bbox 415 1241 1922 1322">
    <p class='ocr_par' dir='ltr' id='par_1_11' title="bbox 415 1241 1922 1322">
     <span class='ocr_line' id='line_1_11' title="bbox 415 1241 1922 1322; baseline -0.006 -16"><span class='ocrx_word' id='word_1_52' title='bbox 415 1247 619 1322; x_wconf 86' lang='lat' dir='ltr'><strong>Synodi</strong></span> <span class='ocrx_word' id='word_1_53' title='bbox 639 1248 699 1303; x_wconf 88' lang='lat' dir='ltr'><strong>in</strong></span> <span class='ocrx_word' id='word_1_54' title='bbox 723 1244 920 1316; x_wconf 89' lang='lat' dir='ltr'><strong>templo</strong></span> <span class='ocrx_word' id='word_1_55' title='bbox 957 1245 1282 1300; x_wconf 88' lang='lat' dir='ltr'><strong>Sanctorum</strong></span> <span class='ocrx_word' id='word_1_56' title='bbox 1340 1241 1722 1314; x_wconf 76' lang='lat' dir='ltr'><strong>Apostolorum</strong></span> <span class='ocrx_word' id='word_1_57' title='bbox 1780 1243 1922 1299; x_wconf 73' lang='lat' dir='ltr'><strong>cele-</strong></span> 
     </span>
    </p>
   </div>
   <div class='ocr_carea' id='block_1_12' title="bbox 346 1341 834 1399">
    <p class='ocr_par' dir='ltr' id='par_1_12' title="bbox 346 1341 834 1399">
     <span class='ocr_line' id='line_1_12' title="bbox 346 1341 834 1399; baseline -0.012 0"><span class='ocrx_word' id='word_1_58' title='bbox 346 1344 513 1399; x_wconf 68' lang='lat' dir='ltr'><strong>brataa</strong></span> <span class='ocrx_word' id='word_1_59' title='bbox 542 1356 714 1397; x_wconf 84' lang='lat' dir='ltr'><strong>canon</strong></span> <span class='ocrx_word' id='word_1_60' title='bbox 747 1341 834 1396; x_wconf 82' lang='lat' dir='ltr'><strong>lt).</strong></span> 
     </span>
    </p>
   </div>
   <div class='ocr_carea' id='block_1_13' title="bbox 411 1427 1140 1491">
    <p class='ocr_par' dir='ltr' id='par_1_13' title="bbox 411 1427 1140 1491">
     <span class='ocr_line' id='line_1_13' title="bbox 411 1427 1140 1491; baseline -0.01 -1"><span class='ocrx_word' id='word_1_61' title='bbox 411 1433 600 1491; x_wconf 83' lang='lat' dir='ltr'><strong>Sancti</strong></span> <span class='ocrx_word' id='word_1_62' title='bbox 636 1431 820 1486; x_wconf 79' lang='lat' dir='ltr'><strong>Basilii</strong></span> <span class='ocrx_word' id='word_1_63' title='bbox 843 1444 1015 1485; x_wconf 86' lang='lat' dir='ltr'><strong>canon</strong></span> <span class='ocrx_word' id='word_1_64' title='bbox 1051 1427 1140 1484; x_wconf 88' lang='lat'><strong>88.</strong></span> 
     </span>
    </p>
   </div>
   <div class='ocr_carea' id='block_1_14' title="bbox 417 1520 1302 1592">
    <p class='ocr_par' dir='ltr' id='par_1_14' title="bbox 417 1520 1302 1592">
     <span class='ocr_line' id='line_1_14' title="bbox 417 1520 1302 1592; baseline -0.008 -10"><span class='ocrx_word' id='word_1_65' title='bbox 417 1523 828 1582; x_wconf 83' lang='lat' dir='ltr'><strong>Constitutionis</strong></span> <span class='ocrx_word' id='word_1_66' title='bbox 852 1531 1010 1592; x_wconf 91' lang='lat' dir='ltr'><strong>caput</strong></span> <span class='ocrx_word' id='word_1_67' title='bbox 1034 1523 1086 1577; x_wconf 94' lang='grc'><strong>1.</strong></span> <span class='ocrx_word' id='word_1_68' title='bbox 1120 1521 1178 1585; x_wconf 93' lang='grc'><strong>2,</strong></span> <span class='ocrx_word' id='word_1_69' title='bbox 1211 1520 1302 1575; x_wconf 88' lang='grc'><strong>22.</strong></span> 
     </span>
    </p>
   </div>
   <div class='ocr_carea' id='block_1_15' title="bbox 419 1611 1923 1687">
    <p class='ocr_par' dir='ltr' id='par_1_15' title="bbox 419 1611 1923 1687">
     <span class='ocr_line' id='line_1_15' title="bbox 419 1611 1923 1687; baseline -0.005 -13"><span class='ocrx_word' id='word_1_70' title='bbox 419 1618 477 1674; x_wconf 74' lang='grc' dir='ltr'>ι.</span> <span class='ocrx_word' id='word_1_71' title='bbox 507 1615 900 1687; x_wconf 85' lang='lat' dir='ltr'><strong>Suscipiendas</strong></span> <span class='ocrx_word' id='word_1_72' title='bbox 931 1627 1059 1673; x_wconf 79' lang='lat' dir='ltr'><strong>esse</strong></span> <span class='ocrx_word' id='word_1_73' title='bbox 1094 1620 1165 1668; x_wconf 86' lang='lat' dir='ltr'><strong>ac</strong></span> <span class='ocrx_word' id='word_1_74' title='bbox 1187 1611 1439 1685; x_wconf 75' lang='lat' dir='ltr'><strong>legendas</strong></span> <span class='ocrx_word' id='word_1_75' title='bbox 1463 1625 1653 1667; x_wconf 90' lang='lat' dir='ltr'><strong>omnes</strong></span> <span class='ocrx_word' id='word_1_76' title='bbox 1677 1619 1923 1682; x_wconf 86' lang='lat' dir='ltr'><strong>receptas</strong></span> 
     </span>
    </p>
   </div>
   <div class='ocr_carea' id='block_1_16' title="bbox 348 1705 1921 1780">
    <p class='ocr_par' dir='ltr' id='par_1_16' title="bbox 348 1705 1921 1780">
     <span class='ocr_line' id='line_1_16' title="bbox 348 1705 1921 1780; baseline -0.004 -11"><span class='ocrx_word' id='word_1_77' title='bbox 348 1713 557 1769; x_wconf 82' lang='lat' dir='ltr'><strong>divinas</strong></span> <span class='ocrx_word' id='word_1_78' title='bbox 589 1708 901 1780; x_wconf 85' lang='lat' dir='ltr'><strong>Scripturas</strong></span> <span class='ocrx_word' id='word_1_79' title='bbox 931 1706 1138 1764; x_wconf 86' lang='lat' dir='ltr'><strong>Veteris</strong></span> <span class='ocrx_word' id='word_1_80' title='bbox 1159 1717 1214 1763; x_wconf 90' lang='lat' dir='ltr'><strong>ct</strong></span> <span class='ocrx_word' id='word_1_81' title='bbox 1239 1705 1372 1763; x_wconf 80' lang='lat' dir='ltr'><strong>Novi</strong></span> <span class='ocrx_word' id='word_1_82' title='bbox 1404 1706 1759 1772; x_wconf 86' lang='lat' dir='ltr'><strong>Testameuti,</strong></span> <span class='ocrx_word' id='word_1_83' title='bbox 1789 1723 1921 1763; x_wconf 86' lang='lat' dir='ltr'><strong>nec-</strong></span> 
     </span>
    </p>
   </div>
   <div class='ocr_carea' id='block_1_17' title="bbox 2027 517 2288 589">
    <p class='ocr_par' dir='ltr' id='par_1_17' title="bbox 2027 517 2288 589">
     <span class='ocr_line' id='line_1_17' title="bbox 2027 517 2288 589; baseline 0.011 -22"><span class='ocrx_word' id='word_1_84' title='bbox 2027 517 2288 589; x_wconf 75' lang='grc' dir='ltr'>ρίζοντοιι.</span> 
     </span>
    </p>
   </div>
   <div class='ocr_carea' id='block_1_18' title="bbox 2097 606 2892 680">
    <p class='ocr_par' dir='ltr' id='par_1_18' title="bbox 2097 606 2892 680">
     <span class='ocr_line' id='line_1_18' title="bbox 2097 606 2892 680; baseline 0.001 -18"><span class='ocrx_word' id='word_1_85' title='bbox 2097 609 2326 662; x_wconf 74' lang='grc' dir='ltr'>Συνόδου</span> <span class='ocrx_word' id='word_1_86' title='bbox 2359 609 2591 680; x_wconf 79' lang='grc' dir='ltr'>Ἐφέσου</span> <span class='ocrx_word' id='word_1_87' title='bbox 2621 609 2801 662; x_wconf 86' lang='grc' dir='ltr'>κανὼν</span> <span class='ocrx_word' id='word_1_88' title='bbox 2829 606 2892 673; x_wconf 70' lang='grc' dir='ltr'><strong>ζ’.</strong></span> 
     </span>
    </p>
   </div>
   <div class='ocr_carea' id='block_1_19' title="bbox 2098 698 3020 772">
    <p class='ocr_par' dir='ltr' id='par_1_19' title="bbox 2098 698 3020 772">
     <span class='ocr_line' id='line_1_19' title="bbox 2098 698 3020 772; baseline 0.008 -23"><span class='ocrx_word' id='word_1_89' title='bbox 2098 699 2327 753; x_wconf 83' lang='grc' dir='ltr'>Συνόδου</span> <span class='ocrx_word' id='word_1_90' title='bbox 2359 701 2703 772; x_wconf 77' lang='grc' dir='ltr'>Καλχηδόνος</span> <span class='ocrx_word' id='word_1_91' title='bbox 2733 700 2915 755; x_wconf 83' lang='grc' dir='ltr'>κανὼν</span> <span class='ocrx_word' id='word_1_92' title='bbox 2948 698 3020 756; x_wconf 89' lang='grc' dir='ltr'><strong>α’.</strong></span> 
     </span>
    </p>
   </div>
   <div class='ocr_carea' id='block_1_20' title="bbox 2096 789 2934 864">
    <p class='ocr_par' dir='ltr' id='par_1_20' title="bbox 2096 789 2934 864">
     <span class='ocr_line' id='line_1_20' title="bbox 2096 789 2934 864; baseline 0.002 -19"><span class='ocrx_word' id='word_1_93' title='bbox 2096 789 2330 845; x_wconf 81' lang='grc' dir='ltr'>Συνόδου</span> <span class='ocrx_word' id='word_1_94' title='bbox 2365 791 2614 864; x_wconf 74' lang='grc' dir='ltr'>Σάρδεων</span> <span class='ocrx_word' id='word_1_95' title='bbox 2649 791 2831 846; x_wconf 88' lang='grc' dir='ltr'>κανὼν</span> <span class='ocrx_word' id='word_1_96' title='bbox 2863 793 2934 847; x_wconf 84' lang='grc' dir='ltr'><strong>κ’.</strong></span> 
     </span>
    </p>
   </div>
   <div class='ocr_carea' id='block_1_21' title="bbox 2090 879 3602 957">
    <p class='ocr_par' dir='ltr' id='par_1_21' title="bbox 2090 879 3602 957">
     <span class='ocr_line' id='line_1_21' title="bbox 2090 879 3602 957; baseline 0.004 -23"><span class='ocrx_word' id='word_1_97' title='bbox 2090 882 2320 935; x_wconf 77' lang='grc' dir='ltr'>Συνόδου</span> <span class='ocrx_word' id='word_1_98' title='bbox 2345 885 2705 957; x_wconf 81' lang='grc' dir='ltr'>Καρθαγένης</span> <span class='ocrx_word' id='word_1_99' title='bbox 2733 883 2913 938; x_wconf 85' lang='grc' dir='ltr'>κανὼν</span> <span class='ocrx_word' id='word_1_100' title='bbox 2945 881 3014 950; x_wconf 87' lang='grc' dir='ltr'><strong>α’,</strong></span> <span class='ocrx_word' id='word_1_101' title='bbox 3047 881 3138 956; x_wconf 78' lang='grc' dir='ltr'><strong>ιη’,</strong></span> <span class='ocrx_word' id='word_1_102' title='bbox 3159 883 3257 951; x_wconf 84' lang='grc' dir='ltr'>λδ⁹,</span> <span class='ocrx_word' id='word_1_103' title='bbox 3294 879 3420 956; x_wconf 85' lang='grc' dir='ltr'>ρλε⁹,</span> <span class='ocrx_word' id='word_1_104' title='bbox 3454 884 3602 957; x_wconf 68' lang='grc' dir='ltr'><strong>ρ).ςῆ</strong></span> 
     </span>
    </p>
   </div>
   <div class='ocr_carea' id='block_1_22' title="bbox 2060 973 2160 1040">
    <p class='ocr_par' dir='ltr' id='par_1_22' title="bbox 2060 973 2160 1040">
     <span class='ocr_line' id='line_1_22' title="bbox 2060 973 2160 1040; baseline 0.04 -14"><span class='ocrx_word' id='word_1_105' title='bbox 2060 973 2160 1040; x_wconf 79' lang='grc' dir='ltr'>λζ’.</span> 
     </span>
    </p>
   </div>
   <div class='ocr_carea' id='block_1_23' title="bbox 2094 1062 2734 1141">
    <p class='ocr_par' dir='ltr' id='par_1_23' title="bbox 2094 1062 2734 1141">
     <span class='ocr_line' id='line_1_23' title="bbox 2094 1062 2734 1141; baseline 0.005 -20"><span class='ocrx_word' id='word_1_106' title='bbox 2094 1069 2325 1124; x_wconf 80' lang='grc' dir='ltr'>Συνόδου</span> <span class='ocrx_word' id='word_1_107' title='bbox 2360 1068 2416 1135; x_wconf 82' lang='grc' dir='ltr'>ς’</span> <span class='ocrx_word' id='word_1_108' title='bbox 2451 1068 2632 1124; x_wconf 86' lang='grc' dir='ltr'>κανὼν</span> <span class='ocrx_word' id='word_1_109' title='bbox 2668 1062 2734 1141; x_wconf 79' lang='grc' dir='ltr'><strong>β’.</strong></span> 
     </span>
    </p>
   </div>
   <div class='ocr_carea' id='block_1_24' title="bbox 2099 1163 2937 1238">
    <p class='ocr_par' dir='ltr' id='par_1_24' title="bbox 2099 1163 2937 1238">
     <span class='ocr_line' id='line_1_24' title="bbox 2099 1163 2937 1238; baseline 0.001 -18"><span class='ocrx_word' id='word_1_110' title='bbox 2099 1166 2326 1220; x_wconf 84' lang='grc' dir='ltr'>Συνόδου</span> <span class='ocrx_word' id='word_1_111' title='bbox 2358 1165 2404 1230; x_wconf 68' lang='grc' dir='ltr'><strong>ζ’</strong></span> <span class='ocrx_word' id='word_1_112' title='bbox 2427 1164 2608 1220; x_wconf 82' lang='grc' dir='ltr'>κανὼν</span> <span class='ocrx_word' id='word_1_113' title='bbox 2643 1173 2712 1231; x_wconf 93' lang='grc' dir='ltr'><strong>α’,</strong></span> <span class='ocrx_word' id='word_1_114' title='bbox 2747 1163 2814 1238; x_wconf 85' lang='grc' dir='ltr'><strong>β’,</strong></span> <span class='ocrx_word' id='word_1_115' title='bbox 2846 1165 2937 1221; x_wconf 87' lang='grc' dir='ltr'>ια’.</span> 
     </span>
    </p>
   </div>
   <div class='ocr_carea' id='block_1_25' title="bbox 2095 1260 3602 1335">
    <p class='ocr_par' dir='ltr' id='par_1_25' title="bbox 2095 1260 3602 1335">
     <span class='ocr_line' id='line_1_25' title="bbox 2095 1260 3602 1335; baseline 0.005 -19"><span class='ocrx_word' id='word_1_116' title='bbox 2095 1264 2208 1335; x_wconf 78' lang='grc' dir='ltr'><strong>Τῆς</strong></span> <span class='ocrx_word' id='word_1_117' title='bbox 2239 1264 2296 1317; x_wconf 82' lang='grc' dir='ltr'>ὲν</span> <span class='ocrx_word' id='word_1_118' title='bbox 2319 1261 2396 1332; x_wconf 82' lang='grc' dir='ltr'><strong>τῷ</strong></span> <span class='ocrx_word' id='word_1_119' title='bbox 2435 1264 2547 1332; x_wconf 70' lang='grc' dir='ltr'>ναῷ</span> <span class='ocrx_word' id='word_1_120' title='bbox 2578 1260 2689 1316; x_wconf 89' lang='grc' dir='ltr'><strong>τῶν</strong></span> <span class='ocrx_word' id='word_1_121' title='bbox 2728 1261 2924 1331; x_wconf 85' lang='grc' dir='ltr'>Ἀγίων</span> <span class='ocrx_word' id='word_1_122' title='bbox 2966 1262 3310 1318; x_wconf 84' lang='grc' dir='ltr'>Ἀποστόλων</span> <span class='ocrx_word' id='word_1_123' title='bbox 3343 1264 3519 1320; x_wconf 86' lang='grc' dir='ltr'>κανὼν</span> <span class='ocrx_word' id='word_1_124' title='bbox 3547 1271 3602 1324; x_wconf 84' lang='grc' dir='ltr'><strong>ι’.</strong></span> 
     </span>
    </p>
   </div>
   <div class='ocr_carea' id='block_1_26' title="bbox 2099 1440 3072 1514">
    <p class='ocr_par' dir='ltr' id='par_1_26' title="bbox 2099 1440 3072 1514">
     <span class='ocr_line' id='line_1_26' title="bbox 2099 1440 3072 1514; baseline -0.002 -16"><span class='ocrx_word' id='word_1_125' title='bbox 2099 1443 2208 1499; x_wconf 74' lang='grc' dir='ltr'><strong>Τοῦ</strong></span> <span class='ocrx_word' id='word_1_126' title='bbox 2239 1443 2396 1511; x_wconf 88' lang='grc' dir='ltr'>ἀγίου</span> <span class='ocrx_word' id='word_1_127' title='bbox 2425 1441 2711 1495; x_wconf 82' lang='grc' dir='ltr'>Βασιλεὶου</span> <span class='ocrx_word' id='word_1_128' title='bbox 2743 1441 2924 1496; x_wconf 73' lang='grc' dir='ltr'>κανὼν</span> <span class='ocrx_word' id='word_1_129' title='bbox 2954 1440 3072 1514; x_wconf 64' lang='lat' dir='ltr'><strong>mf.</strong></span> 
     </span>
    </p>
   </div>
   <div class='ocr_carea' id='block_1_27' title="bbox 2095 1532 3017 1606">
    <p class='ocr_par' dir='ltr' id='par_1_27' title="bbox 2095 1532 3017 1606">
     <span class='ocr_line' id='line_1_27' title="bbox 2095 1532 3017 1606; baseline 0.001 -16"><span class='ocrx_word' id='word_1_130' title='bbox 2095 1535 2342 1606; x_wconf 77' lang='grc' dir='ltr'>Νομικὺν</span> <span class='ocrx_word' id='word_1_131' title='bbox 2373 1535 2674 1604; x_wconf 76' lang='grc' dir='ltr'>κεφάλαιον</span> <span class='ocrx_word' id='word_1_132' title='bbox 2703 1541 2773 1601; x_wconf 87' lang='grc' dir='ltr'><strong>α’,</strong></span> <span class='ocrx_word' id='word_1_133' title='bbox 2805 1532 2872 1606; x_wconf 80' lang='grc' dir='ltr'><strong>β’,</strong></span> <span class='ocrx_word' id='word_1_134' title='bbox 2911 1535 3017 1606; x_wconf 80' lang='grc' dir='ltr'><strong>κβ’.</strong></span> 
     </span>
    </p>
   </div>
   <div class='ocr_carea' id='block_1_28' title="bbox 2099 1625 3605 1700">
    <p class='ocr_par' dir='ltr' id='par_1_28' title="bbox 2099 1625 3605 1700">
     <span class='ocr_line' id='line_1_28' title="bbox 2099 1625 3605 1700; baseline 0.002 -17"><span class='ocrx_word' id='word_1_135' title='bbox 2099 1625 2162 1683; x_wconf 89' lang='grc' dir='ltr'><strong>δ’.</strong></span> <span class='ocrx_word' id='word_1_136' title='bbox 2193 1627 2318 1682; x_wconf 74' lang='grc' dir='ltr'><strong>Ὀτι</strong></span> <span class='ocrx_word' id='word_1_137' title='bbox 2340 1627 2423 1682; x_wconf 85' lang='grc' dir='ltr'><strong>δεῖ</strong></span> <span class='ocrx_word' id='word_1_138' title='bbox 2448 1626 2702 1700; x_wconf 84' lang='grc' dir='ltr'>δέχεσθαι</span> <span class='ocrx_word' id='word_1_139' title='bbox 2743 1629 2839 1681; x_wconf 70' lang='grc' dir='ltr'>καὶ</span> <span class='ocrx_word' id='word_1_140' title='bbox 2869 1627 3270 1697; x_wconf 78' lang='grc' dir='ltr'><strong>ἀναγινώσκειν</strong></span> <span class='ocrx_word' id='word_1_141' title='bbox 3300 1630 3481 1696; x_wconf 85' lang='grc' dir='ltr'>πάσας</span> <span class='ocrx_word' id='word_1_142' title='bbox 3505 1630 3605 1698; x_wconf 78' lang='grc' dir='ltr'>τὰς</span> 
     </span>
    </p>
   </div>
   <div class='ocr_carea' id='block_1_29' title="bbox 2028 1720 3669 1793">
    <p class='ocr_par' dir='ltr' id='par_1_29' title="bbox 2028 1720 3669 1793">
     <span class='ocr_line' id='line_1_29' title="bbox 2028 1720 3669 1793; baseline 0 -17"><span class='ocrx_word' id='word_1_143' title='bbox 2028 1721 2357 1793; x_wconf 76' lang='grc' dir='ltr'><strong>δεδεγμένας</strong></span> <span class='ocrx_word' id='word_1_144' title='bbox 2391 1720 2540 1785; x_wconf 70' lang='grc' dir='ltr'>θείας</span> <span class='ocrx_word' id='word_1_145' title='bbox 2565 1720 2812 1792; x_wconf 80' lang='grc' dir='ltr'>Γραφάς,</span> <span class='ocrx_word' id='word_1_146' title='bbox 2845 1720 2947 1792; x_wconf 86' lang='grc' dir='ltr'>τῆς</span> <span class='ocrx_word' id='word_1_147' title='bbox 2981 1738 3044 1775; x_wconf 86' lang='grc' dir='ltr'><strong>τε</strong></span> <span class='ocrx_word' id='word_1_148' title='bbox 3071 1721 3314 1788; x_wconf 80' lang='grc' dir='ltr'>Παλαιᾶς</span> <span class='ocrx_word' id='word_1_149' title='bbox 3345 1725 3440 1778; x_wconf 75' lang='grc' dir='ltr'>καὶ</span> <span class='ocrx_word' id='word_1_150' title='bbox 3471 1725 3609 1779; x_wconf 85' lang='grc' dir='ltr'>Και-</span> <span class='ocrx_word' id='word_1_151' title='bbox 3664 1788 3669 1793; x_wconf 12' lang='grc' dir='ltr'><strong><em>ἡ</em></strong></span> 
     </span>
    </p>
   </div>
   <div class='ocr_carea' id='block_1_30' title="bbox 347 1799 1935 1886">
    <p class='ocr_par' dir='ltr' id='par_1_30' title="bbox 347 1799 1920 1860">
     <span class='ocr_line' id='line_1_30' title="bbox 347 1799 1920 1860; baseline -0.003 0"><span class='ocrx_word' id='word_1_152' title='bbox 347 1819 453 1860; x_wconf 88' lang='lat' dir='ltr'><strong>non</strong></span> <span class='ocrx_word' id='word_1_153' title='bbox 485 1813 540 1859; x_wconf 87' lang='lat' dir='ltr'><strong>et</strong></span> <span class='ocrx_word' id='word_1_154' title='bbox 562 1811 872 1858; x_wconf 82' lang='lat' dir='ltr'><strong>sanctorum</strong></span> <span class='ocrx_word' id='word_1_155' title='bbox 905 1799 1124 1855; x_wconf 87' lang='lat' dir='ltr'><strong>Patrum</strong></span> <span class='ocrx_word' id='word_1_156' title='bbox 1156 1811 1461 1856; x_wconf 89' lang='lat' dir='ltr'><strong>nostrorum</strong></span> <span class='ocrx_word' id='word_1_157' title='bbox 1525 1813 1581 1856; x_wconf 88' lang='lat' dir='ltr'><strong>et</strong></span> <span class='ocrx_word' id='word_1_158' title='bbox 1637 1801 1920 1855; x_wconf 86' lang='lat' dir='ltr'><strong>doctorum</strong></span> 
     </span>
    </p>
   </div>
   <div class='ocr_carea' id='block_1_31' title="bbox 2041 1799 3606 1886">
    <p class='ocr_par' dir='ltr' id='par_1_31' title="bbox 2041 1813 3606 1886">
     <span class='ocr_line' id='line_1_31' title="bbox 2041 1813 3606 1886; baseline -0.001 -16"><span class='ocrx_word' id='word_1_159' title='bbox 2041 1816 2124 1886; x_wconf 62' lang='grc' dir='ltr'>νῆς</span> <span class='ocrx_word' id='word_1_160' title='bbox 2153 1815 2452 1886; x_wconf 74' lang='grc' dir='ltr'>Διαθήκης,</span> <span class='ocrx_word' id='word_1_161' title='bbox 2488 1815 2582 1868; x_wconf 73' lang='grc' dir='ltr'>καὶ</span> <span class='ocrx_word' id='word_1_162' title='bbox 2607 1813 2707 1877; x_wconf 81' lang='grc' dir='ltr'>τὰς</span> <span class='ocrx_word' id='word_1_163' title='bbox 2738 1814 3061 1884; x_wconf 79' lang='grc' dir='ltr'>συγγραφὰς</span> <span class='ocrx_word' id='word_1_164' title='bbox 3089 1815 3198 1868; x_wconf 82' lang='grc' dir='ltr'><strong>τῶν</strong></span> <span class='ocrx_word' id='word_1_165' title='bbox 3228 1815 3400 1884; x_wconf 82' lang='grc' dir='ltr'>ἁγίων</span> <span class='ocrx_word' id='word_1_166' title='bbox 3431 1815 3606 1880; x_wconf 78' lang='grc' dir='ltr'>Πατέ-</span> 
     </span>
    </p>
   </div>
   <div class='ocr_carea' id='block_1_32' title="bbox 347 1892 1923 1978">
    <p class='ocr_par' dir='ltr' id='par_1_32' title="bbox 347 1892 1923 1978">
     <span class='ocr_line' id='line_1_32' title="bbox 347 1892 1923 1978; baseline -0.002 -25"><span class='ocrx_word' id='word_1_167' title='bbox 347 1896 586 1968; x_wconf 88' lang='lat' dir='ltr'><strong>scripta;</strong></span> <span class='ocrx_word' id='word_1_168' title='bbox 618 1903 784 1966; x_wconf 87' lang='lat' dir='ltr'><strong>atque</strong></span> <span class='ocrx_word' id='word_1_169' title='bbox 805 1909 869 1949; x_wconf 83' lang='lat' dir='ltr'><strong>ex</strong></span> <span class='ocrx_word' id='word_1_170' title='bbox 913 1894 979 1948; x_wconf 91' lang='lat' dir='ltr'><strong>iis</strong></span> <span class='ocrx_word' id='word_1_171' title='bbox 999 1896 1289 1970; x_wconf 71' lang='lat' dir='ltr'><strong>episcopos</strong></span> <span class='ocrx_word' id='word_1_172' title='bbox 1331 1892 1563 1964; x_wconf 78' lang='lat' dir='ltr'><strong>singulis</strong></span> <span class='ocrx_word' id='word_1_173' title='bbox 1613 1893 1923 1978; x_wconf 38' lang='lat' dir='ltr'><strong>.Dominicis</strong></span> 
     </span>
    </p>
   </div>
   <div class='ocr_carea' id='block_1_33' title="bbox 347 1986 1925 2062">
    <p class='ocr_par' dir='ltr' id='par_1_33' title="bbox 347 1986 1925 2062">
     <span class='ocr_line' id='line_1_33' title="bbox 347 1986 1925 2062; baseline -0.004 -17"><span class='ocrx_word' id='word_1_174' title='bbox 347 1990 547 2062; x_wconf 83' lang='lat' dir='ltr'><strong>aliquid</strong></span> <span class='ocrx_word' id='word_1_175' title='bbox 583 1989 839 2061; x_wconf 84' lang='lat' dir='ltr'><strong>populum</strong></span> <span class='ocrx_word' id='word_1_176' title='bbox 871 1987 1121 2044; x_wconf 87' lang='lat' dir='ltr'><strong>edocere.</strong></span> <span class='ocrx_word' id='word_1_177' title='bbox 1148 1986 1248 2052; x_wconf 81' lang='lat' dir='ltr'><strong>Qui</strong></span> <span class='ocrx_word' id='word_1_178' title='bbox 1288 2000 1417 2039; x_wconf 81' lang='lat' dir='ltr'><strong>vero</strong></span> <span class='ocrx_word' id='word_1_179' title='bbox 1450 1994 1809 2054; x_wconf 85' lang='lat' dir='ltr'><strong>corrumpunt</strong></span> <span class='ocrx_word' id='word_1_180' title='bbox 1831 1993 1925 2038; x_wconf 83' lang='lat' dir='ltr'><strong>aut</strong></span> 
     </span>
    </p>
   </div>
   <div class='ocr_carea' id='block_1_34' title="bbox 2031 1905 3606 1986">
    <p class='ocr_par' dir='ltr' id='par_1_34' title="bbox 2031 1905 3606 1986">
     <span class='ocr_line' id='line_1_34' title="bbox 2031 1905 3606 1986; baseline -0.001 -24"><span class='ocrx_word' id='word_1_181' title='bbox 2031 1925 2138 1982; x_wconf 88' lang='grc' dir='ltr'><strong>ρων</strong></span> <span class='ocrx_word' id='word_1_182' title='bbox 2194 1907 2351 1980; x_wconf 77' lang='grc' dir='ltr'>ἡμῶν</span> <span class='ocrx_word' id='word_1_183' title='bbox 2381 1908 2478 1962; x_wconf 80' lang='grc' dir='ltr'>καὶ</span> <span class='ocrx_word' id='word_1_184' title='bbox 2511 1905 2852 1961; x_wconf 73' lang='grc' dir='ltr'><strong>διδασκάλων</strong></span> <span class='ocrx_word' id='word_1_185' title='bbox 2876 1919 2893 1938; x_wconf 77' lang='lat'><strong><em>‘</em></strong></span> <span class='ocrx_word' id='word_1_186' title='bbox 2927 1907 3199 1962; x_wconf 75' lang='grc' dir='ltr'>διδάσκειν</span> <span class='ocrx_word' id='word_1_187' title='bbox 3226 1925 3286 1960; x_wconf 89' lang='grc' dir='ltr'><strong>τε</strong></span> <span class='ocrx_word' id='word_1_188' title='bbox 3325 1907 3454 1972; x_wconf 80' lang='grc' dir='ltr'>τοὺς</span> <span class='ocrx_word' id='word_1_189' title='bbox 3484 1909 3606 1986; x_wconf 72' lang='grc' dir='ltr'>ὲττι-</span> 
     </span>
    </p>
   </div>
   <div class='ocr_carea' id='block_1_35' title="bbox 2030 1999 3608 2073">
    <p class='ocr_par' dir='ltr' id='par_1_35' title="bbox 2030 1999 3608 2073">
     <span class='ocr_line' id='line_1_35' title="bbox 2030 1999 3608 2073; baseline 0 -16"><span class='ocrx_word' id='word_1_190' title='bbox 2030 2003 2267 2065; x_wconf 80' lang='grc' dir='ltr'>σκόπους</span> <span class='ocrx_word' id='word_1_191' title='bbox 2300 2006 2364 2056; x_wconf 80' lang='grc' dir='ltr'>ἐκ</span> <span class='ocrx_word' id='word_1_192' title='bbox 2389 2001 2598 2056; x_wconf 84' lang='grc' dir='ltr'>τούτων</span> <span class='ocrx_word' id='word_1_193' title='bbox 2630 1999 2752 2055; x_wconf 86' lang='grc' dir='ltr'>καθ’</span> <span class='ocrx_word' id='word_1_194' title='bbox 2775 2000 3014 2072; x_wconf 80' lang='grc' dir='ltr'>ἑκάστην</span> <span class='ocrx_word' id='word_1_195' title='bbox 3033 1999 3321 2073; x_wconf 80' lang='grc' dir='ltr'>Κυριακὴν</span> <span class='ocrx_word' id='word_1_196' title='bbox 3343 2001 3434 2054; x_wconf 76' lang='grc' dir='ltr'>τὸν</span> <span class='ocrx_word' id='word_1_197' title='bbox 3457 2000 3608 2057; x_wconf 84' lang='grc' dir='ltr'>λαόν.</span> 
     </span>
    </p>
   </div>
   <div class='ocr_carea' id='block_1_36' title="bbox 347 2078 1935 2168">
    <p class='ocr_par' dir='ltr' id='par_1_36' title="bbox 347 2078 1925 2158">
     <span class='ocr_line' id='line_1_36' title="bbox 347 2078 1925 2158; baseline -0.006 -17"><span class='ocrx_word' id='word_1_198' title='bbox 347 2085 638 2158; x_wconf 81' lang='lat' dir='ltr'><strong>concidunt</strong></span> <span class='ocrx_word' id='word_1_199' title='bbox 663 2082 865 2154; x_wconf 89' lang='lat' dir='ltr'><strong>aliquid</strong></span> <span class='ocrx_word' id='word_1_200' title='bbox 890 2096 956 2137; x_wconf 80' lang='lat' dir='ltr'><strong>ex</strong></span> <span class='ocrx_word' id='word_1_201' title='bbox 989 2081 1071 2136; x_wconf 89' lang='lat' dir='ltr'><strong>his</strong></span> <span class='ocrx_word' id='word_1_202' title='bbox 1093 2079 1496 2142; x_wconf 81' lang='lat' dir='ltr'><strong>sacrisLibris,</strong></span> <span class='ocrx_word' id='word_1_203' title='bbox 1549 2078 1925 2134; x_wconf 71' lang='lat' dir='ltr'><strong>excommuni-</strong></span> 
     </span>
    </p>
   </div>
   <div class='ocr_carea' id='block_1_37' title="bbox 2041 2078 3610 2168">
    <p class='ocr_par' dir='ltr' id='par_1_37' title="bbox 2041 2087 3610 2168">
     <span class='ocr_line' id='line_1_37' title="bbox 2041 2087 3610 2168; baseline -0.003 -17"><span class='ocrx_word' id='word_1_204' title='bbox 2041 2097 2092 2151; x_wconf 80' lang='lat' dir='ltr'><strong>Di</strong></span> <span class='ocrx_word' id='word_1_205' title='bbox 2120 2096 2176 2150; x_wconf 84' lang='grc' dir='ltr'>δὲ</span> <span class='ocrx_word' id='word_1_206' title='bbox 2206 2094 2619 2168; x_wconf 79' lang='grc' dir='ltr'>διαφθείροντες</span> <span class='ocrx_word' id='word_1_207' title='bbox 2641 2095 2677 2166; x_wconf 77' lang='grc' dir='ltr'><strong>ἢ</strong></span> <span class='ocrx_word' id='word_1_208' title='bbox 2704 2097 3142 2166; x_wconf 72' lang='grc' dir='ltr'><strong>κατατέμνοντες</strong></span> <span class='ocrx_word' id='word_1_209' title='bbox 3171 2098 3236 2149; x_wconf 74' lang='grc' dir='ltr'>ἐκ</span> <span class='ocrx_word' id='word_1_210' title='bbox 3260 2087 3470 2150; x_wconf 82' lang='grc' dir='ltr'>τούτων</span> <span class='ocrx_word' id='word_1_211' title='bbox 3498 2092 3610 2148; x_wconf 80' lang='grc' dir='ltr'><strong>τῶν</strong></span> 
     </span>
    </p>
   </div>
   <div class='ocr_carea' id='block_1_38' title="bbox 346 2183 567 2232">
    <p class='ocr_par' dir='ltr' id='par_1_38' title="bbox 346 2183 567 2232">
     <span class='ocr_line' id='line_1_38' title="bbox 346 2183 567 2232; baseline -0.005 0"><span class='ocrx_word' id='word_1_212' title='bbox 346 2183 567 2232; x_wconf 79' lang='lat' dir='ltr'><strong>cantur.</strong></span> 
     </span>
    </p>
   </div>
   <div class='ocr_carea' id='block_1_39' title="bbox 419 2261 1469 2336">
    <p class='ocr_par' dir='ltr' id='par_1_39' title="bbox 419 2261 1469 2336">
     <span class='ocr_line' id='line_1_39' title="bbox 419 2261 1469 2336; baseline -0.005 -13"><span class='ocrx_word' id='word_1_213' title='bbox 419 2267 745 2323; x_wconf 78' lang='lat' dir='ltr'><strong>Sanctorum</strong></span> <span class='ocrx_word' id='word_1_214' title='bbox 774 2263 1142 2336; x_wconf 74' lang='lat' dir='ltr'><strong>apostolorum</strong></span> <span class='ocrx_word' id='word_1_215' title='bbox 1173 2277 1348 2317; x_wconf 84' lang='lat' dir='ltr'><strong>canon</strong></span> <span class='ocrx_word' id='word_1_216' title='bbox 1375 2261 1469 2318; x_wconf 83' lang='lat'><strong>85.</strong></span> 
     </span>
    </p>
   </div>
   <div class='ocr_carea' id='block_1_40' title="bbox 422 2357 1302 2434">
    <p class='ocr_par' dir='ltr' id='par_1_40' title="bbox 422 2357 1302 2434">
     <span class='ocr_line' id='line_1_40' title="bbox 422 2357 1302 2434; baseline -0.008 -17"><span class='ocrx_word' id='word_1_217' title='bbox 422 2360 628 2434; x_wconf 79' lang='lat' dir='ltr'><strong>Synodi</strong></span> <span class='ocrx_word' id='word_1_218' title='bbox 663 2359 978 2416; x_wconf 65' lang='lat' dir='ltr'><strong>Laodicenaz</strong></span> <span class='ocrx_word' id='word_1_219' title='bbox 1007 2373 1181 2412; x_wconf 85' lang='lat' dir='ltr'><strong>canon</strong></span> <span class='ocrx_word' id='word_1_220' title='bbox 1211 2357 1302 2413; x_wconf 89' lang='lat'><strong>60.</strong></span> 
     </span>
    </p>
   </div>
   <div class='ocr_carea' id='block_1_41' title="bbox 428 2447 1450 2524">
    <p class='ocr_par' dir='ltr' id='par_1_41' title="bbox 428 2447 1450 2524">
     <span class='ocr_line' id='line_1_41' title="bbox 428 2447 1450 2524; baseline -0.005 -18"><span class='ocrx_word' id='word_1_221' title='bbox 428 2452 631 2524; x_wconf 81' lang='lat' dir='ltr'><strong>Synodi</strong></span> <span class='ocrx_word' id='word_1_222' title='bbox 662 2448 1128 2520; x_wconf 74' lang='lat' dir='ltr'><strong>Carthaginiensis</strong></span> <span class='ocrx_word' id='word_1_223' title='bbox 1159 2464 1334 2505; x_wconf 90' lang='lat' dir='ltr'><strong>canon</strong></span> <span class='ocrx_word' id='word_1_224' title='bbox 1358 2447 1450 2502; x_wconf 70' lang='grc'><strong>24.</strong></span> 
     </span>
    </p>
   </div>
   <div class='ocr_carea' id='block_1_42' title="bbox 422 2539 1229 2617">
    <p class='ocr_par' dir='ltr' id='par_1_42' title="bbox 422 2539 1229 2617">
     <span class='ocr_line' id='line_1_42' title="bbox 422 2539 1229 2617; baseline -0.009 -16"><span class='ocrx_word' id='word_1_225' title='bbox 422 2543 623 2617; x_wconf 78' lang='lat' dir='ltr'><strong>Synodi</strong></span> <span class='ocrx_word' id='word_1_226' title='bbox 664 2541 736 2597; x_wconf 75' lang='lat' dir='ltr'><strong>Vl</strong></span> <span class='ocrx_word' id='word_1_227' title='bbox 757 2557 928 2597; x_wconf 89' lang='lat' dir='ltr'><strong>canon</strong></span> <span class='ocrx_word' id='word_1_228' title='bbox 959 2541 1023 2596; x_wconf 87' lang='grc'><strong>19</strong></span> <span class='ocrx_word' id='word_1_229' title='bbox 1055 2550 1111 2596; x_wconf 90' lang='lat' dir='ltr'><strong>et</strong></span> <span class='ocrx_word' id='word_1_230' title='bbox 1137 2539 1229 2595; x_wconf 86' lang='lat'><strong>68.</strong></span> 
     </span>
    </p>
   </div>
   <div class='ocr_carea' id='block_1_43' title="bbox 420 2631 1924 2705">
    <p class='ocr_par' dir='ltr' id='par_1_43' title="bbox 420 2631 1924 2705">
     <span class='ocr_line' id='line_1_43' title="bbox 420 2631 1924 2705; baseline -0.001 -13"><span class='ocrx_word' id='word_1_231' title='bbox 420 2635 625 2692; x_wconf 70' lang='lat' dir='ltr'><strong>Versus</strong></span> <span class='ocrx_word' id='word_1_232' title='bbox 643 2633 1080 2704; x_wconf 78' lang='lat' dir='ltr'><strong>sanctiGregorii</strong></span> <span class='ocrx_word' id='word_1_233' title='bbox 1108 2631 1392 2705; x_wconf 80' lang='lat' dir='ltr'><strong>Theologi,</strong></span> <span class='ocrx_word' id='word_1_234' title='bbox 1420 2643 1473 2689; x_wconf 91' lang='lat' dir='ltr'><strong>et</strong></span> <span class='ocrx_word' id='word_1_235' title='bbox 1506 2633 1714 2690; x_wconf 85' lang='lat' dir='ltr'><strong>Versus</strong></span> <span class='ocrx_word' id='word_1_236' title='bbox 1746 2636 1924 2692; x_wconf 88' lang='lat' dir='ltr'><strong>sancti</strong></span> 
     </span>
    </p>
   </div>
   <div class='ocr_carea' id='block_1_44' title="bbox 354 2728 741 2799">
    <p class='ocr_par' dir='ltr' id='par_1_44' title="bbox 354 2728 741 2799">
     <span class='ocr_line' id='line_1_44' title="bbox 354 2728 741 2799; baseline -0.005 -14"><span class='ocrx_word' id='word_1_237' title='bbox 354 2734 395 2785; x_wconf 65' lang='lat' dir='ltr'><strong>Pi</strong></span> <span class='ocrx_word' id='word_1_238' title='bbox 406 2728 741 2799; x_wconf 88' lang='lat' dir='ltr'><strong>mphilochii.</strong></span> 
     </span>
    </p>
   </div>
   <div class='ocr_carea' id='block_1_45' title="bbox 420 2819 1930 2890">
    <p class='ocr_par' dir='ltr' id='par_1_45' title="bbox 420 2819 1930 2890">
     <span class='ocr_line' id='line_1_45' title="bbox 420 2819 1930 2890; baseline -0.004 -12"><span class='ocrx_word' id='word_1_239' title='bbox 420 2823 480 2878; x_wconf 87' lang='grc'><strong>5.</strong></span> <span class='ocrx_word' id='word_1_240' title='bbox 506 2821 625 2878; x_wconf 83' lang='lat' dir='ltr'><strong>Non</strong></span> <span class='ocrx_word' id='word_1_241' title='bbox 656 2834 779 2876; x_wconf 86' lang='lat' dir='ltr'><strong>esse</strong></span> <span class='ocrx_word' id='word_1_242' title='bbox 803 2819 1056 2890; x_wconf 78' lang='lat' dir='ltr'><strong>legendos</strong></span> <span class='ocrx_word' id='word_1_243' title='bbox 1113 2819 1168 2874; x_wconf 93' lang='lat' dir='ltr'><strong>in</strong></span> <span class='ocrx_word' id='word_1_244' title='bbox 1219 2819 1448 2875; x_wconf 89' lang='lat' dir='ltr'><strong>ecclesia</strong></span> <span class='ocrx_word' id='word_1_245' title='bbox 1499 2819 1788 2890; x_wconf 88' lang='lat' dir='ltr'><strong>impiorum</strong></span> <span class='ocrx_word' id='word_1_246' title='bbox 1861 2819 1930 2873; x_wconf 89' lang='lat' dir='ltr'><strong>li-</strong></span> 
     </span>
    </p>
   </div>
   <div class='ocr_carea' id='block_1_46' title="bbox 356 2911 1927 2984">
    <p class='ocr_par' dir='ltr' id='par_1_46' title="bbox 356 2911 1927 2984">
     <span class='ocr_line' id='line_1_46' title="bbox 356 2911 1927 2984; baseline -0.004 -13"><span class='ocrx_word' id='word_1_247' title='bbox 356 2918 505 2982; x_wconf 84' lang='lat' dir='ltr'><strong>bros,</strong></span> <span class='ocrx_word' id='word_1_248' title='bbox 538 2924 629 2970; x_wconf 89' lang='lat' dir='ltr'><strong>aut</strong></span> <span class='ocrx_word' id='word_1_249' title='bbox 665 2928 729 2968; x_wconf 88' lang='lat' dir='ltr'><strong>ea</strong></span> <span class='ocrx_word' id='word_1_250' title='bbox 773 2927 894 2983; x_wconf 73' lang='lat' dir='ltr'><strong>quae</strong></span> <span class='ocrx_word' id='word_1_251' title='bbox 950 2913 1202 2968; x_wconf 86' lang='lat' dir='ltr'><strong>dicuntur</strong></span> <span class='ocrx_word' id='word_1_252' title='bbox 1252 2913 1581 2984; x_wconf 84' lang='lat' dir='ltr'><strong>apocrypha,</strong></span> <span class='ocrx_word' id='word_1_253' title='bbox 1638 2925 1732 2967; x_wconf 87' lang='lat' dir='ltr'><strong>aut</strong></span> <span class='ocrx_word' id='word_1_254' title='bbox 1791 2911 1927 2968; x_wconf 78' lang='lat' dir='ltr'><strong>falsa</strong></span> 
     </span>
    </p>
   </div>
   <div class='ocr_carea' id='block_1_47' title="bbox 355 3007 1972 3087">
    <p class='ocr_par' dir='ltr' id='par_1_47' title="bbox 355 3007 1972 3087">
     <span class='ocr_line' id='line_1_47' title="bbox 355 3007 1972 3087; baseline -0.003 -21"><span class='ocrx_word' id='word_1_255' title='bbox 355 3008 761 3081; x_wconf 71' lang='lat' dir='ltr'><strong>martyrologiu,</strong></span> <span class='ocrx_word' id='word_1_256' title='bbox 791 3017 974 3075; x_wconf 85' lang='lat' dir='ltr'><strong>utpote</strong></span> <span class='ocrx_word' id='word_1_257' title='bbox 1027 3021 1146 3078; x_wconf 65' lang='lat' dir='ltr'><strong>quae</strong></span> <span class='ocrx_word' id='word_1_258' title='bbox 1191 3007 1244 3062; x_wconf 92' lang='lat' dir='ltr'><strong>in</strong></span> <span class='ocrx_word' id='word_1_259' title='bbox 1297 3007 1668 3087; x_wconf 80' lang='lat' dir='ltr'><strong>inﬁdelitatem</strong></span> <span class='ocrx_word' id='word_1_260' title='bbox 1719 3008 1932 3062; x_wconf 86' lang='lat' dir='ltr'><strong>audito—</strong></span> <span class='ocrx_word' id='word_1_261' title='bbox 1970 3040 1972 3042; x_wconf 60' lang='grc' dir='ltr'><strong>τ</strong></span> 
     </span>
    </p>
   </div>
   <div class='ocr_carea' id='block_1_48' title="bbox 273 3098 1928 3172">
    <p class='ocr_par' dir='ltr' id='par_1_48' title="bbox 273 3098 1928 3172">
     <span class='ocr_line' id='line_1_48' title="bbox 273 3098 1928 3172; baseline -0.002 -15"><span class='ocrx_word' id='word_1_262' title='bbox 273 3165 276 3168; x_wconf 39' lang='grc'><strong>,</strong></span> <span class='ocrx_word' id='word_1_263' title='bbox 357 3119 442 3160; x_wconf 81' lang='lat' dir='ltr'><strong>res</strong></span> <span class='ocrx_word' id='word_1_264' title='bbox 471 3101 778 3172; x_wconf 81' lang='lat' dir='ltr'><strong>conjiciaut.</strong></span> <span class='ocrx_word' id='word_1_265' title='bbox 806 3098 993 3172; x_wconf 81' lang='lat' dir='ltr'><strong>Neque</strong></span> <span class='ocrx_word' id='word_1_266' title='bbox 1027 3113 1150 3155; x_wconf 83' lang='lat' dir='ltr'><strong>vero</strong></span> <span class='ocrx_word' id='word_1_267' title='bbox 1179 3098 1321 3159; x_wconf 85' lang='lat' dir='ltr'><strong>liber</strong></span> <span class='ocrx_word' id='word_1_268' title='bbox 1345 3098 1486 3153; x_wconf 91' lang='lat' dir='ltr'><strong>ullus</strong></span> <span class='ocrx_word' id='word_1_269' title='bbox 1538 3113 1646 3155; x_wconf 90' lang='lat' dir='ltr'><strong>non</strong></span> <span class='ocrx_word' id='word_1_270' title='bbox 1704 3100 1928 3155; x_wconf 87' lang='lat' dir='ltr'><strong>canoni-</strong></span> 
     </span>
    </p>
   </div>
   <div class='ocr_carea' id='block_1_49' title="bbox 355 3179 1932 3270">
    <p class='ocr_par' dir='ltr' id='par_1_49' title="bbox 355 3179 1932 3270">
     <span class='ocr_line' id='line_1_49' title="bbox 355 3179 1932 3270; baseline -0.006 -18"><span class='ocrx_word' id='word_1_271' title='bbox 355 3211 454 3252; x_wconf 84' lang='lat' dir='ltr'><strong>cus</strong></span> <span class='ocrx_word' id='word_1_272' title='bbox 477 3179 700 3270; x_wconf 85' lang='lat' dir='ltr'><strong>omnino</strong></span> <span class='ocrx_word' id='word_1_273' title='bbox 732 3192 1070 3262; x_wconf 81' lang='lat' dir='ltr'><strong>recipiendus</strong></span> <span class='ocrx_word' id='word_1_274' title='bbox 1102 3201 1208 3258; x_wconf 87' lang='lat' dir='ltr'><strong>est,</strong></span> <span class='ocrx_word' id='word_1_275' title='bbox 1229 3207 1416 3247; x_wconf 82' lang='lat' dir='ltr'><strong>verum</strong></span> <span class='ocrx_word' id='word_1_276' title='bbox 1450 3192 1557 3262; x_wconf 76' lang='lat' dir='ltr'><strong>igni</strong></span> <span class='ocrx_word' id='word_1_277' title='bbox 1627 3194 1741 3247; x_wconf 74' lang='lat' dir='ltr'><strong>haec</strong></span> <span class='ocrx_word' id='word_1_278' title='bbox 1800 3207 1932 3247; x_wconf 88' lang='lat' dir='ltr'><strong>cou-</strong></span> 
     </span>
    </p>
   </div>
   <div class='ocr_carea' id='block_1_50' title="bbox 362 3281 1926 3354">
    <p class='ocr_par' dir='ltr' id='par_1_50' title="bbox 362 3281 1926 3354">
     <span class='ocr_line' id='line_1_50' title="bbox 362 3281 1926 3354; baseline -0.003 -12"><span class='ocrx_word' id='word_1_279' title='bbox 362 3288 623 3343; x_wconf 85' lang='lat' dir='ltr'><strong>sumenda</strong></span> <span class='ocrx_word' id='word_1_280' title='bbox 649 3295 791 3340; x_wconf 83' lang='lat' dir='ltr'><strong>sunt.</strong></span> <span class='ocrx_word' id='word_1_281' title='bbox 825 3284 926 3351; x_wconf 85' lang='lat' dir='ltr'><strong>Qui</strong></span> <span class='ocrx_word' id='word_1_282' title='bbox 951 3293 1131 3339; x_wconf 86' lang='lat' dir='ltr'><strong>autem</strong></span> <span class='ocrx_word' id='word_1_283' title='bbox 1164 3284 1248 3338; x_wconf 88' lang='lat' dir='ltr'><strong>his</strong></span> <span class='ocrx_word' id='word_1_284' title='bbox 1279 3295 1533 3354; x_wconf 83' lang='lat' dir='ltr'><strong>tanquam</strong></span> <span class='ocrx_word' id='word_1_285' title='bbox 1571 3281 1714 3341; x_wconf 76' lang='lat' dir='ltr'><strong>veris</strong></span> <span class='ocrx_word' id='word_1_286' title='bbox 1747 3294 1926 3340; x_wconf 66' lang='lat' dir='ltr'><strong>atteuo</strong></span> 
     </span>
    </p>
   </div>
   <div class='ocr_carea' id='block_1_51' title="bbox 360 3378 1931 3450">
    <p class='ocr_par' dir='ltr' id='par_1_51' title="bbox 360 3378 1931 3450">
     <span class='ocr_line' id='line_1_51' title="bbox 360 3378 1931 3450; baseline -0.003 -14"><span class='ocrx_word' id='word_1_287' title='bbox 360 3385 515 3446; x_wconf 86' lang='lat' dir='ltr'><strong>dunt,</strong></span> <span class='ocrx_word' id='word_1_288' title='bbox 568 3380 834 3450; x_wconf 75' lang='lat' dir='ltr'><strong>siquidem</strong></span> <span class='ocrx_word' id='word_1_289' title='bbox 885 3378 1061 3433; x_wconf 83' lang='lat' dir='ltr'><strong>sacris</strong></span> <span class='ocrx_word' id='word_1_290' title='bbox 1110 3379 1309 3432; x_wconf 86' lang='lat' dir='ltr'><strong>initiati</strong></span> <span class='ocrx_word' id='word_1_291' title='bbox 1354 3380 1498 3444; x_wconf 86' lang='lat' dir='ltr'><strong>sint,</strong></span> <span class='ocrx_word' id='word_1_292' title='bbox 1552 3379 1931 3448; x_wconf 89' lang='lat' dir='ltr'><strong>deponuntur:</strong></span> 
     </span>
    </p>
   </div>
   <div class='ocr_carea' id='block_1_52' title="bbox 356 3462 1934 3540">
    <p class='ocr_par' dir='ltr' id='par_1_52' title="bbox 356 3462 1934 3540">
     <span class='ocr_line' id='line_1_52' title="bbox 356 3462 1934 3540; baseline -0.004 -9"><span class='ocrx_word' id='word_1_293' title='bbox 356 3475 483 3531; x_wconf 82' lang='lat' dir='ltr'><strong>laici</strong></span> <span class='ocrx_word' id='word_1_294' title='bbox 541 3487 673 3529; x_wconf 87' lang='lat' dir='ltr'><strong>vero</strong></span> <span class='ocrx_word' id='word_1_295' title='bbox 725 3472 1057 3529; x_wconf 81' lang='lat' dir='ltr'><strong>anathemati</strong></span> <span class='ocrx_word' id='word_1_296' title='bbox 1114 3470 1499 3540; x_wconf 83' lang='lat' dir='ltr'><strong>subjiciuntur.</strong></span> <span class='ocrx_word' id='word_1_297' title='bbox 1545 3462 1934 3526; x_wconf 83' lang='lat' dir='ltr'><strong>Verumtamen</strong></span> 
     </span>
    </p>
   </div>
   <div class='ocr_carea' id='block_1_53' title="bbox 363 3565 1934 3637">
    <p class='ocr_par' dir='ltr' id='par_1_53' title="bbox 363 3565 1934 3637">
     <span class='ocr_line' id='line_1_53' title="bbox 363 3565 1934 3637; baseline -0.001 -16"><span class='ocrx_word' id='word_1_298' title='bbox 363 3568 652 3637; x_wconf 85' lang='lat' dir='ltr'><strong>rcceptaiu</strong></span> <span class='ocrx_word' id='word_1_299' title='bbox 684 3565 926 3620; x_wconf 85' lang='lat' dir='ltr'><strong>Ecclesia</strong></span> <span class='ocrx_word' id='word_1_300' title='bbox 965 3574 1274 3636; x_wconf 77' lang='lat' dir='ltr'><strong>sanctorum</strong></span> <span class='ocrx_word' id='word_1_301' title='bbox 1327 3565 1663 3632; x_wconf 88' lang='lat' dir='ltr'><strong>testimonia,</strong></span> <span class='ocrx_word' id='word_1_302' title='bbox 1723 3565 1778 3619; x_wconf 92' lang='lat' dir='ltr'><strong>in</strong></span> <span class='ocrx_word' id='word_1_303' title='bbox 1837 3580 1934 3622; x_wconf 84' lang='lat' dir='ltr'><strong>eo-</strong></span> 
     </span>
    </p>
   </div>
   <div class='ocr_carea' id='block_1_54' title="bbox 369 3639 1578 3721">
    <p class='ocr_par' dir='ltr' id='par_1_54' title="bbox 369 3639 1578 3721">
     <span class='ocr_line' id='line_1_54' title="bbox 369 3639 1578 3721; baseline 0.001 -11"><span class='ocrx_word' id='word_1_304' title='bbox 369 3670 487 3710; x_wconf 85' lang='lat' dir='ltr'><strong>rum</strong></span> <span class='ocrx_word' id='word_1_305' title='bbox 524 3652 1139 3710; x_wconf 86' lang='lat' dir='ltr'><strong>commcmorationibus</strong></span> <span class='ocrx_word' id='word_1_306' title='bbox 1163 3639 1391 3721; x_wconf 76' lang='lat' dir='ltr'><strong>legenda</strong></span> <span class='ocrx_word' id='word_1_307' title='bbox 1430 3664 1578 3712; x_wconf 89' lang='lat' dir='ltr'><strong>sunt.</strong></span> 
     </span>
    </p>
   </div>
   <div class='ocr_carea' id='block_1_55' title="bbox 439 3744 1508 3816">
    <p class='ocr_par' dir='ltr' id='par_1_55' title="bbox 439 3744 1508 3816">
     <span class='ocr_line' id='line_1_55' title="bbox 439 3744 1508 3816; baseline -0.004 -12"><span class='ocrx_word' id='word_1_308' title='bbox 439 3750 772 3804; x_wconf 87' lang='lat' dir='ltr'><strong>Sanctorum</strong></span> <span class='ocrx_word' id='word_1_309' title='bbox 800 3746 1167 3816; x_wconf 77' lang='lat' dir='ltr'><strong>apostolorum</strong></span> <span class='ocrx_word' id='word_1_310' title='bbox 1201 3759 1380 3801; x_wconf 87' lang='lat' dir='ltr'><strong>canon</strong></span> <span class='ocrx_word' id='word_1_311' title='bbox 1416 3744 1508 3800; x_wconf 88' lang='lat'><strong>60.</strong></span> 
     </span>
    </p>
   </div>
   <div class='ocr_carea' id='block_1_56' title="bbox 435 3838 1476 3914">
    <p class='ocr_par' dir='ltr' id='par_1_56' title="bbox 435 3838 1476 3914">
     <span class='ocr_line' id='line_1_56' title="bbox 435 3838 1476 3914; baseline -0.002 -16"><span class='ocrx_word' id='word_1_312' title='bbox 435 3841 638 3914; x_wconf 76' lang='lat' dir='ltr'><strong>Synodi</strong></span> <span class='ocrx_word' id='word_1_313' title='bbox 668 3838 988 3894; x_wconf 68' lang='lat' dir='ltr'><strong>Laodiceuze</strong></span> <span class='ocrx_word' id='word_1_314' title='bbox 1013 3854 1184 3894; x_wconf 87' lang='lat' dir='ltr'><strong>canon</strong></span> <span class='ocrx_word' id='word_1_315' title='bbox 1216 3839 1286 3895; x_wconf 84' lang='lat'><strong>59</strong></span> <span class='ocrx_word' id='word_1_316' title='bbox 1308 3849 1362 3896; x_wconf 89' lang='lat' dir='ltr'><strong>et</strong></span> <span class='ocrx_word' id='word_1_317' title='bbox 1384 3839 1476 3896; x_wconf 83' lang='grc'><strong>60.</strong></span> 
     </span>
    </p>
   </div>
   <div class='ocr_carea' id='block_1_57' title="bbox 439 3930 1345 4005">
    <p class='ocr_par' dir='ltr' id='par_1_57' title="bbox 439 3930 1345 4005">
     <span class='ocr_line' id='line_1_57' title="bbox 439 3930 1345 4005; baseline -0.001 -16"><span class='ocrx_word' id='word_1_318' title='bbox 439 3932 641 4005; x_wconf 75' lang='lat' dir='ltr'><strong>Synodi</strong></span> <span class='ocrx_word' id='word_1_319' title='bbox 669 3931 857 3988; x_wconf 67' lang='lat' dir='ltr'><strong>Cart’h.</strong></span> <span class='ocrx_word' id='word_1_320' title='bbox 887 3945 1057 3985; x_wconf 88' lang='lat' dir='ltr'><strong>canon</strong></span> <span class='ocrx_word' id='word_1_321' title='bbox 1083 3930 1152 3986; x_wconf 59' lang='grc'><strong>24</strong></span> <span class='ocrx_word' id='word_1_322' title='bbox 1181 3941 1235 3987; x_wconf 82' lang='lat' dir='ltr'><strong>et</strong></span> <span class='ocrx_word' id='word_1_323' title='bbox 1255 3931 1345 4001; x_wconf 65' lang='grc' dir='ltr'>λίθ.</span> 
     </span>
    </p>
   </div>
   <div class='ocr_carea' id='block_1_58' title="bbox 435 4022 1934 4097">
    <p class='ocr_par' dir='ltr' id='par_1_58' title="bbox 435 4022 1934 4097">
     <span class='ocr_line' id='line_1_58' title="bbox 435 4022 1934 4097; baseline 0.002 -17"><span class='ocrx_word' id='word_1_324' title='bbox 435 4025 636 4097; x_wconf 86' lang='lat' dir='ltr'><strong>Synodi</strong></span> <span class='ocrx_word' id='word_1_325' title='bbox 666 4022 734 4078; x_wconf 80' lang='lat' dir='ltr'><strong>Vl</strong></span> <span class='ocrx_word' id='word_1_326' title='bbox 768 4039 942 4079; x_wconf 78' lang='lat' dir='ltr'><strong>canon</strong></span> <span class='ocrx_word' id='word_1_327' title='bbox 964 4022 1056 4091; x_wconf 80' lang='grc'><strong>63,</strong></span> <span class='ocrx_word' id='word_1_328' title='bbox 1093 4034 1144 4078; x_wconf 88' lang='lat' dir='ltr'><strong>et</strong></span> <span class='ocrx_word' id='word_1_329' title='bbox 1203 4024 1375 4079; x_wconf 81' lang='lat' dir='ltr'><strong>sancti</strong></span> <span class='ocrx_word' id='word_1_330' title='bbox 1427 4026 1711 4082; x_wconf 85' lang='lat' dir='ltr'><strong>Athanasii</strong></span> <span class='ocrx_word' id='word_1_331' title='bbox 1765 4041 1934 4083; x_wconf 79' lang='lat' dir='ltr'><strong>cano-</strong></span> 
     </span>
    </p>
   </div>
   <div class='ocr_carea' id='block_1_59' title="bbox 364 4120 558 4180">
    <p class='ocr_par' dir='ltr' id='par_1_59' title="bbox 364 4120 558 4180">
     <span class='ocr_line' id='line_1_59' title="bbox 364 4120 558 4180; baseline -0.026 -2"><span class='ocrx_word' id='word_1_332' title='bbox 364 4137 464 4180; x_wconf 84' lang='lat' dir='ltr'><strong>nes</strong></span> <span class='ocrx_word' id='word_1_333' title='bbox 499 4120 558 4174; x_wconf 91' lang='grc'><strong>2.</strong></span> 
     </span>
    </p>
   </div>
   <div class='ocr_carea' id='block_1_60' title="bbox 314 4230 1937 4312">
    <p class='ocr_par' dir='ltr' id='par_1_60' title="bbox 314 4230 1937 4312">
     <span class='ocr_line' id='line_1_60' title="bbox 314 4230 1937 4312; baseline 0 -22"><span class='ocrx_word' id='word_1_334' title='bbox 314 4310 316 4312; x_wconf 16' lang='grc' dir='ltr'><strong><em>ν</em></strong></span> <span class='ocrx_word' id='word_1_335' title='bbox 437 4234 492 4290; x_wconf 85' lang='grc'><strong>6.</strong></span> <span class='ocrx_word' id='word_1_336' title='bbox 520 4231 639 4296; x_wconf 82' lang='lat' dir='ltr'><strong>Non</strong></span> <span class='ocrx_word' id='word_1_337' title='bbox 678 4246 801 4287; x_wconf 87' lang='lat' dir='ltr'><strong>esse</strong></span> <span class='ocrx_word' id='word_1_338' title='bbox 823 4230 1198 4288; x_wconf 81' lang='lat' dir='ltr'><strong>aediﬁcandum</strong></span> <span class='ocrx_word' id='word_1_339' title='bbox 1231 4232 1474 4287; x_wconf 82' lang='lat' dir='ltr'><strong>divinum</strong></span> <span class='ocrx_word' id='word_1_340' title='bbox 1505 4232 1786 4304; x_wconf 84' lang='lat' dir='ltr'><strong>templum,</strong></span> <span class='ocrx_word' id='word_1_341' title='bbox 1834 4235 1937 4290; x_wconf 89' lang='lat' dir='ltr'><strong>nisi</strong></span> 
     </span>
    </p>
   </div>
   <div class='ocr_carea' id='block_1_61' title="bbox 366 4324 1943 4394">
    <p class='ocr_par' dir='ltr' id='par_1_61' title="bbox 366 4324 1943 4394">
     <span class='ocr_line' id='line_1_61' title="bbox 366 4324 1943 4394; baseline -0.003 -10"><span class='ocrx_word' id='word_1_342' title='bbox 366 4330 687 4385; x_wconf 88' lang='lat' dir='ltr'><strong>instructum</strong></span> <span class='ocrx_word' id='word_1_343' title='bbox 715 4324 874 4380; x_wconf 87' lang='lat' dir='ltr'><strong>sitiis</strong></span> <span class='ocrx_word' id='word_1_344' title='bbox 909 4338 1030 4393; x_wconf 67' lang='lat' dir='ltr'><strong>quae</strong></span> <span class='ocrx_word' id='word_1_345' title='bbox 1055 4324 1121 4378; x_wconf 86' lang='lat' dir='ltr'><strong>ad</strong></span> <span class='ocrx_word' id='word_1_346' title='bbox 1161 4324 1304 4379; x_wconf 86' lang='lat' dir='ltr'><strong>illius</strong></span> <span class='ocrx_word' id='word_1_347' title='bbox 1359 4325 1811 4394; x_wconf 81' lang='lat' dir='ltr'><strong>complementum</strong></span> <span class='ocrx_word' id='word_1_348' title='bbox 1856 4326 1943 4381; x_wconf 79' lang='lat' dir='ltr'><strong>fa-</strong></span> 
     </span>
    </p>
   </div>
   <div class='ocr_carea' id='block_1_62' title="bbox 367 4417 1939 4493">
    <p class='ocr_par' dir='ltr' id='par_1_62' title="bbox 367 4417 1939 4493">
     <span class='ocr_line' id='line_1_62' title="bbox 367 4417 1939 4493; baseline -0.001 -15"><span class='ocrx_word' id='word_1_349' title='bbox 367 4422 552 4490; x_wconf 86' lang='lat' dir='ltr'><strong>ciunt;</strong></span> <span class='ocrx_word' id='word_1_350' title='bbox 615 4433 805 4490; x_wconf 86' lang='lat' dir='ltr'><strong>neque</strong></span> <span class='ocrx_word' id='word_1_351' title='bbox 847 4432 977 4475; x_wconf 82' lang='lat' dir='ltr'><strong>vero</strong></span> <span class='ocrx_word' id='word_1_352' title='bbox 1044 4417 1177 4473; x_wconf 87' lang='lat' dir='ltr'><strong>illud</strong></span> <span class='ocrx_word' id='word_1_353' title='bbox 1239 4420 1672 4475; x_wconf 82' lang='lat' dir='ltr'><strong>consecrandum</strong></span> <span class='ocrx_word' id='word_1_354' title='bbox 1733 4421 1939 4493; x_wconf 85' lang='lat' dir='ltr'><strong>absque</strong></span> 
     </span>
    </p>
   </div>
   <div class='ocr_carea' id='block_1_63' title="bbox 2029 2189 2900 2264">
    <p class='ocr_par' dir='ltr' id='par_1_63' title="bbox 2029 2189 2900 2264">
     <span class='ocr_line' id='line_1_63' title="bbox 2029 2189 2900 2264; baseline -0.001 -21"><span class='ocrx_word' id='word_1_355' title='bbox 2029 2189 2195 2264; x_wconf 78' lang='grc' dir='ltr'>ἱερῶν</span> <span class='ocrx_word' id='word_1_356' title='bbox 2227 2189 2481 2257; x_wconf 75' lang='grc' dir='ltr'>Βιὸλίων,</span> <span class='ocrx_word' id='word_1_357' title='bbox 2523 2189 2900 2261; x_wconf 80' lang='grc' dir='ltr'>ἀφορίζονται.</span> 
     </span>
    </p>
   </div>
   <div class='ocr_carea' id='block_1_64' title="bbox 2100 2279 3121 2351">
    <p class='ocr_par' dir='ltr' id='par_1_64' title="bbox 2100 2279 3121 2351">
     <span class='ocr_line' id='line_1_64' title="bbox 2100 2279 3121 2351; baseline -0.001 -14"><span class='ocrx_word' id='word_1_358' title='bbox 2100 2283 2224 2337; x_wconf 85' lang='grc' dir='ltr'><strong>Τῶν</strong></span> <span class='ocrx_word' id='word_1_359' title='bbox 2259 2283 2431 2351; x_wconf 80' lang='grc' dir='ltr'>ἁγίων</span> <span class='ocrx_word' id='word_1_360' title='bbox 2458 2282 2777 2338; x_wconf 81' lang='grc' dir='ltr'><strong>ἀποστόλων</strong></span> <span class='ocrx_word' id='word_1_361' title='bbox 2799 2280 2979 2336; x_wconf 88' lang='grc' dir='ltr'>κανὼν</span> <span class='ocrx_word' id='word_1_362' title='bbox 3011 2279 3121 2337; x_wconf 55' lang='grc' dir='ltr'>πεί.</span> 
     </span>
    </p>
   </div>
   <div class='ocr_carea' id='block_1_65' title="bbox 2102 2373 2990 2441">
    <p class='ocr_par' dir='ltr' id='par_1_65' title="bbox 2102 2373 2990 2441">
     <span class='ocr_line' id='line_1_65' title="bbox 2102 2373 2990 2441; baseline 0.001 -12"><span class='ocrx_word' id='word_1_363' title='bbox 2102 2375 2335 2429; x_wconf 78' lang='grc' dir='ltr'>Συνόδου</span> <span class='ocrx_word' id='word_1_364' title='bbox 2366 2374 2692 2438; x_wconf 82' lang='grc' dir='ltr'>Λαοδικείας</span> <span class='ocrx_word' id='word_1_365' title='bbox 2718 2373 2902 2428; x_wconf 87' lang='grc' dir='ltr'>κανὼν</span> <span class='ocrx_word' id='word_1_366' title='bbox 2924 2373 2990 2441; x_wconf 79' lang='grc' dir='ltr'><strong>ξ’.</strong></span> 
     </span>
    </p>
   </div>
   <div class='ocr_carea' id='block_1_66' title="bbox 2102 2465 3072 2542">
    <p class='ocr_par' dir='ltr' id='par_1_66' title="bbox 2102 2465 3072 2542">
     <span class='ocr_line' id='line_1_66' title="bbox 2102 2465 3072 2542; baseline -0.003 -18"><span class='ocrx_word' id='word_1_367' title='bbox 2102 2469 2330 2524; x_wconf 88' lang='grc' dir='ltr'>Συνόδου</span> <span class='ocrx_word' id='word_1_368' title='bbox 2367 2469 2735 2542; x_wconf 81' lang='grc' dir='ltr'>Καρθαγένης</span> <span class='ocrx_word' id='word_1_369' title='bbox 2767 2467 2950 2522; x_wconf 85' lang='grc' dir='ltr'>κανὼν</span> <span class='ocrx_word' id='word_1_370' title='bbox 2975 2465 3072 2521; x_wconf 85' lang='grc' dir='ltr'>κδ’.</span> 
     </span>
    </p>
   </div>
   <div class='ocr_carea' id='block_1_67' title="bbox 2103 2559 3009 2632">
    <p class='ocr_par' dir='ltr' id='par_1_67' title="bbox 2103 2559 3009 2632">
     <span class='ocr_line' id='line_1_67' title="bbox 2103 2559 3009 2632; baseline 0 -17"><span class='ocrx_word' id='word_1_371' title='bbox 2103 2562 2335 2617; x_wconf 87' lang='grc' dir='ltr'>Συνόδου</span> <span class='ocrx_word' id='word_1_372' title='bbox 2365 2567 2422 2626; x_wconf 81' lang='grc' dir='ltr'>ς’</span> <span class='ocrx_word' id='word_1_373' title='bbox 2456 2562 2640 2616; x_wconf 83' lang='grc' dir='ltr'>κανὼν</span> <span class='ocrx_word' id='word_1_374' title='bbox 2673 2559 2738 2615; x_wconf 82' lang='grc' dir='ltr'>ιθ¹</span> <span class='ocrx_word' id='word_1_375' title='bbox 2772 2561 2870 2615; x_wconf 81' lang='grc' dir='ltr'>καὶ</span> <span class='ocrx_word' id='word_1_376' title='bbox 2907 2560 3009 2632; x_wconf 76' lang='grc' dir='ltr'><strong>ξη’.</strong></span> 
     </span>
    </p>
   </div>
   <div class='ocr_carea' id='block_1_68' title="bbox 2103 2650 3606 2725">
    <p class='ocr_par' dir='ltr' id='par_1_68' title="bbox 2103 2650 3606 2725">
     <span class='ocr_line' id='line_1_68' title="bbox 2103 2650 3606 2725; baseline -0.001 -18"><span class='ocrx_word' id='word_1_377' title='bbox 2103 2653 2284 2725; x_wconf 88' lang='grc' dir='ltr'>Στίχοι</span> <span class='ocrx_word' id='word_1_378' title='bbox 2319 2653 2418 2708; x_wconf 83' lang='grc' dir='ltr'><strong>τοῦ</strong></span> <span class='ocrx_word' id='word_1_379' title='bbox 2482 2653 2639 2722; x_wconf 88' lang='grc' dir='ltr'>ἀγίου</span> <span class='ocrx_word' id='word_1_380' title='bbox 2683 2652 3020 2723; x_wconf 80' lang='grc' dir='ltr'><strong>Γρηγορίου⁴</strong></span> <span class='ocrx_word' id='word_1_381' title='bbox 3042 2651 3136 2705; x_wconf 79' lang='grc' dir='ltr'>τοῦ</span> <span class='ocrx_word' id='word_1_382' title='bbox 3168 2650 3433 2721; x_wconf 86' lang='grc' dir='ltr'>Θεολόγου</span> <span class='ocrx_word' id='word_1_383' title='bbox 3456 2668 3470 2684; x_wconf 80' lang='grc' dir='ltr'><strong>ο</strong></span> <span class='ocrx_word' id='word_1_384' title='bbox 3509 2654 3606 2708; x_wconf 76' lang='grc' dir='ltr'>καὶ</span> 
     </span>
    </p>
   </div>
   <div class='ocr_carea' id='block_1_69' title="bbox 2032 2743 2936 2818">
    <p class='ocr_par' dir='ltr' id='par_1_69' title="bbox 2032 2743 2936 2818">
     <span class='ocr_line' id='line_1_69' title="bbox 2032 2743 2936 2818; baseline -0.001 -18"><span class='ocrx_word' id='word_1_385' title='bbox 2032 2748 2214 2818; x_wconf 87' lang='grc' dir='ltr'>στίχος</span> <span class='ocrx_word' id='word_1_386' title='bbox 2247 2745 2342 2800; x_wconf 85' lang='grc' dir='ltr'>τοῦ</span> <span class='ocrx_word' id='word_1_387' title='bbox 2373 2746 2529 2813; x_wconf 80' lang='grc' dir='ltr'>ἁγίου</span> <span class='ocrx_word' id='word_1_388' title='bbox 2556 2743 2936 2816; x_wconf 77' lang='grc' dir='ltr'>Ἀμφιλοχίου.</span> 
     </span>
    </p>
   </div>
   <div class='ocr_carea' id='block_1_70' title="bbox 2106 2834 3607 2910">
    <p class='ocr_par' dir='ltr' id='par_1_70' title="bbox 2106 2834 3607 2910">
     <span class='ocr_line' id='line_1_70' title="bbox 2106 2834 3607 2910; baseline 0 -20"><span class='ocrx_word' id='word_1_389' title='bbox 2106 2842 2169 2892; x_wconf 84' lang='grc' dir='ltr'><strong>ε’.</strong></span> <span class='ocrx_word' id='word_1_390' title='bbox 2211 2837 2334 2890; x_wconf 85' lang='grc' dir='ltr'><strong>Ὀτι</strong></span> <span class='ocrx_word' id='word_1_391' title='bbox 2364 2836 2423 2890; x_wconf 84' lang='grc' dir='ltr'>οὐ</span> <span class='ocrx_word' id='word_1_392' title='bbox 2459 2837 2541 2890; x_wconf 88' lang='grc' dir='ltr'>δεῖ</span> <span class='ocrx_word' id='word_1_393' title='bbox 2590 2834 3066 2904; x_wconf 84' lang='grc' dir='ltr'>ἀναγινώσκεσθαι</span> <span class='ocrx_word' id='word_1_394' title='bbox 3106 2837 3164 2888; x_wconf 69' lang='grc' dir='ltr'>ἐν</span> <span class='ocrx_word' id='word_1_395' title='bbox 3214 2835 3484 2910; x_wconf 71' lang='grc' dir='ltr'>ἐκκλησίᾳ,</span> <span class='ocrx_word' id='word_1_396' title='bbox 3509 2837 3607 2908; x_wconf 76' lang='grc' dir='ltr'><strong>βι-</strong></span> 
     </span>
    </p>
   </div>
   <div class='ocr_carea' id='block_1_71' title="bbox 2033 2927 3607 3002">
    <p class='ocr_par' dir='ltr' id='par_1_71' title="bbox 2033 2927 3607 3002">
     <span class='ocr_line' id='line_1_71' title="bbox 2033 2927 3607 3002; baseline 0.001 -21"><span class='ocrx_word' id='word_1_397' title='bbox 2033 2928 2158 2983; x_wconf 78' lang='grc' dir='ltr'>6λία</span> <span class='ocrx_word' id='word_1_398' title='bbox 2185 2927 2421 2998; x_wconf 78' lang='grc' dir='ltr'>ἀσεϐῶν,</span> <span class='ocrx_word' id='word_1_399' title='bbox 2450 2928 2483 2998; x_wconf 76' lang='grc' dir='ltr'><strong>ἢ</strong></span> <span class='ocrx_word' id='word_1_400' title='bbox 2506 2928 2572 2981; x_wconf 83' lang='grc' dir='ltr'><strong>τά</strong></span> <span class='ocrx_word' id='word_1_401' title='bbox 2599 2928 2874 3000; x_wconf 82' lang='grc' dir='ltr'>λεγόμενοι</span> <span class='ocrx_word' id='word_1_402' title='bbox 2913 2928 3237 3002; x_wconf 80' lang='grc' dir='ltr'>ἀπόκρυφα,</span> <span class='ocrx_word' id='word_1_403' title='bbox 3279 2928 3311 3002; x_wconf 78' lang='grc' dir='ltr'>ἢ</span> <span class='ocrx_word' id='word_1_404' title='bbox 3343 2929 3413 2983; x_wconf 78' lang='grc' dir='ltr'>τὰ</span> <span class='ocrx_word' id='word_1_405' title='bbox 3433 2929 3607 3001; x_wconf 73' lang='grc' dir='ltr'>ψευδῆ</span> 
     </span>
    </p>
   </div>
   <div class='ocr_carea' id='block_1_72' title="bbox 2034 3019 3610 3093">
    <p class='ocr_par' dir='ltr' id='par_1_72' title="bbox 2034 3019 3610 3093">
     <span class='ocr_line' id='line_1_72' title="bbox 2034 3019 3610 3093; baseline 0.001 -19"><span class='ocrx_word' id='word_1_406' title='bbox 2034 3021 2365 3077; x_wconf 81' lang='grc' dir='ltr'>συντεθέντα</span> <span class='ocrx_word' id='word_1_407' title='bbox 2397 3020 2830 3091; x_wconf 71' lang='grc' dir='ltr'>μαρτυρολόγια,</span> <span class='ocrx_word' id='word_1_408' title='bbox 2879 3019 2955 3084; x_wconf 86' lang='grc' dir='ltr'>ὡς</span> <span class='ocrx_word' id='word_1_409' title='bbox 2991 3021 3070 3083; x_wconf 84' lang='grc' dir='ltr'><strong>είς</strong></span> <span class='ocrx_word' id='word_1_410' title='bbox 3104 3021 3369 3075; x_wconf 80' lang='grc' dir='ltr'>ἀπιστίαν</span> <span class='ocrx_word' id='word_1_411' title='bbox 3403 3020 3610 3093; x_wconf 80' lang='grc' dir='ltr'>ὲμδάλ·</span> 
     </span>
    </p>
   </div>
   <div class='ocr_carea' id='block_1_73' title="bbox 2035 3109 3612 3187">
    <p class='ocr_par' dir='ltr' id='par_1_73' title="bbox 2035 3109 3612 3187">
     <span class='ocr_line' id='line_1_73' title="bbox 2035 3109 3612 3187; baseline 0.002 -21"><span class='ocrx_word' id='word_1_412' title='bbox 2035 3114 2195 3170; x_wconf 86' lang='grc' dir='ltr'>λοντα</span> <span class='ocrx_word' id='word_1_413' title='bbox 2235 3118 2364 3179; x_wconf 82' lang='grc' dir='ltr'>τοὺς</span> <span class='ocrx_word' id='word_1_414' title='bbox 2400 3109 2734 3178; x_wconf 78' lang='grc' dir='ltr'>ἀκούοντας·</span> <span class='ocrx_word' id='word_1_415' title='bbox 2777 3113 2904 3167; x_wconf 72' lang='grc' dir='ltr'>οὔτε</span> <span class='ocrx_word' id='word_1_416' title='bbox 2935 3113 2992 3166; x_wconf 81' lang='grc' dir='ltr'>δὲ</span> <span class='ocrx_word' id='word_1_417' title='bbox 3040 3114 3394 3170; x_wconf 83' lang='grc' dir='ltr'>ἀκανόνιστόν</span> <span class='ocrx_word' id='word_1_418' title='bbox 3435 3132 3489 3171; x_wconf 83' lang='grc' dir='ltr'><strong>τι</strong></span> <span class='ocrx_word' id='word_1_419' title='bbox 3529 3117 3612 3187; x_wconf 78' lang='grc' dir='ltr'><strong>βι-</strong></span> 
     </span>
    </p>
   </div>
   <div class='ocr_carea' id='block_1_74' title="bbox 2041 3205 3613 3280">
    <p class='ocr_par' dir='ltr' id='par_1_74' title="bbox 2041 3205 3613 3280">
     <span class='ocr_line' id='line_1_74' title="bbox 2041 3205 3613 3280; baseline 0 -19"><span class='ocrx_word' id='word_1_420' title='bbox 2041 3208 2189 3261; x_wconf 76' lang='grc' dir='ltr'>ϐλίον</span> <span class='ocrx_word' id='word_1_421' title='bbox 2227 3207 2480 3278; x_wconf 78' lang='grc' dir='ltr'>δέχεσθαι</span> <span class='ocrx_word' id='word_1_422' title='bbox 2531 3208 2704 3271; x_wconf 81' lang='grc' dir='ltr'>ὅλως·</span> <span class='ocrx_word' id='word_1_423' title='bbox 2749 3206 2886 3260; x_wconf 85' lang='grc' dir='ltr'>ἀλλὰ</span> <span class='ocrx_word' id='word_1_424' title='bbox 2929 3209 3064 3280; x_wconf 76' lang='grc' dir='ltr'>πυρὶ</span> <span class='ocrx_word' id='word_1_425' title='bbox 3097 3205 3270 3260; x_wconf 80' lang='grc' dir='ltr'>ταῦτα</span> <span class='ocrx_word' id='word_1_426' title='bbox 3313 3208 3613 3263; x_wconf 83' lang='grc' dir='ltr'>καταναλί-</span> 
     </span>
    </p>
   </div>
   <div class='ocr_carea' id='block_1_75' title="bbox 2047 3299 3611 3374">
    <p class='ocr_par' dir='ltr' id='par_1_75' title="bbox 2047 3299 3611 3374">
     <span class='ocr_line' id='line_1_75' title="bbox 2047 3299 3611 3374; baseline 0.001 -20"><span class='ocrx_word' id='word_1_427' title='bbox 2047 3317 2201 3355; x_wconf 86' lang='grc' dir='ltr'>σκειν</span> <span class='ocrx_word' id='word_1_428' title='bbox 2220 3317 2234 3333; x_wconf 83' lang='grc'>⁶</span> <span class='ocrx_word' id='word_1_429' title='bbox 2267 3303 2318 3354; x_wconf 81' lang='grc' dir='ltr'>οἱ</span> <span class='ocrx_word' id='word_1_430' title='bbox 2340 3300 2396 3354; x_wconf 76' lang='grc' dir='ltr'>δὲ</span> <span class='ocrx_word' id='word_1_431' title='bbox 2435 3300 2508 3364; x_wconf 81' lang='grc' dir='ltr'><strong>ὡς</strong></span> <span class='ocrx_word' id='word_1_432' title='bbox 2543 3301 2766 3372; x_wconf 71' lang='grc' dir='ltr'>ἀληθέσι</span> <span class='ocrx_word' id='word_1_433' title='bbox 2796 3301 3155 3372; x_wconf 82' lang='grc' dir='ltr'>προσέχοντες</span> <span class='ocrx_word' id='word_1_434' title='bbox 3169 3299 3402 3367; x_wconf 81' lang='grc' dir='ltr'>τούτοις,</span> <span class='ocrx_word' id='word_1_435' title='bbox 3433 3301 3482 3365; x_wconf 79' lang='grc' dir='ltr'><strong>εί</strong></span> <span class='ocrx_word' id='word_1_436' title='bbox 3512 3303 3611 3374; x_wconf 83' lang='grc' dir='ltr'>μὲν</span> 
     </span>
    </p>
   </div>
   <div class='ocr_carea' id='block_1_76' title="bbox 2042 3392 3614 3467">
    <p class='ocr_par' dir='ltr' id='par_1_76' title="bbox 2042 3392 3614 3467">
     <span class='ocr_line' id='line_1_76' title="bbox 2042 3392 3614 3467; baseline 0.003 -23"><span class='ocrx_word' id='word_1_437' title='bbox 2042 3393 2331 3464; x_wconf 78' lang='grc' dir='ltr'>ἱερωμένοι</span> <span class='ocrx_word' id='word_1_438' title='bbox 2369 3393 2500 3460; x_wconf 81' lang='grc' dir='ltr'>εἰσὶ,</span> <span class='ocrx_word' id='word_1_439' title='bbox 2530 3392 2965 3467; x_wconf 76' lang='grc' dir='ltr'>καθαιροῦνταιο</span> <span class='ocrx_word' id='word_1_440' title='bbox 3004 3393 3136 3447; x_wconf 83' lang='grc' dir='ltr'>εἰδὲ</span> <span class='ocrx_word' id='word_1_441' title='bbox 3165 3393 3372 3460; x_wconf 67' lang='grc' dir='ltr'>λαῖκοὶ,</span> <span class='ocrx_word' id='word_1_442' title='bbox 3414 3397 3614 3449; x_wconf 81' lang='grc' dir='ltr'>ἀναθε-</span> 
     </span>
    </p>
   </div>
   <div class='ocr_carea' id='block_1_77' title="bbox 2043 3485 3614 3561">
    <p class='ocr_par' dir='ltr' id='par_1_77' title="bbox 2043 3485 3614 3561">
     <span class='ocr_line' id='line_1_77' title="bbox 2043 3485 3614 3561; baseline 0.002 -23"><span class='ocrx_word' id='word_1_443' title='bbox 2043 3487 2387 3557; x_wconf 80' lang='grc' dir='ltr'>ματίζονται.</span> <span class='ocrx_word' id='word_1_444' title='bbox 2450 3485 2532 3540; x_wconf 85' lang='grc' dir='ltr'><strong>Τά</strong></span> <span class='ocrx_word' id='word_1_445' title='bbox 2591 3487 2775 3558; x_wconf 78' lang='grc' dir='ltr'>μέντοι</span> <span class='ocrx_word' id='word_1_446' title='bbox 2835 3486 3135 3561; x_wconf 80' lang='grc' dir='ltr'>δεδεγμένα</span> <span class='ocrx_word' id='word_1_447' title='bbox 3187 3490 3254 3560; x_wconf 79' lang='grc' dir='ltr'>τῇ</span> <span class='ocrx_word' id='word_1_448' title='bbox 3313 3487 3614 3560; x_wconf 71' lang='grc' dir='ltr'>Ἐκκλησία</span> 
     </span>
    </p>
   </div>
   <div class='ocr_carea' id='block_1_78' title="bbox 2043 3578 3617 3650">
    <p class='ocr_par' dir='ltr' id='par_1_78' title="bbox 2043 3578 3617 3650">
     <span class='ocr_line' id='line_1_78' title="bbox 2043 3578 3617 3650; baseline 0.001 -18"><span class='ocrx_word' id='word_1_449' title='bbox 2043 3578 2324 3650; x_wconf 75' lang='grc' dir='ltr'>μαρτύρια</span> <span class='ocrx_word' id='word_1_450' title='bbox 2367 3579 2476 3634; x_wconf 85' lang='grc' dir='ltr'><strong>τῶν</strong></span> <span class='ocrx_word' id='word_1_451' title='bbox 2524 3578 2700 3650; x_wconf 81' lang='grc' dir='ltr'>ἁγίων</span> <span class='ocrx_word' id='word_1_452' title='bbox 2736 3580 3215 3650; x_wconf 79' lang='grc' dir='ltr'>ἀναγινώσκεσθαι</span> <span class='ocrx_word' id='word_1_453' title='bbox 3257 3581 3338 3636; x_wconf 85' lang='grc' dir='ltr'>δεῖ</span> <span class='ocrx_word' id='word_1_454' title='bbox 3385 3583 3446 3636; x_wconf 77' lang='grc' dir='ltr'>ἐν</span> <span class='ocrx_word' id='word_1_455' title='bbox 3496 3585 3617 3646; x_wconf 74' lang='grc' dir='ltr'>ταῖς</span> 
     </span>
    </p>
   </div>
   <div class='ocr_carea' id='block_1_79' title="bbox 2039 3672 2528 3746">
    <p class='ocr_par' dir='ltr' id='par_1_79' title="bbox 2039 3672 2528 3746">
     <span class='ocr_line' id='line_1_79' title="bbox 2039 3672 2528 3746; baseline 0.004 -22"><span class='ocrx_word' id='word_1_456' title='bbox 2039 3673 2293 3746; x_wconf 56' lang='grc' dir='ltr'>μνήμαις</span> <span class='ocrx_word' id='word_1_457' title='bbox 2325 3672 2528 3726; x_wconf 67' lang='grc' dir='ltr'>αὐτῶν.</span> 
     </span>
    </p>
   </div>
   <div class='ocr_carea' id='block_1_80' title="bbox 2113 3761 3100 3831">
    <p class='ocr_par' dir='ltr' id='par_1_80' title="bbox 2113 3761 3100 3831">
     <span class='ocr_line' id='line_1_80' title="bbox 2113 3761 3100 3831; baseline 0.004 -17"><span class='ocrx_word' id='word_1_458' title='bbox 2113 3761 2234 3815; x_wconf 81' lang='grc' dir='ltr'><strong>Τῶν</strong></span> <span class='ocrx_word' id='word_1_459' title='bbox 2264 3762 2435 3828; x_wconf 82' lang='grc' dir='ltr'>ἁγίων</span> <span class='ocrx_word' id='word_1_460' title='bbox 2467 3762 2784 3817; x_wconf 81' lang='grc' dir='ltr'>ἀποστόλων</span> <span class='ocrx_word' id='word_1_461' title='bbox 2818 3763 3003 3818; x_wconf 80' lang='grc' dir='ltr'>κανὼν</span> <span class='ocrx_word' id='word_1_462' title='bbox 3033 3765 3100 3831; x_wconf 78' lang='grc' dir='ltr'><strong>ξ’.</strong></span> 
     </span>
    </p>
   </div>
   <div class='ocr_carea' id='block_1_81' title="bbox 2102 3855 3245 3926">
    <p class='ocr_par' dir='ltr' id='par_1_81' title="bbox 2102 3855 3245 3926">
     <span class='ocr_line' id='line_1_81' title="bbox 2102 3855 3245 3926; baseline 0.002 -17"><span class='ocrx_word' id='word_1_463' title='bbox 2102 3855 2340 3921; x_wconf 13' lang='grc' dir='ltr'>,Συνόδου</span> <span class='ocrx_word' id='word_1_464' title='bbox 2371 3856 2694 3920; x_wconf 79' lang='grc' dir='ltr'>Λαοδικείας</span> <span class='ocrx_word' id='word_1_465' title='bbox 2723 3857 2904 3912; x_wconf 86' lang='grc' dir='ltr'>κανὼν</span> <span class='ocrx_word' id='word_1_466' title='bbox 2936 3855 3016 3912; x_wconf 83' lang='grc' dir='ltr'>νθ’</span> <span class='ocrx_word' id='word_1_467' title='bbox 3048 3859 3159 3912; x_wconf 68' lang='grc' dir='ltr'>καὶι</span> <span class='ocrx_word' id='word_1_468' title='bbox 3181 3858 3245 3926; x_wconf 78' lang='grc' dir='ltr'><strong>ξ’.</strong></span> 
     </span>
    </p>
   </div>
   <div class='ocr_carea' id='block_1_82' title="bbox 2117 3948 3334 4025">
    <p class='ocr_par' dir='ltr' id='par_1_82' title="bbox 2117 3948 3334 4025">
     <span class='ocr_line' id='line_1_82' title="bbox 2117 3948 3334 4025; baseline 0.007 -24"><span class='ocrx_word' id='word_1_469' title='bbox 2117 3951 2343 4003; x_wconf 85' lang='grc' dir='ltr'>Συνόδου</span> <span class='ocrx_word' id='word_1_470' title='bbox 2378 3948 2745 4022; x_wconf 80' lang='grc' dir='ltr'>Καρθαγένης</span> <span class='ocrx_word' id='word_1_471' title='bbox 2777 3950 2960 4008; x_wconf 87' lang='grc' dir='ltr'>κανὼν</span> <span class='ocrx_word' id='word_1_472' title='bbox 2992 3952 3066 4009; x_wconf 87' lang='grc' dir='ltr'>κδ’</span> <span class='ocrx_word' id='word_1_473' title='bbox 3094 3956 3188 4009; x_wconf 77' lang='grc' dir='ltr'><strong>καὶ</strong></span> <span class='ocrx_word' id='word_1_474' title='bbox 3216 3952 3334 4025; x_wconf 84' lang='grc' dir='ltr'>μς’.</span> 
     </span>
    </p>
   </div>
   <div class='ocr_carea' id='block_1_83' title="bbox 2112 4038 3613 4115">
    <p class='ocr_par' dir='ltr' id='par_1_83' title="bbox 2112 4038 3613 4115">
     <span class='ocr_line' id='line_1_83' title="bbox 2112 4038 3613 4115; baseline 0.005 -22"><span class='ocrx_word' id='word_1_475' title='bbox 2112 4041 2340 4094; x_wconf 75' lang='grc' dir='ltr'>Συνόδου</span> <span class='ocrx_word' id='word_1_476' title='bbox 2374 4047 2428 4107; x_wconf 80' lang='grc' dir='ltr'>ς’</span> <span class='ocrx_word' id='word_1_477' title='bbox 2457 4038 2640 4096; x_wconf 86' lang='grc' dir='ltr'>κανὼν</span> <span class='ocrx_word' id='word_1_478' title='bbox 2680 4041 2780 4111; x_wconf 80' lang='grc' dir='ltr'><strong>ξγ’,</strong></span> <span class='ocrx_word' id='word_1_479' title='bbox 2821 4044 2917 4100; x_wconf 78' lang='grc' dir='ltr'>καὶ</span> <span class='ocrx_word' id='word_1_480' title='bbox 2959 4044 3054 4099; x_wconf 84' lang='grc' dir='ltr'>τοῦ</span> <span class='ocrx_word' id='word_1_481' title='bbox 3087 4047 3243 4115; x_wconf 81' lang='grc' dir='ltr'>ἁγίου</span> <span class='ocrx_word' id='word_1_482' title='bbox 3291 4045 3613 4100; x_wconf 84' lang='grc' dir='ltr'>Ἀθανασίου</span> 
     </span>
    </p>
   </div>
   <div class='ocr_carea' id='block_1_84' title="bbox 2042 4135 2371 4207">
    <p class='ocr_par' dir='ltr' id='par_1_84' title="bbox 2042 4135 2371 4207">
     <span class='ocr_line' id='line_1_84' title="bbox 2042 4135 2371 4207; baseline 0.006 -17"><span class='ocrx_word' id='word_1_483' title='bbox 2042 4135 2266 4200; x_wconf 81' lang='grc' dir='ltr'>κανόνες</span> <span class='ocrx_word' id='word_1_484' title='bbox 2305 4135 2371 4207; x_wconf 86' lang='grc' dir='ltr'><strong>β’.</strong></span> 
     </span>
    </p>
   </div>
   <div class='ocr_carea' id='block_1_85' title="bbox 2064 4228 3612 4309">
    <p class='ocr_par' dir='ltr' id='par_1_85' title="bbox 2064 4228 3612 4309">
     <span class='ocr_line' id='line_1_85' title="bbox 2064 4228 3612 4309; baseline 0.001 -24"><span class='ocrx_word' id='word_1_485' title='bbox 2064 4270 2068 4276; x_wconf 65' lang='grc' dir='ltr'><strong>ι</strong></span> <span class='ocrx_word' id='word_1_486' title='bbox 2116 4237 2192 4294; x_wconf 84' lang='grc' dir='ltr'><strong>ς’.</strong></span> <span class='ocrx_word' id='word_1_487' title='bbox 2225 4228 2350 4287; x_wconf 73' lang='grc' dir='ltr'>Ὀτι</span> <span class='ocrx_word' id='word_1_488' title='bbox 2395 4233 2456 4287; x_wconf 85' lang='grc' dir='ltr'>οὐ</span> <span class='ocrx_word' id='word_1_489' title='bbox 2510 4232 2592 4289; x_wconf 86' lang='grc' dir='ltr'><strong>δεῖ</strong></span> <span class='ocrx_word' id='word_1_490' title='bbox 2643 4251 2768 4290; x_wconf 86' lang='grc' dir='ltr'>τινα</span> <span class='ocrx_word' id='word_1_491' title='bbox 2818 4236 3122 4307; x_wconf 76' lang='grc' dir='ltr'>οἰκοδομεῖν</span> <span class='ocrx_word' id='word_1_492' title='bbox 3164 4235 3306 4290; x_wconf 88' lang='grc' dir='ltr'>θεῖον</span> <span class='ocrx_word' id='word_1_493' title='bbox 3354 4235 3482 4290; x_wconf 87' lang='grc' dir='ltr'>ναδν</span> <span class='ocrx_word' id='word_1_494' title='bbox 3537 4238 3612 4309; x_wconf 73' lang='grc' dir='ltr'>μὴ</span> 
     </span>
    </p>
   </div>
   <div class='ocr_carea' id='block_1_86' title="bbox 2041 4325 3614 4404">
    <p class='ocr_par' dir='ltr' id='par_1_86' title="bbox 2041 4325 3614 4404">
     <span class='ocr_line' id='line_1_86' title="bbox 2041 4325 3614 4404; baseline 0.002 -24"><span class='ocrx_word' id='word_1_495' title='bbox 2041 4325 2236 4398; x_wconf 71' lang='grc' dir='ltr'>ἔχοντα</span> <span class='ocrx_word' id='word_1_496' title='bbox 2257 4326 2328 4380; x_wconf 85' lang='grc' dir='ltr'><strong>τὰ</strong></span> <span class='ocrx_word' id='word_1_497' title='bbox 2353 4327 2490 4398; x_wconf 84' lang='grc' dir='ltr'>πρὸς</span> <span class='ocrx_word' id='word_1_498' title='bbox 2516 4329 2866 4401; x_wconf 84' lang='grc' dir='ltr'>ἀπαρτισμόν</span> <span class='ocrx_word' id='word_1_499' title='bbox 2891 4346 2905 4361; x_wconf 76' lang='grc' dir='ltr'><strong>ο</strong></span> <span class='ocrx_word' id='word_1_500' title='bbox 2937 4329 3062 4384; x_wconf 75' lang='grc' dir='ltr'>οὔτε</span> <span class='ocrx_word' id='word_1_501' title='bbox 3086 4329 3143 4384; x_wconf 78' lang='grc' dir='ltr'>δὲ</span> <span class='ocrx_word' id='word_1_502' title='bbox 3171 4331 3461 4404; x_wconf 83' lang='grc' dir='ltr'>καθιεροῦν</span> <span class='ocrx_word' id='word_1_503' title='bbox 3485 4331 3614 4384; x_wconf 80' lang='grc' dir='ltr'>τοῦ·</span> 
     </span>
    </p>
   </div>
   <div class='ocr_carea' id='block_1_87' title="bbox 2040 4421 3615 4498">
    <p class='ocr_par' dir='ltr' id='par_1_87' title="bbox 2040 4421 3615 4498">
     <span class='ocr_line' id='line_1_87' title="bbox 2040 4421 3615 4498; baseline 0.001 -24"><span class='ocrx_word' id='word_1_504' title='bbox 2040 4438 2133 4475; x_wconf 85' lang='grc' dir='ltr'><strong>τον</strong></span> <span class='ocrx_word' id='word_1_505' title='bbox 2181 4422 2352 4494; x_wconf 73' lang='grc' dir='ltr'>χωρὶς</span> <span class='ocrx_word' id='word_1_506' title='bbox 2410 4421 2760 4498; x_wconf 81' lang='grc' dir='ltr'>καταθέσεως</span> <span class='ocrx_word' id='word_1_507' title='bbox 2825 4423 2999 4490; x_wconf 81' lang='grc' dir='ltr'>ἁγίων</span> <span class='ocrx_word' id='word_1_508' title='bbox 3052 4422 3357 4493; x_wconf 75' lang='grc' dir='ltr'>λειψάνων·</span> <span class='ocrx_word' id='word_1_509' title='bbox 3417 4426 3446 4478; x_wconf 81' lang='grc' dir='ltr'>ὁ</span> <span class='ocrx_word' id='word_1_510' title='bbox 3507 4424 3615 4494; x_wconf 85' lang='grc' dir='ltr'><strong>γὰρ</strong></span> 
     </span>
    </p>
   </div>
   <div class='ocr_carea' id='block_1_88' title="bbox 367 4508 1935 4599">
    <p class='ocr_par' dir='ltr' id='par_1_88' title="bbox 367 4509 1930 4582">
     <span class='ocr_line' id='line_1_88' title="bbox 367 4509 1930 4582; baseline -0.001 -11"><span class='ocrx_word' id='word_1_511' title='bbox 367 4522 680 4572; x_wconf 84' lang='lat' dir='ltr'><strong>sanctarum</strong></span> <span class='ocrx_word' id='word_1_512' title='bbox 703 4510 1052 4582; x_wconf 84' lang='lat' dir='ltr'><strong>reliquiarum</strong></span> <span class='ocrx_word' id='word_1_513' title='bbox 1084 4509 1441 4580; x_wconf 87' lang='lat' dir='ltr'><strong>depositione.</strong></span> <span class='ocrx_word' id='word_1_514' title='bbox 1465 4511 1569 4578; x_wconf 86' lang='lat' dir='ltr'><strong>Qui</strong></span> <span class='ocrx_word' id='word_1_515' title='bbox 1616 4512 1760 4568; x_wconf 89' lang='lat' dir='ltr'><strong>enim</strong></span> <span class='ocrx_word' id='word_1_516' title='bbox 1811 4516 1930 4569; x_wconf 86' lang='lat' dir='ltr'><strong>abs-</strong></span> 
     </span>
    </p>
   </div>
   <div class='ocr_carea' id='block_1_89' title="bbox 2041 4508 3620 4599">
    <p class='ocr_par' dir='ltr' id='par_1_89' title="bbox 2043 4508 3620 4583">
     <span class='ocr_line' id='line_1_89' title="bbox 2043 4508 3620 4583; baseline 0.001 -21"><span class='ocrx_word' id='word_1_517' title='bbox 2043 4508 2197 4571; x_wconf 78' lang='grc' dir='ltr'>ὲκτὺς</span> <span class='ocrx_word' id='word_1_518' title='bbox 2229 4509 2436 4563; x_wconf 84' lang='grc' dir='ltr'>τούτων</span> <span class='ocrx_word' id='word_1_519' title='bbox 2463 4509 2746 4580; x_wconf 83' lang='grc' dir='ltr'>καθιερῶν</span> <span class='ocrx_word' id='word_1_520' title='bbox 2778 4510 3155 4582; x_wconf 85' lang='grc' dir='ltr'>καθαιρεῖται.</span> <span class='ocrx_word' id='word_1_521' title='bbox 3202 4512 3311 4565; x_wconf 71' lang='grc' dir='ltr'><strong>Καὶ</strong></span> <span class='ocrx_word' id='word_1_522' title='bbox 3343 4512 3427 4565; x_wconf 85' lang='grc' dir='ltr'>ὅτι</span> <span class='ocrx_word' id='word_1_523' title='bbox 3471 4514 3620 4583; x_wconf 83' lang='grc' dir='ltr'>αἱρε-</span> 
     </span>
    </p>
   </div>
   <div class='ocr_carea' id='block_1_90' title="bbox 368 4600 1938 4680">
    <p class='ocr_par' dir='ltr' id='par_1_90' title="bbox 368 4600 1938 4680">
     <span class='ocr_line' id='line_1_90' title="bbox 368 4600 1938 4680; baseline -0.002 -17"><span class='ocrx_word' id='word_1_524' title='bbox 368 4623 474 4680; x_wconf 89' lang='lat' dir='ltr'><strong>que</strong></span> <span class='ocrx_word' id='word_1_525' title='bbox 502 4605 588 4661; x_wconf 86' lang='lat' dir='ltr'><strong>his</strong></span> <span class='ocrx_word' id='word_1_526' title='bbox 616 4616 920 4667; x_wconf 83' lang='lat' dir='ltr'><strong>consecrat,</strong></span> <span class='ocrx_word' id='word_1_527' title='bbox 953 4601 1260 4670; x_wconf 82' lang='lat' dir='ltr'><strong>deponitur.</strong></span> <span class='ocrx_word' id='word_1_528' title='bbox 1309 4600 1440 4658; x_wconf 85' lang='lat' dir='ltr'><strong>Item</strong></span> <span class='ocrx_word' id='word_1_529' title='bbox 1502 4605 1789 4660; x_wconf 77' lang='lat' dir='ltr'><strong>haereticos</strong></span> <span class='ocrx_word' id='word_1_530' title='bbox 1839 4607 1938 4660; x_wconf 87' lang='lat' dir='ltr'><strong>do-</strong></span> 
     </span>
    </p>
   </div>
   <div class='ocr_carea' id='block_1_91' title="bbox 373 4692 1943 4765">
    <p class='ocr_par' dir='ltr' id='par_1_91' title="bbox 373 4692 1943 4765">
     <span class='ocr_line' id='line_1_91' title="bbox 373 4692 1943 4765; baseline -0.001 -12"><span class='ocrx_word' id='word_1_531' title='bbox 373 4713 517 4754; x_wconf 88' lang='lat' dir='ltr'><strong>mum</strong></span> <span class='ocrx_word' id='word_1_532' title='bbox 535 4695 636 4761; x_wconf 89' lang='lat' dir='ltr'><strong>Dei</strong></span> <span class='ocrx_word' id='word_1_533' title='bbox 671 4711 776 4751; x_wconf 91' lang='lat' dir='ltr'><strong>non</strong></span> <span class='ocrx_word' id='word_1_534' title='bbox 802 4692 1032 4765; x_wconf 78' lang='lat' dir='ltr'><strong>ingredi,</strong></span> <span class='ocrx_word' id='word_1_535' title='bbox 1063 4707 1244 4763; x_wconf 85' lang='lat' dir='ltr'><strong>neque</strong></span> <span class='ocrx_word' id='word_1_536' title='bbox 1265 4693 1623 4764; x_wconf 67' lang='lat' dir='ltr'><strong>praesentibus</strong></span> <span class='ocrx_word' id='word_1_537' title='bbox 1645 4694 1752 4751; x_wconf 90' lang='lat' dir='ltr'><strong>illis</strong></span> <span class='ocrx_word' id='word_1_538' title='bbox 1803 4698 1943 4753; x_wconf 91' lang='lat' dir='ltr'><strong>mis-</strong></span> 
     </span>
    </p>
   </div>
   <div class='ocr_carea' id='block_1_92' title="bbox 373 4786 810 4848">
    <p class='ocr_par' dir='ltr' id='par_1_92' title="bbox 373 4786 810 4848">
     <span class='ocr_line' id='line_1_92' title="bbox 373 4786 810 4848; baseline -0.014 0"><span class='ocrx_word' id='word_1_539' title='bbox 373 4805 488 4848; x_wconf 84' lang='lat' dir='ltr'><strong>sam</strong></span> <span class='ocrx_word' id='word_1_540' title='bbox 521 4786 810 4844; x_wconf 88' lang='lat' dir='ltr'><strong>celebrari.</strong></span> 
     </span>
    </p>
   </div>
   <div class='ocr_carea' id='block_1_93' title="bbox 445 4878 1274 4954">
    <p class='ocr_par' dir='ltr' id='par_1_93' title="bbox 445 4878 1274 4954">
     <span class='ocr_line' id='line_1_93' title="bbox 445 4878 1274 4954; baseline -0.006 -16"><span class='ocrx_word' id='word_1_541' title='bbox 445 4881 643 4954; x_wconf 80' lang='lat' dir='ltr'><strong>Synotli</strong></span> <span class='ocrx_word' id='word_1_542' title='bbox 667 4878 981 4936; x_wconf 64' lang='lat' dir='ltr'><strong>Laodiceam</strong></span> <span class='ocrx_word' id='word_1_543' title='bbox 1015 4893 1191 4936; x_wconf 87' lang='lat' dir='ltr'><strong>canon</strong></span> <span class='ocrx_word' id='word_1_544' title='bbox 1220 4880 1274 4934; x_wconf 90' lang='lat'><strong>6.</strong></span> 
     </span>
    </p>
   </div>
   <div class='ocr_carea' id='block_1_94' title="bbox 440 4970 1939 5048">
    <p class='ocr_par' dir='ltr' id='par_1_94' title="bbox 440 4970 1939 5048">
     <span class='ocr_line' id='line_1_94' title="bbox 440 4970 1939 5048; baseline -0.001 -17"><span class='ocrx_word' id='word_1_545' title='bbox 440 4974 644 5046; x_wconf 77' lang='lat' dir='ltr'><strong>Synodi</strong></span> <span class='ocrx_word' id='word_1_546' title='bbox 669 4971 759 5029; x_wconf 77' lang='lat' dir='ltr'><strong>Vll</strong></span> <span class='ocrx_word' id='word_1_547' title='bbox 782 4987 956 5027; x_wconf 91' lang='lat' dir='ltr'><strong>canon</strong></span> <span class='ocrx_word' id='word_1_548' title='bbox 983 4973 1038 5038; x_wconf 88' lang='lat'><strong>7,</strong></span> <span class='ocrx_word' id='word_1_549' title='bbox 1069 4973 1157 5040; x_wconf 85' lang='grc'><strong>17,</strong></span> <span class='ocrx_word' id='word_1_550' title='bbox 1186 4983 1240 5028; x_wconf 90' lang='lat' dir='ltr'><strong>et</strong></span> <span class='ocrx_word' id='word_1_551' title='bbox 1285 4972 1460 5030; x_wconf 87' lang='lat' dir='ltr'><strong>sancti</strong></span> <span class='ocrx_word' id='word_1_552' title='bbox 1526 4970 1800 5048; x_wconf 73' lang='lat' dir='ltr'><strong>Timothei</strong></span> <span class='ocrx_word' id='word_1_553' title='bbox 1846 4989 1939 5030; x_wconf 87' lang='lat' dir='ltr'><strong>ca-</strong></span> 
     </span>
    </p>
   </div>
   <div class='ocr_carea' id='block_1_95' title="bbox 374 5069 553 5124">
    <p class='ocr_par' dir='ltr' id='par_1_95' title="bbox 374 5069 553 5124">
     <span class='ocr_line' id='line_1_95' title="bbox 374 5069 553 5124; baseline -0.011 -1"><span class='ocrx_word' id='word_1_554' title='bbox 374 5086 488 5124; x_wconf 85' lang='lat' dir='ltr'><strong>uun-</strong></span> <span class='ocrx_word' id='word_1_555' title='bbox 505 5069 553 5122; x_wconf 91' lang='grc'><strong>7.</strong></span> 
     </span>
    </p>
   </div>
   <div class='ocr_carea' id='block_1_96' title="bbox 446 5163 1945 5236">
    <p class='ocr_par' dir='ltr' id='par_1_96' title="bbox 446 5163 1945 5236">
     <span class='ocr_line' id='line_1_96' title="bbox 446 5163 1945 5236; baseline 0 -15"><span class='ocrx_word' id='word_1_556' title='bbox 446 5169 498 5223; x_wconf 88' lang='lat'><strong>7.</strong></span> <span class='ocrx_word' id='word_1_557' title='bbox 533 5165 795 5234; x_wconf 88' lang='lat' dir='ltr'><strong>Oportere</strong></span> <span class='ocrx_word' id='word_1_558' title='bbox 841 5163 934 5218; x_wconf 90' lang='lat' dir='ltr'><strong>Dei</strong></span> <span class='ocrx_word' id='word_1_559' title='bbox 988 5163 1244 5234; x_wconf 89' lang='lat' dir='ltr'><strong>templum</strong></span> <span class='ocrx_word' id='word_1_560' title='bbox 1301 5165 1578 5236; x_wconf 70' lang='lat' dir='ltr'><strong>ingressos</strong></span> <span class='ocrx_word' id='word_1_561' title='bbox 1637 5166 1945 5222; x_wconf 69' lang='lat' dir='ltr'><strong>divinorum</strong></span> 
     </span>
    </p>
   </div>
   <div class='ocr_carea' id='block_1_97' title="bbox 2043 4597 3620 4679">
    <p class='ocr_par' dir='ltr' id='par_1_97' title="bbox 2043 4597 3620 4679">
     <span class='ocr_line' id='line_1_97' title="bbox 2043 4597 3620 4679; baseline 0.003 -24"><span class='ocrx_word' id='word_1_562' title='bbox 2043 4602 2189 4655; x_wconf 79' lang='grc' dir='ltr'>τικοὶ</span> <span class='ocrx_word' id='word_1_563' title='bbox 2233 4604 2312 4667; x_wconf 86' lang='grc' dir='ltr'><strong>είς</strong></span> <span class='ocrx_word' id='word_1_564' title='bbox 2352 4597 2502 4655; x_wconf 76' lang='grc' dir='ltr'>οἶκον</span> <span class='ocrx_word' id='word_1_565' title='bbox 2522 4601 2663 4656; x_wconf 82' lang='grc' dir='ltr'>’Θεοῦ</span> <span class='ocrx_word' id='word_1_566' title='bbox 2696 4605 2796 4658; x_wconf 82' lang='grc' dir='ltr'>οὐκ</span> <span class='ocrx_word' id='word_1_567' title='bbox 2825 4603 3202 4674; x_wconf 68' lang='grc' dir='ltr'>είσέρχονταιτ</span> <span class='ocrx_word' id='word_1_568' title='bbox 3234 4605 3359 4660; x_wconf 77' lang='grc' dir='ltr'>οὔτε</span> <span class='ocrx_word' id='word_1_569' title='bbox 3390 4605 3446 4661; x_wconf 84' lang='grc' dir='ltr'>δὲ</span> <span class='ocrx_word' id='word_1_570' title='bbox 3478 4597 3620 4679; x_wconf 84' lang='grc' dir='ltr'>παρ·</span> 
     </span>
    </p>
   </div>
   <div class='ocr_carea' id='block_1_98' title="bbox 2043 4695 2942 4766">
    <p class='ocr_par' dir='ltr' id='par_1_98' title="bbox 2043 4695 2942 4766">
     <span class='ocr_line' id='line_1_98' title="bbox 2043 4695 2942 4766; baseline 0.001 -15"><span class='ocrx_word' id='word_1_571' title='bbox 2043 4696 2213 4758; x_wconf 81' lang='grc' dir='ltr'>όντων</span> <span class='ocrx_word' id='word_1_572' title='bbox 2236 4696 2418 4752; x_wconf 81' lang='grc' dir='ltr'>αὐτῶν</span> <span class='ocrx_word' id='word_1_573' title='bbox 2457 4697 2668 4766; x_wconf 80' lang='grc' dir='ltr'>γίνεται</span> <span class='ocrx_word' id='word_1_574' title='bbox 2700 4695 2942 4762; x_wconf 80' lang='grc' dir='ltr'>σύναξις.</span> 
     </span>
    </p>
   </div>
   <div class='ocr_carea' id='block_1_99' title="bbox 2115 4869 3022 4938">
    <p class='ocr_par' dir='ltr' id='par_1_99' title="bbox 2115 4869 3022 4938">
     <span class='ocr_line' id='line_1_99' title="bbox 2115 4869 3022 4938; baseline 0.001 -12"><span class='ocrx_word' id='word_1_575' title='bbox 2115 4872 2348 4928; x_wconf 86' lang='grc' dir='ltr'>Συνόδου</span> <span class='ocrx_word' id='word_1_576' title='bbox 2377 4872 2704 4936; x_wconf 84' lang='grc' dir='ltr'>Λαοδικείας</span> <span class='ocrx_word' id='word_1_577' title='bbox 2733 4871 2914 4927; x_wconf 85' lang='grc' dir='ltr'>κανὼν</span> <span class='ocrx_word' id='word_1_578' title='bbox 2946 4869 3022 4938; x_wconf 83' lang='grc' dir='ltr'><strong>ς’.</strong></span> 
     </span>
    </p>
   </div>
   <div class='ocr_carea' id='block_1_100' title="bbox 2119 4963 3618 5037">
    <p class='ocr_par' dir='ltr' id='par_1_100' title="bbox 2119 4963 3618 5037">
     <span class='ocr_line' id='line_1_100' title="bbox 2119 4963 3618 5037; baseline -0.001 -18"><span class='ocrx_word' id='word_1_579' title='bbox 2119 4967 2346 5021; x_wconf 89' lang='grc' dir='ltr'>Συνόδου</span> <span class='ocrx_word' id='word_1_580' title='bbox 2382 4964 2426 5031; x_wconf 79' lang='grc' dir='ltr'><strong>ζ’</strong></span> <span class='ocrx_word' id='word_1_581' title='bbox 2457 4967 2638 5022; x_wconf 86' lang='grc' dir='ltr'>κανὼν</span> <span class='ocrx_word' id='word_1_582' title='bbox 2663 4965 2730 5033; x_wconf 81' lang='grc' dir='ltr'><strong>ζ’,</strong></span> <span class='ocrx_word' id='word_1_583' title='bbox 2769 4963 2858 5033; x_wconf 74' lang='grc' dir='ltr'>ιζ’,</span> <span class='ocrx_word' id='word_1_584' title='bbox 2891 4966 2988 5022; x_wconf 73' lang='grc' dir='ltr'>καὶ</span> <span class='ocrx_word' id='word_1_585' title='bbox 3017 4966 3110 5020; x_wconf 82' lang='grc' dir='ltr'>τοῦ</span> <span class='ocrx_word' id='word_1_586' title='bbox 3160 4967 3318 5037; x_wconf 83' lang='grc' dir='ltr'>ἀγίου</span> <span class='ocrx_word' id='word_1_587' title='bbox 3355 4967 3618 5037; x_wconf 82' lang='grc' dir='ltr'>Τιμοθέου</span> 
     </span>
    </p>
   </div>
   <div class='ocr_carea' id='block_1_101' title="bbox 2048 5060 2318 5125">
    <p class='ocr_par' dir='ltr' id='par_1_101' title="bbox 2048 5060 2318 5125">
     <span class='ocr_line' id='line_1_101' title="bbox 2048 5060 2318 5125; baseline -0.004 -10"><span class='ocrx_word' id='word_1_588' title='bbox 2048 5060 2228 5115; x_wconf 71' lang='grc' dir='ltr'>κανὼν</span> <span class='ocrx_word' id='word_1_589' title='bbox 2251 5060 2318 5125; x_wconf 78' lang='grc' dir='ltr'><strong>ζ’.</strong></span> 
     </span>
    </p>
   </div>
   <div class='ocr_carea' id='block_1_102' title="bbox 2119 5151 3622 5230">
    <p class='ocr_par' dir='ltr' id='par_1_102' title="bbox 2119 5151 3622 5230">
     <span class='ocr_line' id='line_1_102' title="bbox 2119 5151 3622 5230; baseline -0.003 -23"><span class='ocrx_word' id='word_1_590' title='bbox 2119 5151 2184 5217; x_wconf 74' lang='grc' dir='ltr'><strong>ζ’.</strong></span> <span class='ocrx_word' id='word_1_591' title='bbox 2213 5152 2464 5206; x_wconf 59' lang='lat' dir='ltr'><strong>&quot;Ostia?</strong></span> <span class='ocrx_word' id='word_1_592' title='bbox 2518 5154 2643 5216; x_wconf 80' lang='grc' dir='ltr'>τοὺς</span> <span class='ocrx_word' id='word_1_593' title='bbox 2685 5153 2958 5215; x_wconf 73' lang='grc' dir='ltr'>εἰσιόντας</span> <span class='ocrx_word' id='word_1_594' title='bbox 2999 5155 3081 5216; x_wconf 74' lang='lat' dir='ltr'><strong>si;</strong></span> <span class='ocrx_word' id='word_1_595' title='bbox 3112 5153 3239 5206; x_wconf 76' lang='grc' dir='ltr'>ναὸν</span> <span class='ocrx_word' id='word_1_596' title='bbox 3268 5151 3401 5230; x_wconf 78' lang='grc' dir='ltr'>Θεοῦ</span> <span class='ocrx_word' id='word_1_597' title='bbox 3443 5167 3622 5221; x_wconf 79' lang='grc' dir='ltr'>παραο</span> 
     </span>
    </p>
   </div>
   <div class='ocr_carea' id='block_1_103' title="bbox 374 5238 1935 5331">
    <p class='ocr_par' dir='ltr' id='par_1_103' title="bbox 374 5255 1935 5331">
     <span class='ocr_line' id='line_1_103' title="bbox 374 5255 1935 5331; baseline 0.003 -19"><span class='ocrx_word' id='word_1_598' title='bbox 374 5257 719 5328; x_wconf 79' lang='lat' dir='ltr'><strong>oraculorum</strong></span> <span class='ocrx_word' id='word_1_599' title='bbox 765 5255 1144 5311; x_wconf 88' lang='lat' dir='ltr'><strong>auscultationi</strong></span> <span class='ocrx_word' id='word_1_600' title='bbox 1196 5257 1477 5326; x_wconf 86' lang='lat' dir='ltr'><strong>insistere,</strong></span> <span class='ocrx_word' id='word_1_601' title='bbox 1538 5259 1786 5331; x_wconf 75' lang='lat' dir='ltr'><strong>quamvis</strong></span> <span class='ocrx_word' id='word_1_602' title='bbox 1840 5275 1935 5316; x_wconf 76' lang='lat' dir='ltr'><strong>nor</strong></span> 
     </span>
    </p>
   </div>
   <div class='ocr_carea' id='block_1_104' title="bbox 2041 5238 3621 5331">
    <p class='ocr_par' dir='ltr' id='par_1_104' title="bbox 2055 5238 3621 5317">
     <span class='ocr_line' id='line_1_104' title="bbox 2055 5238 3621 5317; baseline -0.002 -20"><span class='ocrx_word' id='word_1_603' title='bbox 2055 5246 2235 5316; x_wconf 79' lang='grc' dir='ltr'>μένειν</span> <span class='ocrx_word' id='word_1_604' title='bbox 2264 5247 2328 5317; x_wconf 81' lang='grc' dir='ltr'>τῇ</span> <span class='ocrx_word' id='word_1_605' title='bbox 2361 5238 2622 5316; x_wconf 72' lang='grc' dir='ltr'>ἀκροάσει</span> <span class='ocrx_word' id='word_1_606' title='bbox 2649 5245 2758 5299; x_wconf 80' lang='grc' dir='ltr'>τῶν</span> <span class='ocrx_word' id='word_1_607' title='bbox 2781 5245 2942 5298; x_wconf 87' lang='grc' dir='ltr'>θείων</span> <span class='ocrx_word' id='word_1_608' title='bbox 2967 5244 3184 5313; x_wconf 85' lang='grc' dir='ltr'>λογίων,</span> <span class='ocrx_word' id='word_1_609' title='bbox 3215 5243 3319 5296; x_wconf 77' lang='grc' dir='ltr'><strong>κάν</strong></span> <span class='ocrx_word' id='word_1_610' title='bbox 3350 5243 3424 5315; x_wconf 81' lang='grc' dir='ltr'>μὴ</span> <span class='ocrx_word' id='word_1_611' title='bbox 3454 5243 3621 5296; x_wconf 81' lang='grc' dir='ltr'>ποιῶ-</span> 
     </span>
    </p>
   </div>
   <div class='ocr_carea' id='block_1_105' title="bbox 375 5347 1946 5417">
    <p class='ocr_par' dir='ltr' id='par_1_105' title="bbox 375 5347 1946 5417">
     <span class='ocr_line' id='line_1_105' title="bbox 375 5347 1946 5417; baseline -0.006 -1"><span class='ocrx_word' id='word_1_612' title='bbox 375 5351 662 5405; x_wconf 20' lang='grc' dir='ltr'><strong>ιὶαθίδηιθε</strong></span> <span class='ocrx_word' id='word_1_613' title='bbox 685 5363 806 5417; x_wconf 67' lang='grc' dir='ltr'>(ιυω</span> <span class='ocrx_word' id='word_1_614' title='bbox 862 5347 1130 5410; x_wconf 55' lang='lat' dir='ltr'><strong>audiunt:</strong></span> <span class='ocrx_word' id='word_1_615' title='bbox 1166 5352 1572 5408; x_wconf 78' lang='lat' dir='ltr'><strong>uecuori&#39;etiam</strong></span> <span class='ocrx_word' id='word_1_616' title='bbox 1635 5351 1686 5406; x_wconf 91' lang='lat' dir='ltr'><strong>in</strong></span> <span class='ocrx_word' id='word_1_617' title='bbox 1740 5355 1946 5408; x_wconf 82' lang='lat' dir='ltr'><strong>oratio-</strong></span> 
     </span>
    </p>
   </div>
   <div class='ocr_carea' id='block_1_106' title="bbox 2054 5338 3622 5409">
    <p class='ocr_par' dir='ltr' id='par_1_106' title="bbox 2054 5338 3622 5409">
     <span class='ocr_line' id='line_1_106' title="bbox 2054 5338 3622 5409; baseline -0.003 -16"><span class='ocrx_word' id='word_1_618' title='bbox 2054 5356 2138 5393; x_wconf 88' lang='grc' dir='ltr'><strong>σιν</strong></span> <span class='ocrx_word' id='word_1_619' title='bbox 2171 5338 2206 5392; x_wconf 78' lang='grc' dir='ltr'>ἃ</span> <span class='ocrx_word' id='word_1_620' title='bbox 2249 5339 2543 5390; x_wconf 60' lang='grc' dir='ltr'>ἁκούουσγ</span> <span class='ocrx_word' id='word_1_621' title='bbox 2594 5338 2686 5389; x_wconf 73' lang='grc' dir='ltr'><strong>καὶ</strong></span> <span class='ocrx_word' id='word_1_622' title='bbox 2724 5340 2789 5407; x_wconf 81' lang='grc' dir='ltr'>τῇ</span> <span class='ocrx_word' id='word_1_623' title='bbox 2837 5339 3114 5409; x_wconf 82' lang='grc' dir='ltr'>προσευχῇ</span> <span class='ocrx_word' id='word_1_624' title='bbox 3164 5339 3622 5408; x_wconf 79' lang='grc' dir='ltr'>προσκαρτερεῖν,</span> 
     </span>
    </p>
   </div>
   <div class='ocr_carea' id='block_1_107' title="bbox 378 5428 1935 5515">
    <p class='ocr_par' dir='ltr' id='par_1_107' title="bbox 378 5439 1935 5515">
     <span class='ocr_line' id='line_1_107' title="bbox 378 5439 1935 5515; baseline 0.003 -19"><span class='ocrx_word' id='word_1_625' title='bbox 378 5459 444 5497; x_wconf 88' lang='lat' dir='ltr'><strong>ne</strong></span> <span class='ocrx_word' id='word_1_626' title='bbox 472 5439 1185 5512; x_wconf 67' lang='lat' dir='ltr'><strong>perseverare,,hc.sancta</strong></span> <span class='ocrx_word' id='word_1_627' title='bbox 1237 5447 1646 5509; x_wconf 83' lang='lat' dir='ltr'><strong>communione,</strong></span> <span class='ocrx_word' id='word_1_628' title='bbox 1711 5457 1874 5515; x_wconf 86' lang='lat' dir='ltr'><strong>atque</strong></span> <span class='ocrx_word' id='word_1_629' title='bbox 1919 5460 1935 5501; x_wconf 66' lang='grc' dir='ltr'><strong>ε</strong></span> 
     </span>
    </p>
   </div>
   <div class='ocr_carea' id='block_1_108' title="bbox 2041 5428 3623 5515">
    <p class='ocr_par' dir='ltr' id='par_1_108' title="bbox 2054 5428 3623 5502">
     <span class='ocr_line' id='line_1_108' title="bbox 2054 5428 3623 5502; baseline -0.003 -18"><span class='ocrx_word' id='word_1_630' title='bbox 2054 5433 2147 5484; x_wconf 86' lang='grc' dir='ltr'><strong>καί</strong></span> <span class='ocrx_word' id='word_1_631' title='bbox 2174 5434 2241 5502; x_wconf 82' lang='grc' dir='ltr'><strong>τῇ</strong></span> <span class='ocrx_word' id='word_1_632' title='bbox 2273 5430 2404 5500; x_wconf 71' lang='grc' dir='ltr'>ἁγία</span> <span class='ocrx_word' id='word_1_633' title='bbox 2430 5428 2742 5499; x_wconf 68' lang='grc' dir='ltr'>’μεταλήψει</span> <span class='ocrx_word' id='word_1_634' title='bbox 2766 5445 2782 5461; x_wconf 78' lang='grc' dir='ltr'><strong>ο</strong></span> <span class='ocrx_word' id='word_1_635' title='bbox 2816 5431 2911 5483; x_wconf 69' lang='grc' dir='ltr'><strong>καὶ</strong></span> <span class='ocrx_word' id='word_1_636' title='bbox 2951 5431 3058 5485; x_wconf 81' lang='grc' dir='ltr'>ἀπὸ</span> <span class='ocrx_word' id='word_1_637' title='bbox 3097 5428 3368 5500; x_wconf 75' lang='grc' dir='ltr'>νηστικῶν</span> <span class='ocrx_word' id='word_1_638' title='bbox 3393 5430 3497 5494; x_wconf 75' lang='grc' dir='ltr'>’τὰς</span> <span class='ocrx_word' id='word_1_639' title='bbox 3528 5428 3623 5480; x_wconf 82' lang='grc' dir='ltr'>θυ-</span> 
     </span>
    </p>
   </div>
   <div class='ocr_carea' id='block_1_109' title="bbox 373 5523 1947 5606">
    <p class='ocr_par' dir='ltr' id='par_1_109' title="bbox 373 5523 1947 5606">
     <span class='ocr_line' id='line_1_109' title="bbox 373 5523 1947 5606; baseline 0.001 -13"><span class='ocrx_word' id='word_1_640' title='bbox 373 5535 572 5605; x_wconf 77' lang='lat' dir='ltr'><strong>jejunis</strong></span> <span class='ocrx_word' id='word_1_641' title='bbox 592 5532 854 5588; x_wconf 72' lang='lat' dir='ltr'><strong>sacriﬁcia</strong></span> <span class='ocrx_word' id='word_1_642' title='bbox 880 5537 1089 5596; x_wconf 73' lang='lat' dir='ltr'><strong>offerri.</strong></span> <span class='ocrx_word' id='word_1_643' title='bbox 1123 5537 1225 5606; x_wconf 87' lang='lat' dir='ltr'><strong>Qui</strong></span> <span class='ocrx_word' id='word_1_644' title='bbox 1255 5538 1399 5594; x_wconf 82' lang='lat' dir='ltr'><strong>enim</strong></span> <span class='ocrx_word' id='word_1_645' title='bbox 1440 5553 1549 5593; x_wconf 85' lang='lat' dir='ltr'><strong>non</strong></span> <span class='ocrx_word' id='word_1_646' title='bbox 1597 5537 1671 5593; x_wconf 90' lang='lat' dir='ltr'><strong>ita</strong></span> <span class='ocrx_word' id='word_1_647' title='bbox 1719 5523 1947 5604; x_wconf 70' lang='lat' dir='ltr'><strong>faciunt,</strong></span> 
     </span>
    </p>
   </div>
   <div class='ocr_carea' id='block_1_110' title="bbox 378 5640 944 5695">
    <p class='ocr_par' dir='ltr' id='par_1_110' title="bbox 378 5640 944 5695">
     <span class='ocr_line' id='line_1_110' title="bbox 378 5640 944 5695; baseline 0.009 -16"><span class='ocrx_word' id='word_1_648' title='bbox 378 5640 944 5695; x_wconf 64' lang='lat' dir='ltr'><strong>excommuuioantur.</strong></span> 
     </span>
    </p>
   </div>
   <div class='ocr_carea' id='block_1_111' title="bbox 449 5714 1638 5795">
    <p class='ocr_par' dir='ltr' id='par_1_111' title="bbox 449 5714 1638 5795">
     <span class='ocr_line' id='line_1_111' title="bbox 449 5714 1638 5795; baseline 0.002 -17"><span class='ocrx_word' id='word_1_649' title='bbox 449 5714 778 5780; x_wconf 71' lang='lat' dir='ltr'><strong>Sanctorum</strong></span> <span class='ocrx_word' id='word_1_650' title='bbox 804 5724 1169 5795; x_wconf 88' lang='lat' dir='ltr'><strong>apostolorum</strong></span> <span class='ocrx_word' id='word_1_651' title='bbox 1198 5739 1372 5778; x_wconf 86' lang='lat' dir='ltr'><strong>canon</strong></span> <span class='ocrx_word' id='word_1_652' title='bbox 1403 5723 1469 5778; x_wconf 82' lang='lat'><strong>50</strong></span> <span class='ocrx_word' id='word_1_653' title='bbox 1509 5734 1564 5780; x_wconf 85' lang='lat' dir='ltr'><strong>et</strong></span> <span class='ocrx_word' id='word_1_654' title='bbox 1583 5725 1638 5780; x_wconf 88' lang='lat'><strong>9.</strong></span> 
     </span>
    </p>
   </div>
   <div class='ocr_carea' id='block_1_112' title="bbox 445 5807 1330 5882">
    <p class='ocr_par' dir='ltr' id='par_1_112' title="bbox 445 5807 1330 5882">
     <span class='ocr_line' id='line_1_112' title="bbox 445 5807 1330 5882; baseline -0.012 -1"><span class='ocrx_word' id='word_1_655' title='bbox 445 5807 656 5881; x_wconf 59' lang='grc' dir='ltr'><strong>εἴηοάί</strong></span> <span class='ocrx_word' id='word_1_656' title='bbox 694 5818 1043 5882; x_wconf 63' lang='lat' dir='ltr'><strong>Antiocheam</strong></span> <span class='ocrx_word' id='word_1_657' title='bbox 1075 5833 1244 5874; x_wconf 78' lang='lat' dir='ltr'><strong>canon</strong></span> <span class='ocrx_word' id='word_1_658' title='bbox 1276 5819 1330 5871; x_wconf 88' lang='grc'><strong>2.</strong></span> 
     </span>
    </p>
   </div>
   <div class='ocr_carea' id='block_1_113' title="bbox 2057 5521 3628 5596">
    <p class='ocr_par' dir='ltr' id='par_1_113' title="bbox 2057 5521 3628 5596">
     <span class='ocr_line' id='line_1_113' title="bbox 2057 5521 3628 5596; baseline -0.002 -17"><span class='ocrx_word' id='word_1_659' title='bbox 2057 5527 2179 5588; x_wconf 84' lang='grc' dir='ltr'>σίας</span> <span class='ocrx_word' id='word_1_660' title='bbox 2211 5522 2587 5594; x_wconf 74' lang='grc' dir='ltr'>προσάγεσθαι</span> <span class='ocrx_word' id='word_1_661' title='bbox 2612 5538 2623 5553; x_wconf 82' lang='lat'>&#39;</span> <span class='ocrx_word' id='word_1_662' title='bbox 2667 5525 2712 5576; x_wconf 80' lang='grc' dir='ltr'>οξ</span> <span class='ocrx_word' id='word_1_663' title='bbox 2750 5524 2860 5593; x_wconf 88' lang='grc' dir='ltr'><strong>γὰρ</strong></span> <span class='ocrx_word' id='word_1_664' title='bbox 2894 5526 2968 5596; x_wconf 80' lang='grc' dir='ltr'>μὴ</span> <span class='ocrx_word' id='word_1_665' title='bbox 2995 5521 3137 5581; x_wconf 76' lang='grc' dir='ltr'>οὕτω</span> <span class='ocrx_word' id='word_1_666' title='bbox 3169 5522 3457 5588; x_wconf 83' lang='grc' dir='ltr'>ποιοῦντες</span> <span class='ocrx_word' id='word_1_667' title='bbox 3484 5523 3628 5593; x_wconf 72' lang='grc' dir='ltr'>ἀφο-</span> 
     </span>
    </p>
   </div>
   <div class='ocr_carea' id='block_1_114' title="bbox 2057 5619 2314 5690">
    <p class='ocr_par' dir='ltr' id='par_1_114' title="bbox 2057 5619 2314 5690">
     <span class='ocr_line' id='line_1_114' title="bbox 2057 5619 2314 5690; baseline 0.004 -20"><span class='ocrx_word' id='word_1_668' title='bbox 2057 5619 2314 5690; x_wconf 76' lang='grc' dir='ltr'>ρίζονται.</span> 
     </span>
    </p>
   </div>
   <div class='ocr_carea' id='block_1_115' title="bbox 2129 5709 3280 5778">
    <p class='ocr_par' dir='ltr' id='par_1_115' title="bbox 2129 5709 3280 5778">
     <span class='ocr_line' id='line_1_115' title="bbox 2129 5709 3280 5778; baseline 0.003 -15"><span class='ocrx_word' id='word_1_669' title='bbox 2129 5715 2251 5763; x_wconf 76' lang='grc' dir='ltr'><strong>Τὦν</strong></span> <span class='ocrx_word' id='word_1_670' title='bbox 2279 5712 2448 5778; x_wconf 81' lang='grc' dir='ltr'>ἁγίων</span> <span class='ocrx_word' id='word_1_671' title='bbox 2475 5712 2785 5763; x_wconf 64' lang='grc' dir='ltr'><strong>ἄποπτὸγων</strong></span> <span class='ocrx_word' id='word_1_672' title='bbox 2813 5709 2995 5763; x_wconf 76' lang='grc' dir='ltr'>κανὼν</span> <span class='ocrx_word' id='word_1_673' title='bbox 3027 5709 3068 5762; x_wconf 85' lang='grc' dir='ltr'>ν’</span> <span class='ocrx_word' id='word_1_674' title='bbox 3091 5713 3187 5764; x_wconf 71' lang='grc' dir='ltr'>καὶ</span> <span class='ocrx_word' id='word_1_675' title='bbox 3213 5711 3280 5766; x_wconf 85' lang='grc' dir='ltr'><strong>θ’.</strong></span> 
     </span>
    </p>
   </div>
   <div class='ocr_carea' id='block_1_116' title="bbox 2131 5805 3040 5876">
    <p class='ocr_par' dir='ltr' id='par_1_116' title="bbox 2131 5805 3040 5876">
     <span class='ocr_line' id='line_1_116' title="bbox 2131 5805 3040 5876; baseline -0.008 -15"><span class='ocrx_word' id='word_1_676' title='bbox 2131 5808 2354 5861; x_wconf 62' lang='lat' dir='ltr'><strong>imam</strong></span> <span class='ocrx_word' id='word_1_677' title='bbox 2391 5807 2719 5876; x_wconf 77' lang='grc' dir='ltr'>Ἀντιοχείας</span> <span class='ocrx_word' id='word_1_678' title='bbox 2754 5805 2935 5858; x_wconf 79' lang='grc' dir='ltr'>κανὼν</span> <span class='ocrx_word' id='word_1_679' title='bbox 2973 5805 3040 5866; x_wconf 81' lang='grc' dir='ltr'><strong>β’,</strong></span> 
     </span>
    </p>
   </div>
  </div>
