4084 6194
420 331 500 395 ⁵15
1688 322 2003 385 ARSENII
2051 320 2402 384 MONACHI
3607 320 3674 387 16

503 447 698 517 Synodi
738 445 798 501 Vl
832 461 999 501 canon
1027 445 1117 500 25.

504 543 589 595 17.
625 540 738 596 Non
774 549 1025 610 Oportere
1059 539 1341 610 plusquam
1405 538 1694 591 canonicos
1741 547 1993 593 cantores

432 636 484 689 in
522 635 696 688 medio
724 632 970 688 ecclesiae
1014 644 1257 698 camare,
1315 641 1408 685 aut
1460 631 1739 685 ministros
1789 631 2001 684 exorci-

432 742 577 791 zare,
610 735 702 779 aut
736 740 888 781 sacra
921 739 1052 779 vasa
1078 736 1316 795 tangere,
1350 734 1441 777 aut
1507 739 1697 794 panem
1764 722 1999 786 tradere,

434 832 529 875 aut
593 820 813 875 calicem
872 818 1235 873 benedicere:
1272 832 1455 872 rerum
1513 818 1672 870 etiam
1724 831 1997 885 nunquam

431 913 621 985 ianuas
647 912 988 983 relinquere;
1019 922 1275 966 canentes
1305 924 1432 963 vero
1505 922 1846 978 nequaquam
1908 907 1997 963 itt-

433 1004 665 1059 conditis
699 1004 1030 1060 clamoribus
1059 1005 1159 1057 hoc
1184 1017 1361 1071 agere.

504 1097 705 1167 Syuudi
744 1095 1057 1151 Laodicena:
1086 1110 1257 1149 canon
1298 1092 1385 1158 15,
1411 1091 1505 1157 21,
1560 1091 1651 1157 22,
1680 1090 1772 1155 25,
1811 1090 1905 1158 25,
1930 1089 2001 1145 26

436 1203 488 1242 et
522 1189 615 1243 45.

507 1280 712 1352 Synodi
771 1279 837 1333 Vl
902 1293 1073 1335 canon
1121 1279 1212 1345 55,
1277 1277 1365 1341 75.
1424 1286 1477 1334 et
1519 1276 1709 1349 synodi
1775 1273 1865 1329 νη
1916 1290 2006 1331 ca.

436 1390 539 1427 non
582 1372 663 1428 H.

510 1465 596 1520 18.
627 1463 830 1520 Omnes
882 1463 1281 1519 ecclesiasticas
1332 1461 1648 1518 traditiones
1696 1476 1803 1516 non
1862 1458 2003 1515 scri-

436 1572 575 1630 ptas,
606 1570 671 1613 ex
704 1557 1092 1614 consuetudine
1118 1555 1170 1611 in
1193 1556 1433 1613 Ecclesia
1466 1565 1726 1625 receptas,
1759 1554 2005 1623 scriptis-

436 1666 543 1721 que
572 1648 1054 1705 constitutionibus
1080 1649 1301 1704 minime
1332 1651 1655 1715 contrarias,
1709 1661 1830 1704 esse
1884 1661 2002 1701 ser-

440 1744 670 1799 vandas.
1312 1806 1325 1827 ,

510 1834 695 1889 Sancti
719 1832 897 1889 Basilii
934 1848 1107 1888 canon
1134 1832 1202 1887 90
1233 1842 1287 1886 et
1316 1832 1407 1887 91.

511 1927 597 1983 19.
624 1924 739 1981 Non
774 1936 1025 1994 oportere
1051 1935 1241 1980 contra
1285 1922 1496 1978 Domini
1538 1923 1855 1978 mandatum
1901 1921 2003 1977 alia

438 2021 702 2089 quaepiam
738 2018 791 2073 in
819 2018 1143 2073 sacriﬁcium
1173 2017 1241 2071 ad
1270 2025 1516 2071 sanctmu
1564 2014 1739 2071 altare
1784 2013 2002 2083 aﬂerre,

441 2123 635 2184 printer
664 2111 836 2166 solum
868 2125 1057 2180 panem
1092 2120 1145 2163 et
1171 2110 1355 2164 vinum
1404 2124 1543 2177 aqua
1590 2109 1854 2165 mistum:
1915 2106 2008 2178 qui

438 2208 581 2262 cuitu
624 2214 819 2279 praeter
843 2204 958 2260 hazc
986 2203 1138 2269 facit,
1164 2205 1483 2273 deponatur.

512 2297 837 2353 Sanctorum
876 2296 1241 2367 apostolorum
1268 2311 1445 2352 canon
1483 2296 1541 2352 5.

511 2390 712 2460 Synodi
736 2382 1203 2458 Carthaginiensis
1231 2402 1407 2443 canon
1432 2386 1524 2443 57.

512 2480 714 2552 Synodi
757 2479 821 2533 Vl
854 2494 1030 2534 canon
1062 2479 1157 2546 28,
1191 2479 1257 2533 57
1293 2489 1348 2535 et
1378 2479 1470 2538 57.

510 2570 602 2622 20.
652 2566 884 2624 Fructus
936 2577 992 2624 et
1039 2568 1311 2640 primitias
1349 2584 1468 2640 qua
1513 2567 1836 2636 od’eruntur,
1904 2582 2012 2626 non

444 2677 561 2717 esse
589 2672 777 2717 sancto
800 2661 957 2717 altari
991 2661 1331 2730 inferendas,
1362 2664 1458 2718 sed
1505 2663 1722 2719 domum
1788 2664 2011 2717 mitten-

445 2756 561 2819 das,
596 2763 652 2807 ut
686 2768 776 2807 eas
814 2753 1101 2823 episcopus
1146 2762 1200 2809 et
1254 2753 1436 2807 caeteri
1500 2752 1686 2809 clerici
1741 2754 2008 2808 dividant.

444 2846 545 2911 Qui
576 2856 755 2900 autem
783 2846 897 2899 haec
921 2843 1172 2898 furantur
1227 2854 1322 2898 aut
1362 2842 1618 2900 auferunt
1656 2851 1854 2914 praeter
1920 2859 2017 2899 vo-

445 2937 707 2991 luntatem
732 2934 993 3005 episcopi,
1021 2937 1369 2990 anathemate
1391 2933 1683 2997 feriuntur,
1733 2949 1799 2991 ac
1855 2934 2017 3005 quin-

444 3027 590 3099 tuplo
617 3027 970 3083 mulctantur.

517 3220 845 3276 Sanctorum
872 3218 1237 3290 apostolorum
1268 3233 1441 3275 canon
1478 3219 1512 3274 4
1532 3230 1587 3274 et
1620 3218 1711 3273 72.

517 3312 719 3384 Synodi
758 3308 1087 3380 Gangrensis
1115 3323 1287 3363 canon
1319 3308 1376 3363 2.

486 3416 489 3417 ⁷
516 3403 718 3478 Synodi
745 3402 1217 3473 Carthaginiensis
1244 3417 1415 3458 canon
1447 3402 1539 3463 37.

516 3496 718 3569 Synodi
754 3492 823 3550 VI
860 3509 1034 3551 canon
1057 3494 1149 3562 28,
1176 3494 1248 3548 57
1277 3505 1331 3550 et
1355 3495 1447 3551 99.

515 3591 796 3662 Theophili
827 3588 1179 3645 Alexandrini
1210 3603 1381 3644 canon
1410 3590 1464 3655 8,

516 3686 579 3740 Et
611 3685 745 3755 legis
775 3692 935 3754 caput
962 3682 1048 3737 l9.

512 3781 603 3833 21.
632 3777 748 3833 Non
775 3787 1027 3847 oportere
1058 3774 1283 3830 linteum
1316 3782 1410 3828 aut
1441 3788 1531 3830 vas
1562 3774 1844 3845 quodlibet
1874 3789 2004 3830 san-

444 3874 738 3927 ctilicatum
764 3869 855 3925 alii
878 3867 1113 3938 cuipiam
1168 3866 1291 3922 usui
1334 3866 1652 3923 attribuere.
1712 3865 1813 3933 Qui
1864 3867 2014 3923 enim

447 3968 551 4020 hoc
577 3965 724 4028 facit,
752 3960 799 4016 si
833 3961 1053 4030 quidem
1085 3960 1260 4015 sacris
1300 3958 1594 4026 deserviat,
1626 3968 1882 4031 tanquam
1928 3976 2018 4015 ἐει-

447 4058 683 4128 ιτίίοειιε
703 4053 1020 4125 deponitur;
1043 4052 1212 4107 laicus
1242 4065 1371 4106 vero
1391 4052 1922 4107 excommunicatur.

515 4238 841 4293 Sanctorum
877 4233 1247 4304 apostolorum
1280 4248 1455 4290 canon
1485 4233 1575 4290 75.

515 4325 719 4398 Synodi
760 4327 811 4380 in
844 4326 1042 4396 templo
1087 4326 1409 4381 Sanctorum
1441 4324 1824 4397 Apostolorum
1874 4340 2019 4382 cete-

446 4422 617 4477 ιιι-σιω
645 4434 821 4475 canon
850 4416 937 4472 10.

517 4514 582 4566 Ει
604 4510 775 4567 sancti
808 4509 1056 4583 Gregorii
1080 4508 1312 4582 Nysseni
1346 4524 1519 4566 canon
1556 4509 1611 4566 8.

512 4603 604 4658 22.
642 4602 757 4659 Non
789 4614 1039 4673 oportere
1063 4602 1343 4657 Dominica
1368 4610 1461 4656 aut
1498 4602 1814 4659 Pentecoste
1846 4616 2019 4675 genu-

444 4701 681 4765 ﬂectere,
706 4698 802 4753 sed
832 4706 1039 4751 stantes
1069 4693 1296 4749 Domino
1333 4708 1521 4763 preces
1549 4692 1771 4750 offerre.

519 4876 722 4948 Synodi
754 4873 986 4929 Nicaeum
1020 4887 1197 4928 canon
1230 4872 1324 4940 20,

514 4966 719 5039 Synodi
750 4967 812 5021 Vl
836 4981 1009 5021 canon
1041 4964 1131 5019 90.

516 5060 702 5116 Sancti
726 5059 869 5114 Petri
900 5057 1253 5113 Alexandrini
1286 5072 1458 5113 canon
1501 5059 1586 5114 15.

516 5149 703 5207 Sancti
730 5149 911 5204 Basilii
944 5164 1117 5203 canOtt
1150 5150 1245 5209 90.

510 5241 959 5300 2‘5.Cessandum
993 5257 1114 5296 esse
1136 5244 1204 5297 ab
1258 5246 1510 5312 operibus
1560 5246 1650 5302 die
1709 5246 2012 5314 Dominica,

445 5338 546 5393 nisi
577 5337 874 5392 necessitas
904 5345 1123 5403 urgeat;
1186 5334 1423 5393 Sabbato
1476 5353 1604 5393 vero
1656 5341 2011 5409 operandutn.

444 5430 543 5498 Qui
574 5429 717 5483 enim
743 5425 872 5481 illud
904 5426 1061 5481 otiosi
1121 5425 1345 5496 degunt,
1404 5429 1753 5487 anathemate
1804 5436 2014 5502 percel-

445 5524 654 5576 luntur.

514 5613 720 5686 Synodi
757 5612 1074 5670 Laodicena:
1106 5630 1279 5670 canon
1309 5616 1400 5672 ‘29.

513 5704 606 5759 24.
641 5701 1155 5776 Sauctasimagiues
1184 5707 1469 5776 erigendas
1495 5723 1614 5762 esse
1670 5720 1833 5778 atque
1884 5715 2015 5765 ado—

440 5800 661 5872 randas,
697 5812 819 5855 cum
855 5798 1027 5856 honor
1059 5800 1124 5856 ad
1156 5803 1431 5875 exemplar
1478 5811 1738 5858 transeat.
1771 5802 1825 5857 Si
1887 5805 2010 5875 quis

2027 454 2072 509 Α
2172 442 2395 495 Συνόδου
2424 437 2478 505 ς’
2506 440 2685 495 κανὼν
2714 438 2821 510 κγ’.

2176 534 2258 599 ιζ’.
2296 536 2418 589 Ὀτι
2461 536 2521 588 οὺ
2548 536 2631 589 δεῖ
2660 522 2826 588 πλέον
2862 533 2970 589 τῶν
3017 534 3321 592 κανονικῶν
3348 534 3575 607 ψαλτῶν
3606 537 3667 591 ιν

2104 628 2255 700 μέσῳ
2294 630 2391 699 τῆς
2431 628 2732 699 ἐκκλησίας
2764 627 3010 697 ψάλλειν,
3059 631 3092 702 ἢ
3126 628 3438 700 ὲφορκίξειν
3467 630 3679 704 ὑπηρέ-

2100 736 2199 782 τας
2224 734 2237 748 ·
2272 718 2305 789 ἢ
2335 719 2606 773 ἅπτεσθαι
2636 718 2798 790 ίερῶν
2831 719 3067 785 σκευῶν,
3098 720 3131 790 ἢ
3180 721 3348 793 ἄρτον
3374 722 3602 791 διδόναι,
3637 723 3701 795 ἢ·

2102 810 2365 880 ποτήριον
2391 810 2637 878 εὐλογεῖν
2662 825 2676 840 ·
2711 809 2848 862 ἀλλὰ
2883 810 3155 879 μηδέποτε
3185 812 3281 875 τὰς
3313 812 3481 884 θύρας
3510 816 3679 884 ἐγκα-

2100 902 2491 973 ταλιμπάνειν·
2525 903 2621 956 καὶ
2655 905 2781 967 τοὺς
2814 901 3122 973 ψάλλοντας
3153 904 3209 957 δὲ
3249 906 3324 977 μὴ
3351 904 3507 976 βοαῖς
3534 909 3676 962 ἁτάο

2102 1012 2252 1060 κτοις
2291 996 2605 1066 χρωμένους
2636 995 2796 1049 τοῦτο
2818 999 3015 1050 ποιεῖν.

2172 1089 2401 1141 Συνόδου
2433 1088 2759 1152 Λαοδικείας
2796 1088 2976 1143 κανὼν
3013 1095 3096 1156 ιε’,
3125 1088 3232 1157 κα’,
3276 1087 3382 1162 κβ¹,
3416 1091 3525 1161 κγ’,
3568 1091 3671 1162 κε’,

2102 1180 2197 1246 κς·’
2223 1184 2317 1236 καὶ
2342 1181 2455 1252 μγ’.

2176 1276 2403 1330 Συνόδου
2450 1273 2504 1341 ς’
2533 1275 2712 1331 κανὼν
2765 1277 2846 1347 λγ¹
2906 1276 2999 1331 καὶ
3054 1282 3151 1344 os',
3222 1279 3318 1333 xta“.
3357 1279 3576 1334 συνόδου
3633 1279 3678 1346 ζ’

2102 1368 2286 1423 κανὼν
2319 1368 2401 1423 ιδ’.

2174 1458 2269 1531 ιη’.
2306 1461 2429 1514 Ὀτι
2458 1460 2542 1514 δεῖ
2566 1462 2758 1533 τηρεῖν
2791 1462 2886 1518 καὶ
2927 1462 3027 1527 τὰς
3065 1462 3353 1533 ἀγράφους
3382 1464 3565 1528 πάσας
3592 1464 3683 1518 ὲκ-

2104 1548 2501 1621 κλησιαστικάς
2542 1553 2897 1624 παραδόσεις,
2933 1554 3035 1619 τὰς
3081 1556 3146 1610 ὲκ
3198 1554 3491 1626 συνηθείας
3531 1555 3681 1610 δεδε-

2104 1643 2321 1713 γμένας
2346 1646 2413 1716 τῇ
2443 1643 2763 1718 Ἐκκλησία,
2797 1648 2890 1702 καὶ
2921 1647 2998 1718 μὴ
3021 1647 3442 1720 ὲναντιουμένας
3474 1649 3681 1721 ἐγγρά-

2111 1753 2231 1805 φοις
2259 1735 2471 1802 τύποις.

2035 1808 2079 1866 Β
2178 1830 2284 1884 Τοῦ
2319 1831 2475 1901 ἁγίου
2516 1832 2797 1886 Βασιλείου
2827 1831 3009 1888 κανὼν
3030 1831 3081 1902 ί(
3100 1833 3195 1888 καὶ
3217 1837 3326 1903 ίιαν.

2183 1921 2270 1979 ιϐ’.
2298 1925 2422 1979 Ὀτι
2465 1925 2527 1979 οὐ
2576 1926 2658 1979 δεῖ
2689 1924 2842 1998 παρά
2873 1926 2975 1997 τὴν
3012 1928 3109 1981 τοῦ
3161 1928 3371 1998 Κυρίου
3427 1925 3680 1994 διάταξιν

2108 2014 2277 2087 ἕτερά
2301 2032 2422 2071 τινα
2447 2018 2529 2082 εἰς
2551 2016 2744 2073 θυσίαν
2779 2018 3079 2090 προσάγειν
3118 2019 3195 2091 τῷ
3229 2020 3368 2089 ἁγίῳ
3396 2019 3685 2091 θυσιαστη-

2111 2107 2237 2179 ρίῳ,
2267 2108 2301 2179 ἢ
2341 2108 2507 2179 μόνον
2543 2108 2711 2182 ἀρτον
2746 2111 2841 2165 καὶ
2865 2106 3011 2166 οἶνον
3045 2110 3203 2167 ὕδατι
3236 2114 3620 2185 μεμιγμένονο
3657 2115 3688 2167 ό

2109 2200 2219 2274 γὰρ
2248 2201 2401 2272 παρά
2437 2200 2613 2256 ταῦτα
2644 2203 2816 2256 ποιῶν
2872 2203 3265 2275 καθαιρείσθω.

2181 2293 2304 2348 Τῶν
2334 2293 2507 2363 ἁγίων
2534 2294 2855 2349 ἀποστόλων
2890 2296 3074 2352 κανὼν
3096 2296 3169 2367 γ’.

2182 2385 2415 2441 Συνόδου
2444 2384 2813 2459 Καρθαγένης
2832 2388 3015 2446 κανὼν
3052 2389 3157 2457 λζ’.

2178 2478 2407 2534 Συνόδου
2442 2479 2497 2547 ς’
2529 2479 2711 2538 κανὼν
2746 2482 2856 2551 κη’,
2897 2479 3001 2551 λζ’,
3022 2484 3121 2540 καὶ
3144 2482 3248 2549 νε.

2182 2577 2255 2629 κ’.
2282 2572 2411 2627 Ὀτι
2443 2573 2507 2627 οὐ
2547 2574 2630 2628 δεῖ
2666 2573 2987 2643 εἰσάγεσθαι
3027 2576 3086 2629 ὲν
3122 2576 3267 2647 ἁγίῳ
3313 2575 3687 2650 θυσιαστηρίῳ

2111 2665 2212 2727 τὰς
2238 2666 2690 2739 προσφερομένας
2712 2670 3096 2741 καρποφορίας
3135 2669 3233 2724 καὶ
3266 2670 3542 2743 ἀπαρχὰς,
3569 2672 3686 2727 ἀλλ’

2115 2757 2197 2820 είς
2258 2752 2409 2811 οἷκον
2470 2757 2944 2825 ἀποστέλλεσθαι,
2992 2761 3072 2826 ὡς
3130 2760 3199 2815 ἂν
3255 2762 3689 2836 ἐπιμερίσωνται

2114 2846 2289 2903 ταῦτα
2323 2845 2353 2903 δ
2375 2866 2435 2903 τε
2470 2850 2795 2915 ἐπίσκοπος,
2826 2851 2924 2905 καὶ
2943 2852 3197 2925 οξλοιποὶ
3230 2854 3505 2926 κληρικοί.
3538 2858 3603 2911 Oi
3628 2859 3689 2911 δὲ

2113 2940 2287 2994 ταῦτα
2314 2940 2664 3007 κλέπτοντες,
2735 2944 2770 3015 ἢ
2819 2944 3213 3017 ἀφαιρούμενοι
3258 2949 3409 3019 παρὰ
3460 2949 3689 3021 γνώμην

2114 3032 2207 3086 τοῦ
2256 3033 2586 3104 ἐπισκόπου,
2631 3034 3167 3109 ἁναθεματίζονται,
3216 3038 3313 3093 καὶ
3359 3041 3692 3114 ζημιοῦνται

2045 3154 2087 3211 C
2123 3128 2588 3187 πενταπλασίονα.

2190 3222 2233 3274 Τ
2237 3221 2312 3275 ὦν
2335 3222 2509 3292 ἁγίων
2535 3223 2858 3279 ἀποστόλων
2880 3222 3063 3281 κανὼν
3085 3223 3130 3280 δ’
3155 3226 3249 3282 καὶ
3273 3226 3370 3301 οβ’.

2188 3315 2413 3369 Συνόδου
2445 3314 2715 3389 Γαγγρῶν
2738 3315 2922 3372 κανὼν
2951 3316 3024 3390 β’.

2189 3405 2413 3461 Συνόδου
2444 3407 2807 3482 Καρθαγένης
2839 3409 3020 3466 κανὼν
3049 3410 3153 3477 λζ’.

2188 3500 2299 3555 Καὶ
2323 3501 2546 3557 συνόδου
2576 3500 2633 3570 ς’
2665 3503 2851 3557 κανὼν
2880 3501 2992 3579 κη’,
3021 3503 3103 3571 νς
3130 3504 3230 3560 καὶ
3262 3506 3371 3576 [δ’.

2190 3595 2452 3667 Θεοφίλου
2478 3595 2892 3670 ’Δλεεανδρείας
2923 3598 3108 3654 κανὼν
3128 3597 3204 3673 η’.

2189 3691 2300 3744 Καὶ
2332 3690 2556 3760 νομικὸν
2587 3691 2893 3763 κεφάλαιον
2925 3690 3021 3751 ιδ’.

2186 3780 2298 3839 κα’.
2330 3782 2451 3837 Ὅτι
2473 3783 2536 3837 οὐ
2574 3784 2659 3838 δεῖ
2685 3784 2879 3856 ὀθόνην
2908 3785 2943 3860 ἢ
2980 3785 3175 3851 σκεῦος
3198 3786 3260 3841 τδ
3304 3788 3511 3844 οίονοῦν
3540 3790 3695 3859 ἁγιαο

2120 3872 2246 3927 σθὲν
2278 3874 2361 3939 είς
2390 3874 2584 3946 ἑτέραν
2624 3874 2827 3948 χρῆσίν
2855 3894 2979 3932 τινα
3022 3878 3438 3951 σφετερίζεσθαι
3460 3897 3477 3915 ⁸
3516 3883 3545 3935 ό
3579 3883 3691 3956 γὰρ

2118 3966 2278 4021 τοῦτο
2307 3966 2497 4035 ποιῶν,
2524 3968 2574 4022 εί
2619 3970 2721 4040 μὲν
2754 3971 3052 4042 ίερωμένος
3080 3974 3251 4043 ἐστὶν,
3279 3974 3357 4043 ὡς
3407 3977 3689 4049 ἱερόσυλος

2120 4055 2466 4129 καθαιρεῖται
2492 4073 2509 4090 ο
2549 4059 2601 4112 εί
2642 4059 2699 4113 δὲ
2739 4060 2947 4125 λαῖκὸς,
2992 4062 3313 4133 ἀφορίζεται
3383 4068 3692 4142 ἁκοινωνή-

2118 4165 2249 4211 τως.

2192 4242 2315 4297 ’[ῶν
2349 4244 2521 4315 ἁγίων
2559 4245 2879 4302 ἀποστόλων
2905 4249 3089 4305 κανὼν
3121 4257 3228 4321 or.

2190 4336 2418 4445 Συνόδρυ
2461 4340 2563 4410 τῆς
2597 4340 2656 4393 ὲν
2698 4340 2782 4413 τῷ
2827 4341 2941 4413 ναῷ
2971 4343 3081 4399 τῶν
3116 4344 3313 4415 ’Δγίων
3354 4346 3694 4404 ’Δποστόλων

2120 4426 2303 4481 κανὼν
2331 4426 2387 4488 ι’.

2044 4507 2098 4570 D
2190 4517 2298 4574 Καὶ
2325 4519 2420 4575 τοῦ
2444 4521 2600 4590 ἁγίου
2629 4522 2936 4597 Γρηγορίου
2966 4527 3192 4599 Νύσσης
3226 4532 3407 4585 κανὼν
3426 4528 3500 4605 η’.

2194 4611 2302 4685 κβ¹.
2334 4616 2456 4670 Ὀτι
2482 4618 2543 4670 οὐ
2572 4616 2653 4672 δεῖ
2681 4618 2886 4673 κλίνειν
2920 4620 3049 4691 γόνυ
3078 4623 3134 4675 ὲν
3163 4624 3442 4699 κυριακῇ,
3484 4627 3515 4699 ἢ
3549 4629 3609 4681 ἐν
3630 4633 3697 4703 τῇ

2123 4706 2512 4780 Πεντηκοστῇο
2552 4707 2670 4763 ἁλλ’
2710 4709 2956 4776 ἑστῶτας
2991 4716 3330 4785 προσφέρειν
3388 4719 3468 4789 τῷ
3507 4721 3696 4791 Κυρίῳ

2120 4797 2221 4859 τὰς
2246 4797 2433 4867 εὐχάς.

2195 4887 2423 4942 Συνόδου
2448 4888 2683 4955 Νικαίας
2704 4890 2887 4947 κανὼν
2910 4892 2979 4949 κ’.

2193 4980 2421 5035 Συνόδου
2446 4980 2501 5047 ς’
2533 4982 2715 5037 κανὼν
2748 4988 2821 5051 ιιι.

2191 5071 2300 5126 Τοῦ
2324 5074 2481 5141 ἁγίου
2514 5076 2725 5147 Πέτρου
2755 5076 3164 5150 ’Δλεξανδρείας
3206 5081 3388 5136 κανὼν
3419 5077 3498 5145 ιε’.

2192 5162 2305 5216 Καὶ
2328 5162 2420 5215 τοῦ
2452 5164 2610 5233 ἁγίου
2636 5165 2922 5220 Βασιλείου
2946 5167 3126 5221 κανὼν
3161 5166 3233 5236 ιζ.

2194 5262 2301 5324 κγ’.
2328 5256 2449 5311 ’ὐτι
2474 5259 2553 5311 δεῖ
2581 5259 2864 5330 σχολάζειν
2898 5260 3007 5314 τῶν
3029 5261 3208 5333 ἔργων
3244 5264 3303 5317 ἑν
3332 5264 3612 5339 κυριακῇ,
3643 5269 3697 5322 εί

2127 5349 2201 5417 μὴ
2233 5349 2450 5420 ἀνάγκη
2488 5352 2810 5420 κατεπείγει
2833 5368 2847 5383 ο
2884 5356 2944 5408 ὲν
2991 5354 3048 5407 δὲ
3094 5354 3173 5425 τῷ
3229 5356 3495 5427 Σαϐϐάτῳ
3529 5362 3698 5431 έργάο

2122 5441 2331 5506 ζεσθαι.
2379 5445 2440 5496 Oi
2478 5447 2586 5513 γὰρ
2635 5444 2937 5515 ἀργοῦντες
2972 5450 3126 5514 αὐτὸ,
3168 5431 3694 5521 ἀναθεματίζονται.

2190 5622 2419 5677 Συνόδου
2446 5624 2765 5692 Λαοδικείας
2794 5629 2976 5685 κανὼν
3007 5630 3114 5686 κθ⁹.

2191 5712 2289 5769 κδ’.
2326 5716 2447 5769 Ὀτι
2499 5718 2579 5770 δεῖ
2620 5719 3060 5791 ἁναστηλοῦσθαι
3100 5724 3261 5795 ἁγίας
3307 5727 3544 5797 εἰκόνας,
3599 5731 3697 5785 καὶ

2122 5809 2546 5879 προσκυνεῖσθαι
2584 5812 2778 5880 αὐτὰς,
2801 5816 2876 5883 ὡς
2911 5816 3009 5889 τῆς
3049 5819 3216 5891 τιμῆς
3252 5821 3346 5874 ἐπὶ
3374 5821 3432 5875 τὸ
3480 5824 3701 5896 πρωτό-
