4084 6194
400 296 473 361 23
1683 306 1989 367 ARSENI]

2090 307 2386 368 IONACHI
3582 316 3652 380 24

356 434 359 439 ·
402 427 506 465 non
543 420 828 483 'receptos,
896 412 1031 468 citra
1089 426 1242 465 suam
1301 411 1537 485 culpam,
1575 414 1840 484 dignitate
1873 431 1969 470 sua

2090 418 2168 471 ιαῖ
2201 416 2274 488 μὴ
2305 417 2596 488 δεχθὲντας
2629 419 2732 472 ὑπὸ
2761 420 2858 489 τῆς
2897 422 3033 487 ιδίας
3071 426 3387 495 παροικίας,
3408 428 3469 481 οὗ
3497 430 3648 500 παρὰ

400 505 653 569 gaudere,
710 521 775 559 ac
826 520 1023 560 munus
1073 519 1226 561 suum
1266 507 1455 571 obire,
1508 507 1682 561 donec
1728 506 1971 576 perlecta

402 596 642 666 synodus
676 601 739 650 de
770 596 902 665 ipsis
937 594 1225 663 statuerit;
1259 596 1464 651 clerum
1518 610 1649 651 vero
1690 611 1807 669 elus
1854 611 1974 669 quae

400 704 509 743 non
538 688 798 758 receperit
829 688 1078 758 paroecize
1111 688 1602 744 excummunicari.

476 870 798 926 Sanctorum
836 870 1202 939 nposmlnrum
1233 884 1408 925 canon
1439 868 1526 925 56.

475 963 676 1034 Synodi
709 963 1059 1018 Arnim-liena:
1087 979 1260 1018 canon
1293 963 1379 1019 18.

475 1055 563 1110 41.
598 1054 860 1124 Oportere
906 1056 1068 1109 etiam
1120 1069 1185 1109 ex
1221 1055 1503 1110 'eunncbis
1540 1054 1595 1109 in
1636 1053 1783 1110 omni
1821 1067 1978 1109 sacro

404 1151 575 1222 gradu
627 1151 902 1214 ordinari.
952 1150 996 1205 si
1064 1150 1262 1220 alloqui
1318 1150 1465 1221 digni
1538 1150 1687 1213 sint,
1760 1159 1854 1205 aut
1909 1165 1976 1204 ex

408 1247 685 1301 hominum
713 1244 909 1314 injuria
941 1246 1021 1299 vel
1062 1245 1253 1299 morbo
1307 1244 1485 1299 virilia
1534 1243 1841 1308 amiserint,
1892 1242 1976 1296 vel

408 1341 453 1395 si
492 1340 632 1394 forte
670 1342 746 1395 sic
777 1338 885 1391 nati
917 1339 1042 1394 sint.
1074 1335 1131 1391 Si
1156 1338 1275 1406 quis
1322 1347 1501 1390 autem
1534 1334 1750 1405 propria
1785 1334 1980 1390 volun-

409 1442 521 1488 tate
570 1442 817 1487 exsectns
842 1432 1022 1495 fuerit,
1059 1431 1109 1484 in
1146 1432 1349 1485 clerum
1394 1444 1620 1498 prorsus
1650 1442 1756 1483 non
1792 1428 1980 1482 admit-

410 1525 563 1589 titur,
627 1534 685 1577 ut
727 1524 817 1591 qui
871 1522 971 1578 sibi
1014 1524 1131 1591 ipse
1172 1537 1363 1577 manus
1401 1522 1667 1576 violentas
1710 1519 1977 1575 attulerit.

410 1616 547 1686 Qum
582 1619 744 1671 etiam
781 1617 871 1688 qui
924 1630 1091 1672 sanos
1141 1626 1406 1682 castraut,
1476 1614 1759 1668 homicida
1810 1619 1975 1668 sunt:

409 1716 573 1776 atque
601 1707 821 1771 idcirco,
870 1707 913 1760 si
953 1705 1170 1777 quidem
1198 1706 1369 1761 sacris
1406 1704 1600 1759 initiati
1634 1703 1761 1771 sint,
1814 1703 1980 1773 depo-

410 1810 645 1868 nuntur;
673 1802 715 1855 si
754 1815 881 1855 vero
904 1798 1047 1866 laici,
1079 1808 1430 1870 segregantur
1451 1812 1545 1867 per
1576 1809 1684 1853 tres
1715 1811 1906 1852 annos.

484 1981 803 2036 Sanctorum
831 1981 1197 2049 apostolorum
1222 1994 1398 2035 canon
1424 1977 1514 2044 21,
1539 1977 1612 2032 2‘2
1636 1988 1691 2035 et
1713 1978 1811 2033 2'5.

483 2072 687 2144 Synodi
727 2070 958 2127 Nicaeum
987 2087 1160 2127 canon
1188 2072 1238 2127 1.

485 2164 689 2239 Synodi
722 2168 774 2224 in
806 2166 1006 2237 templo
1048 2166 1375 2221 Sanctorum
1409 2164 1789 2234 Apostolorum
1842 2180 1985 2221 ποιε-
2090 2180 2092 2183 '

412 2260 583 2316 brata:
613 2259 671 2314 8.

484 2353 574 2409 45.
606 2352 745 2407 Eum
796 2354 886 2425 qui
941 2355 1135 2424 dignus
1199 2356 1271 2410 sit
1323 2354 1389 2409 ad
1445 2352 1809 2421 episcopatum
1863 2361 1985 2403 esse

419 2446 866 2514 promovendum,
906 2446 1029 2501 licet
1061 2447 1234 2502 altero
1274 2446 1432 2501 oculo
1466 2444 1537 2500 sit
1594 2444 1857 2511 privatus,
1898 2440 1981 2493 vcl

415 2552 578 2593 crure
598 2538 820 2605 debilis;
858 2540 903 2595 si
930 2554 1057 2595 vero
1095 2540 1291 2596 surdus
1316 2538 1387 2594 sit
1416 2547 1508 2593 aut
1533 2552 1708 2593 caecus
1732 2534 1981 2601 omnino,

420 2644 526 2686 non
550 2640 633 2685 est
663 2633 1084 2701 promovendus.

489 2724 813 2781 Sanctorum
843 2726 1203 2797 apostolorum
1232 2741 1404 2782 canon
1427 2725 1495 2779 27
1526 2734 1581 2781 et
1605 2724 1695 2779 78.
1962 2788 1965 2789 ν

490 2812 580 2869 46.
614 2812 729 2870 Non
774 2825 1025 2884 oportere
1058 2829 1245 2872 servos
1293 2817 1360 2870 ad
1402 2814 1601 2869 clerum
1651 2811 1982 2882 promoveri,

422 2916 516 2963 aut
569 2908 867 2965 monachos
902 2909 1041 2975 ﬁeri,
1098 2908 1202 2964 nisi
1261 2907 1511 2963 libertate
1562 2903 1746 2958 donati
1797 2901 1907 2955 sint
1955 2914 1983 2952 a

419 3000 655 3057 dominis
683 3002 796 3058 suis
826 3015 1006 3057 coram
1039 3000 1211 3056 tribus
1264 2998 1514 3064 testibus,
1569 3004 1662 3048 aut
1693 2992 1984 3048 triennium

2076 510 2178 579 τὴν
2227 509 2440 562 ἑαυτῶν
2492 510 2713 576 αίτίαν,
2761 530 2782 583 ι
2840 514 3011 583 ιέχειν
3039 516 3139 586 τῆς
3179 517 3364 588 τιμῆς,
3419 520 3514 573 καὶ
3553 520 3652 589 τῆς

2076 600 2445 673 λειτουργίας,
2497 603 2605 666 ἕως
2657 604 2723 657 ἂν
2771 607 2804 676 ἡ
2861 606 3029 659 τελεία
3072 606 3289 673 σύνοδος
3321 610 3481 681 ὁρίσῃ
3518 612 3649 682 περὶ

2078 694 2280 750 αὐτῶν·
2315 696 2405 750 τὸν
2437 696 2495 749 δὲ
2526 697 2727 772 κλῆρον
2762 700 2864 771 τῆς
2895 701 2971 773 μὴ
3004 688 3306 773 δεξαμένης
3348 704 3645 776 παροικίας

2077 788 2461 860 ἀφορισθῆναι.

2150 883 2272 936 τῶν
2299 884 2472 951 ἀγίων
2504 884 2820 940 ἀποστόλων
2854 882 3038 939 κανῶν
3064 876 3191 952 λς’.

2122 975 2382 1029 ’Συνόδου
2427 977 2763 1047 Ἀντιοχείας
2790 975 2976 1032 κανὼν
3008 958 3099 1049 ιη’.

2152 1067 2260 1138 μδ⁹.
2299 1066 2424 1123 Ὀτι
2471 1068 2552 1143 δεῖ
2593 1069 2688 1123 καὶ
2730 1069 2792 1136 ἐξ
2835 1069 3105 1141 εὐνούχων
3135 1070 3556 1142 χειροτονεισθαι
3594 1070 3653 1125 ἐν

2082 1160 2248 1215 παντὶ
2275 1160 2537 1233 ίερατικῷ
2565 1160 2777 1233 βαθμῷ,
2804 1162 2900 1217 ἐὰν
2930 1162 3104 1226 ἄλλως
3138 1161 3279 1230 ἄξιοί
3304 1163 3478 1226 εἰσιν,
3500 1163 3534 1234 ἢ
3559 1162 3655 1215 καὶ

2080 1252 2141 1318 ἐξ
2176 1253 2444 1323 ἐπηρείας
2474 1253 2803 1324 ἀνθρώπων,
2832 1254 2865 1325 ἢ
2901 1255 3310 1326 προσπεσόντος
3343 1255 3655 1325 νοσήματος

2082 1346 2439 1419 ἀφῃρέθησαν
2465 1348 2533 1399 τὰ
2571 1346 2783 1419 ἀνδρῶν
2806 1362 2821 1377 ⁶
2848 1348 2879 1416 ἢ
2930 1348 3026 1399 ἐὰν
3066 1345 3241 1411 οὕτως
3273 1344 3403 1411 ἴσως
3439 1349 3656 1418 ἐγεννὴ-

2083 1439 2279 1509 θησαν.
2355 1438 2421 1491 El
2476 1439 2533 1493 δὲ
2572 1439 2748 1509 οίκείᾳ
2795 1436 2992 1511 γνώμῃ
3042 1439 3367 1510 εὐνουχισθῇ
3431 1458 3535 1504 τις,
3577 1441 3659 1501 είς

2083 1529 2287 1601 κλῆρον
2317 1529 2454 1595 ὅλως
2493 1530 2593 1585 οὐκ
2630 1529 2875 1603 ἔρχεται,
2927 1531 3002 1593 ὡς
3050 1530 3447 1600 αύτοφονευτὴς
3500 1546 3658 1597 γεγοο

2082 1622 2215 1684 νὼς.
2248 1620 2414 1677 ’Δλλὰ
2469 1622 2565 1677 καὶ
2610 1622 2659 1675 oi
2700 1622 3109 1692 εὐνουχῖζοντες
3171 1621 3517 1690 ὑγιαίνοντας
3565 1637 3657 1689 φε-

2085 1716 2273 1770 νευταί
2306 1718 2414 1769 είσι
2444 1731 2457 1744 ·
2488 1716 2583 1770 καὶ
2611 1715 2698 1769 διὰ
2728 1714 2909 1781 τρῦτο,
2943 1717 2991 1767 εί
3040 1714 3140 1784 μὲν
3186 1713 3480 1784 νίερωμένοι
3525 1712 3651 1773 elei,

2090 1807 2485 1881 καθαιροῦνται
2522 1823 2537 1838 ’
2579 1810 2629 1862 εί
2676 1808 2734 1862 δὲ
2790 1808 3005 1873 λαῖκοὶ,
3058 1806 3408 1879 ἀφορίζονται
3463 1806 3553 1858 ἐπὶ
3606 1812 3657 1874 γ’

2088 1901 2206 1973 ἔτη.

2162 1994 2284 2047 Τῶν
2316 1993 2489 2062 ἁγίων
2516 1991 2837 2048 ἀποστόλων
2868 1989 3050 2046 κανῶν
3080 1991 3185 2057 κί’,
3213 1988 3305 2063 κβ¹
3330 1992 3427 2046 καὶ
3458 1996 3563 2059 κγ’.
3643 2023 3649 2029 -

2161 2086 2393 2141 Συνόδου
2428 2084 2665 2146 Νικαίας
2698 2081 2882 2140 κανῶν
2915 2090 2986 2139 α’.

2162 2179 2387 2234 Συνόδου
2423 2180 2480 2232 ὲν
2508 2176 2586 2248 τῷ
2612 2175 2726 2249 ναῷ
2750 2176 2859 2231 τῶν
2896 2176 3096 2247 Ἁγίων
3136 2176 3483 2231 Ἀποστόλων
3513 2181 3587 2247 η’.

2168 2368 2270 2432 με’.
2306 2360 2433 2415 Ὀτι
2460 2360 2541 2414 δεῖ
2560 2358 2649 2412 τὸν
2678 2357 2827 2425 ἄξιον
2856 2356 3197 2427 προάγεσθαι
3222 2357 3302 2421 είς
3327 2355 3654 2418 ἐπίσκοπον,

2094 2451 2194 2509 xiv
2225 2454 2508 2523 ἀνάπηρος
2598 2452 2687 2504 τόν
2723 2449 3028 2520 ὀφθαλμὸν,
3062 2449 3096 2519 ἦ
3127 2448 3187 2501 τὸ
3222 2447 3410 2511 σκέλος
3448 2444 3658 2514 πεπλη-

2092 2548 2293 2618 γμένος
2315 2561 2329 2577 ·
2362 2546 2409 2596 εί
2438 2544 2504 2606 δὲ,
2519 2541 2703 2611 κωφὸς
2764 2543 2849 2615 εἴη
2881 2541 2915 2613 ἢ
2974 2538 3173 2609 τυφλὸς
3213 2537 3411 2609 πάντη,
3465 2536 3539 2608 μὴ
3572 2534 3660 2606 γί-

2092 2658 2146 2695 νε
2157 2639 2299 2692 σθαι.

2168 2732 2288 2786 Τῶν
2320 2728 2493 2797 ἁγίων
2521 2725 2838 2781 ἀποστόλων
2871 2723 3052 2781 κανὼν
3076 2722 3143 2787 κζ
3159 2721 3172 2744 ’
3201 2721 3294 2776 καὶ
3324 2718 3426 2792 οη’.

2171 2822 2287 2895 pg’.
2322 2823 2450 2876 Ὀτι
2483 2822 2541 2875 ού
2567 2820 2649 2872 δεῖ
2674 2818 2895 2880 οἰκέτας
2925 2818 3007 2881 είς
3051 2812 3250 2885 κλῆρον
3300 2809 3659 2883 προάγεσθαι,

2093 2918 2126 2987 ἦ
2167 2915 2436 2986 μοναχοὺς
2470 2914 2739 2980 γίνεσθαι,
2775 2914 2824 2965 εί
2893 2910 2967 2981 μὴ
3048 2905 3454 2979 ἑλευθερωθῶσι
3509 2904 3663 2975 παρὰ

2095 3009 2204 3063 τῶν
2239 3009 2386 3062 ἰδίων
2426 3004 2706 3060 δεσποτῶν
2737 3004 2832 3058 ἐπὶ
2861 3000 3011 3074 τρισὶ
3045 3002 3314 3071 μάρτυσιν
3339 3011 3356 3027 ⁸
3428 2995 3461 3068 ἢ
3527 2995 3665 3066 πλη-

420 3092 777 3164 expleverint,
817 3092 889 3148 ita
918 3104 978 3149 ut
1023 3092 1199 3148 nullus
1231 3091 1399 3162 possit
1437 3104 1531 3145 eos
1567 3089 1619 3142 in
1668 3087 1983 3141 servitutem

2099 3100 2335 3172 ρὼσουσι
2367 3097 2610 3170 τριετίαν
2650 3096 2876 3167 μηδενὸς
2906 3093 3131 3157 τούτους
3158 3091 3312 3164 ffers.
3338 3086 3663 3161 δυναμένου]
3694 3120 3695 3123 η

420 3188 759 3261 pertrahere.
794 3185 895 3258 Qui
932 3193 1113 3245 aufe‘m
1158 3195 1346 3245 contra
1403 3186 1516 3241 haec
1565 3182 1711 3246 facit,
1772 3193 1991 3235 excom—

425 3280 779 3338 municationi
815 3282 1121 3355 subjicitur.
1152 3281 1251 3350 Qui
1282 3295 1410 3336 vero
1443 3279 1634 3334 docent
1681 3290 1774 3330 eos
1814 3272 1993 3328 domi-

2096 3197 2175 3260 εἰς
2200 3190 2445 3248 δουλείαν
2503 3189 2783 3246 ἕλκεσθαι.
2820 3188 2881 3243 ‘0
2934 3186 2989 3241 δὲ
3037 3185 3185 3257 παρά
3233 3182 3404 3240 ταῦτα
3468 3181 3663 3248 ποιῶν,

2095 3289 2468 3361 ἀκοινωνησίᾳ
2494 3285 2994 3341 καθυποδάλλεται.
3027 3283 3136 3337 Καὶ
3170 3281 3221 3335 oi
3245 3274 3662 3339 διδάσκοντεςδδ

423 3391 522 3433 nos
564 3391 690 3433 suos
749 3388 1118 3443 contemnere,
1169 3386 1333 3446 atque
1387 3374 1456 3430 ab
1502 3386 1690 3428 eorum
1738 3367 1989 3424 servitute

2092 3380 2319 3443 τούτους
2374 3378 2487 3432 τῶν
2513 3377 2661 3431 ἰδίων
2696 3374 2900 3447 κυρίων
2949 3373 3336 3445 καταφρονεῖν,
3380 3367 3474 3422 καὶ
3533 3364 3662 3436 ἀφί-

420 3470 707 3533 recedero.
744 3471 1085 3527 anathemate
1116 3469 1404 3525 feriuntur.

495 3562 816 3620 Sanctorum
844 3563 1211 3633 apostolorum
1255 3574 1427 3615 canon
1458 3558 1547 3613 82.

498 3655 700 3729 Synodi
730 3656 1063 3725 Gangrensis
1094 3670 1264 3710 canon
1298 3654 1353 3707 5.

496 3749 699 3821 Synodi
739 3748 1194 3805 Calchedonensis
1224 3760 1398 3801 canon
1433 3745 1486 3799 ι.

498 3842 700 3914 Synodl
742 3840 811 3897 Vl
841 3856 1012 3895 canon
1043 3837 1131 3895 85.

496 3936 564 3991 Et
588 3934 721 4005 legis
751 3944 912 4004 caput
938 3932 991 3999 8,
1016 3931 1084 3987 50
1105 3941 1158 3985 et
1187 3928 1277 3986 5|.

494 4030 587 4086 47.
617 4027 735 4084 Non
783 4035 1034 4099 oportere
1083 4025 1394 4092 episcopum
1420 4019 1558 4084 nulli
1606 4016 1861 4073 Ecclesiae
1896 4013 1992 4068 ad-

426 4124 654 4190 dictum,
680 4131 960 4178 vacantem
1013 4116 1313 4173 Ecclesiatu
1360 4114 1635 4174 invadere,
1697 4109 1831 4164 citra
1864 4122 1989 4160 con-

424 4230 641 4273 sensum
666 4212 959 4286 provinciae
982 4207 1373 4278 metropolitani
1398 4215 1557 4275 atque
1578 4202 1952 4272 episcoporum
1976 4213 1989 4252 :

426 4310 511 4365 sin
539 4323 688 4372 vero,
730 4308 795 4363 ab
819 4304 1056 4362 Ecclesia
1082 4303 1318 4375 ejicitur.

499 4398 702 4471 Synodi
743 4397 1091 4453 Antiocltenze
1117 4405 1286 4447 canon
1318 4389 1405 4445 16.

2096 3472 2325 3527 στασθαι
2359 3471 2460 3542 τῆς
2490 3469 2735 3532 δουλείας
2761 3460 2963 3530 αὐτῶν,
2999 3459 3505 3533 ἀναθεματίζονται.

2166 3567 2290 3621 Τῶν
2316 3558 2490 3634 ἁγίων
2519 3562 2837 3618 ἀποστόλων
2868 3558 3052 3614 κανὼν
3084 3556 3193 3627 πβ’.

2166 3659 2398 3713 Συνόδου
2436 3655 2706 3725 Γαγγρῶν
2758 3650 2940 3707 κανὼν
2966 3659 3035 3720 γ’.

2173 3752 2407 3806 Συνόδου
2439 3749 2787 3821 Καλχηδόνος
2820 3745 3002 3800 κανὼν
3031 3745 3095 3798 δ’.

2166 3847 2393 3901 Συνόδου
2425 3844 2481 3912 ς’
2511 3840 2690 3898 κανὼν
2716 3839 2822 3895 πε’.

2167 3940 2280 3993 Καὶ
2307 3936 2533 4004 νομικὸν
2560 3933 2855 4001 κεφάλαιον
2888 3928 2958 3999 η’,
3013 3926 3056 3983 ν’
3088 3930 3183 3985 καὶ
3209 3934 3311 3983 να’.

2172 4032 2284 4103 μζκ
2318 4031 2444 4086 ’Ότι
2475 4031 2535 4083 οὐ
2564 4027 2646 4082 δεῖ
2682 4026 3012 4097 σχολάζοντα
3042 4025 3340 4078 ἐπίσκοπον
3366 4016 3660 4089 σχολάζον⁴

2100 4144 2202 4181 σαν
2254 4120 2587 4192 Ἐκκλησίαν
2612 4119 2886 4191 ἁρπάζειν
2907 4116 3033 4186 δίχα
3075 4112 3308 4183 γνώμης
3361 4110 3455 4166 τοῦ
3518 4109 3661 4163 κατὰ

2098 4218 2286 4289 χώραν
2317 4214 2746 4287 μητροπολίτου,
2777 4212 2872 4266 καὶ
2912 4210 3021 4263 τῶν
3078 4206 3393 4261 ἐπισκόπων
3419 4220 3436 4234 ⁸
3494 4203 3544 4257 sl
3606 4200 3662 4254 δὲ

2100 4309 2201 4378 μὴ,
2238 4306 2549 4375 ἀπόσλητος
2579 4304 2791 4374 γίνεται
2822 4302 2922 4373 τῆς
2959 4297 3310 4371 Ἕκκλησίας.

2119 4416 2125 4421 ·
2179 4398 2407 4454 Συνόδου
2443 4396 2774 4466 Ἀντιοχείας
2795 4393 2975 4449 κανὼν
3009 4390 3105 4460 ις’.

499 4491 589 4549 48.
618 4490 743 4546 Non
823 4498 1081 4560 oportere
1166 4480 1508 4539 saecularium
1580 4477 1989 4548 magistratuum

2180 4492 2294 4565 μη’.
2336 4492 2541 4547 Ὀτιού
2576 4492 2655 4544 δεῖ
2683 4490 2772 4543 διὰ
2830 4487 3173 4560 προστασίας
3234 4478 3519 4553 κοσμικῶν
3570 4479 3671 4549 ἀρ-

427 4583 757 4641 auctoritate
802 4594 1129 4653 quemquam
1185 4578 1252 4631 ad
1292 4572 1652 4631 sacerdotium
1690 4568 1993 4641 pervenire,

429 4688 525 4734 aut
558 4674 815 4732 Ecclesiae
845 4672 1083 4745 regimen
1125 4670 1420 4739 suscipere.
1452 4664 1820 4721 Deturbantur
1850 4658 1996 4715 enim

431 4786 496 4826 ac
527 4777 880 4841 segregantur
911 4765 1011 4847 ipsi
1062 4779 1166 4821 una
1204 4778 1326 4819 cum
1370 4760 1440 4816 iis
1466 4757 1717 4817 omnibus
1746 4754 1838 4828 qui
1875 4766 1997 4809 cum

430 4864 564 4935 ipsis
594 4862 1015 4919 communicant.

504 4974 833 5029 Sanctorum
882 4967 1241 5038 apostolorum
1273 4978 1445 5021 canon
1475 4960 1566 5017 50.

502 5058 705 5134 Synodl
729 5056 1189 5115 Calchedoncnsis
1214 5068 1387 5112 cancri
1430 5052 1518 5108 12.

500 5153 703 5225 Synodi
732 5149 823 5206 Vll
851 5167 1023 5207 canon
1055 5151 1109 5207 3.

499 5248 589 5304 49.
628 5245 742 5302 Non
800 5256 1053 5316 oportere
1117 5240 1345 5314 pecunia
1415 5238 1731 5311 dignitatem
1788 5235 2000 5304 episco-

1683 5324 1800 5395 ipse
1822 5302 2000 5378 enim
2107 5320 2395 5394 ίερατικῆς
2435 5317 2734 5390 μετασχεῖν
2756 5330 2772 5346 θ
2805 5312 3160 5383 καθαιρεῖται
3203 5308 3314 5377 γὰρ
3338 5304 3434 5357 καὶ
3482 5302 3669 5366 αὐτὸς,

432 5338 605 5407 palen]
674 5346 766 5391 aut
845 5332 1233 5392 sacerdotalem
1302 5327 1560 5397 consequi
1612 5340 1628 5379 :

433 5429 715 5483 ordinatus
745 5437 799 5483 et
833 5426 925 5499 qui
959 5422 1230 5480 ordinavit
1261 5436 1382 5477 eum
1430 5420 1599 5491 gradu
1648 5417 1997 5489 dejiciuntur,

433 5532 596 5589 atque
640 5519 879 5575 Ecclesia
917 5516 1332 5581 exn-induntur,
1366 5514 1509 5568 Velut
1538 5512 1723 5567 Simon
1790 5509 1997 5579 Magos.

434 5614 553 5669 Non
582 5613 752 5668 solum
794 5622 970 5666 autem
1003 5608 1081 5675 hi,
1116 5609 1209 5664 sed
1247 5616 1302 5662 et
1340 5606 1387 5661 si
1416 5605 1510 5676 qui
1542 5602 1805 5674 ejusmodi
1838 5601 2001 5658 rebus

433 5704 793 5761 intervenisse
831 5704 1029 5774 reperti
1059 5700 1283 5757 fuerint.

512 5799 837 5855 Sanctorum
875 5796 1239 5870 apostolorum
1269 5807 1442 5850 canon
1472 5790 1562 5845 29.

2099 4584 2304 4659 χύντων
2333 4585 2455 4639 τινὰ
2485 4586 2567 4646 είς
2597 4581 2900 4653 ἱερωσύνην
2932 4579 3127 4643 ἐλθεῖν,
3155 4577 3188 4648 ἢ
3245 4574 3490 4645 ἐγκρατῆ
3548 4570 3670 4624 Ἐκ-

2100 4676 2335 4750 κλησίας
2358 4675 2650 4744 γενέσθαι·
2697 4671 3093 4743 καθαιροῦνται
3115 4668 3226 4739 γὰρ
3257 4667 3352 4721 καὶ
3383 4660 3669 4735 ἀφορίζον-

2100 4787 2193 4826 ται
2221 4770 2318 4823 καὶ
2351 4768 2403 4820 oi
2432 4765 2821 4828 κοινωνοῦντες
2851 4764 3033 4827 αὐτοῖς
3062 4760 3285 4824 πάντες.

2173 4951 2294 5006 Τῶν
2325 4948 2498 5018 ἁγίων
2521 4946 2835 5003 ἀποστόλων
2868 4941 3049 4997 κανὼν
3080 4941 3148 4996 λ’.

2172 5042 2399 5096 Συνόδου
2437 5037 2779 5110 Καλχηδόνος
2810 5031 2989 5090 κανὼν
3018 5029 3108 5103 ιβ’.

2172 5136 2400 5189 Συνόδου
2428 5134 2473 5199 ζ’
2509 5129 2690 5185 κανὼν
2721 5135 2790 5197 γ’.

2177 5228 2283 5299 μθ’.
2306 5230 2427 5282 Ὅτι
2458 5227 2519 5281 ού
2544 5226 2625 5278 δεῖ
2652 5224 2739 5277 διὰ
2762 5220 3063 5294 χρημάτων
3090 5217 3249 5287 ἀξίας
3295 5210 3609 5282 ἐπισκοπῆς
3632 5208 3668 5279 ἢ

2104 5414 2199 5469 καὶ
2224 5416 2251 5467 ὁ
2273 5412 2660 5486 χειροτονήσας
2690 5407 2854 5461 αὐτόν
2871 5422 2884 5435 '
2920 5406 3014 5459 καὶ
3040 5405 3151 5473 τῆς
3186 5396 3520 5469 Ἐκκλησίας
3537 5482 3558 5486 Α
3576 5396 3670 5449 ὲκ-

2104 5482 2421 5567 κόπτονται,
2464 5503 2537 5567 ὼς
2573 5501 2757 5571 Σίμων
2787 5502 2814 5555 ὁ
2842 5498 3050 5565 Μάγος.
3084 5494 3158 5549 Ού
3214 5492 3375 5564 μόνον
3404 5491 3461 5542 δὲ
3503 5482 3672 5551 οὗτοι,

2103 5596 2238 5651 ἀλλὰ
2324 5598 2419 5648 καὶ
2484 5597 2536 5649 εί
2561 5610 2706 5657 τινες
2787 5589 3060 5663 εύρεθῶσι
3117 5584 3496 5659 μεσιτεύοντες
3561 5581 3674 5643 τοῖς

2100 5691 2383 5750 τοιούτοις.

2178 5782 2301 5838 Τῶν
2325 5782 2492 5851 ἁγίων
2528 5780 2845 5835 ἀποστόλων
2871 5774 3053 5831 κανὼν
3085 5774 3190 5830 κθ⁹.
