3968 6234
357 325 437 391 27.
1631 324 1945 387 ARSENII

2070 326 2333 388 )NAGII!
3575 317 3656 382 28

359 453 488 506 Item
550 465 656 505 non
718 459 972 518 oportere
1023 448 1382 504 faenerantem
1447 447 1736 518 agricolae,
1779 447 1937 502 illius

2070 445 2295 498 ιάκωσιν
2324 462 2335 475 ⁸
2365 445 2456 499 καὶ
2479 446 2558 499 ὅτι
2600 447 2676 518 μὴ
2720 447 2802 500 δεῖ
2865 447 2954 500 τὶν
3003 443 3324 508 δανείζοντα.
3397 441 3657 513 γεωργῷ
3735 447 3739 451 ’

363 557 555 614 agrum
597 543 860 599 detinere.

433 633 635 703 Synodi
666 633 1136 702 Carthaginiensis
1164 647 1336 688 canon
1373 631 1444 688 75
1485 641 1536 688 et
1561 632 1650 686 97.

431 722 493 776 Et
529 723 663 792 legis
710 731 872 792 caput
900 723 994 776 9.1.

435 815 524 870 58.
569 814 685 869 Non
722 822 974 885 oportere
1004 813 1177 868 sacris
1203 810 1448 865 addictos
1473 808 1666 865 sericis
1696 807 1938 862 vestibus

362 909 536 971 indui,
580 917 673 963 aut
725 916 1004 978 unguento
1041 907 1222 976 ungi;
1251 916 1608 977 segregantur
1659 899 1806 958 enim
1845 900 1937 973 qui

368 1002 470 1056 hoc
503 999 729 1055 faciunt.

437 1090 642 1161 Synotli
684 1088 749 1142 Vl
784 1103 955 1144 cano"
991 1088 1085 1144 27.

437 1183 639 1253 Synodi
678 1181 761 1236 νη
797 1197 972 1236 canon
1018 1180 1106 1238 16.

430 1275 522 1331 69.
549 1277 816 1346 Oportere
843 1276 1127 1345 episcopos
1163 1283 1218 1330 et
1247 1275 1593 1346 presbyteros
1627 1288 1730 1328 non
1766 1271 1938 1340 negli-

369 1370 498 1440 gere
537 1370 789 1441 populum
840 1370 943 1424 sibi
979 1369 1279 1435 subditum,
1316 1383 1382 1423 ac
1416 1367 1555 1422 ultra
1587 1383 1684 1424 sex
1711 1370 1939 1433 jmenses

370 1479 401 1518 a
433 1480 529 1518 sua
565 1463 813 1518 Ecclesia
855 1464 1067 1519 abesse.
1102 1461 1206 1529 Qui
1254 1462 1398 1518 enim
1446 1461 1525 1517 sic
1561 1460 1766 1516 faciunt
1800 1457 1937 1527 deji-

366 1554 610 1610 ciuntur.

437 1646 759 1703 Sanctorum
793 1646 1173 1718 Apostolorum
1212 1661 1385 1700 canon
1425 1644 1515 1702 58.

437 1737 640 1811 Syuoui
667 1738 1129 1810 Carthaginiensis
1163 1753 1336 1798 canon
1384 1737 1472 1803 7|,
1508 1736 1601 1791 121
1640 1745 1694 1792 et
1729 1736 1851 1792 125.

2044 541 2270 607 κρατεῖν
2299 537 2395 608 τὴν
2427 539 2640 592 ἐκείνου
2677 539 2802 606 γῆν.

2113 630 2342 681 Συνόδου
2365 630 2694 701 Καρθαγένη
2711 651 2726 680 :
2755 628 2943 684 κανὼν·
2964 628 3041 683 os'
3061 630 3158 684 καὶ
3188 627 3297 694 ις’.

2113 719 2220 773 Καὶ
2245 720 2466 795 νομικὸν
2499 721 2796 791 κεφάλαιον
2829 726 2935 773 κα’.

2109 809 2210 881 νη’.
2243 811 2368 863 ’Ὀτι
2409 812 2470 865 οὐ
2498 811 2580 866 δεῖ
2601 811 2806 881 ἐσθῆτα
2844 813 2908 864 ὲκ
2979 811 3227 882 σηρικῶν
3277 809 3644 880 ὑφασμάτων

2039 903 2372 973 ἱερωμένους
2405 904 2830 973 ἀμφιέννυσθαι,
2867 904 2900 976 ἢ
2936 903 3099 975 μύρῳ
3152 903 3416 973 χρίεσθαι
3449 919 3466 935 ⁸
3497 904 3646 970 ἀφο-

2043 994 2292 1068 ρίζονται
2319 997 2429 1068 γὰρ
2455 999 2503 1051 οἱ
2532 996 2692 1050 τοῦτο
2730 996 3034 1060 ποιοῦντες.

2111 1088 2342 1142 Συνόδου
2382 1096 2435 1153 ς’
2462 1089 2642 1142 κανὼν
2679 1091 2782 1155 κζ’.

2114 1180 2348 1232 Συνόδου
2378 1180 2423 1243 ζ’
2453 1179 2637 1234 κανὼν
2674 1179 2772 1246 ις’.

2100 1273 2211 1328 ννθ’.
2243 1273 2366 1327 Ὀτι
2401 1273 2481 1326 δεῖ
2508 1274 2635 1336 τοὺς
2690 1273 3026 1337 ἐπισκόπους
3079 1273 3172 1325 καὶ
3208 1271 3646 1343 πρεσϐυτέρους

2045 1365 2121 1435 μὴ
2152 1365 2377 1434 ἀμελεῖν
2405 1362 2502 1418 τοῦ
2532 1363 2896 1432 ὑποκειμένου
2925 1364 3110 1426 αὐτοῖς
3149 1362 3306 1424 λαοῦ,
3337 1361 3439 1416 καὶ
3494 1362 3646 1430 ὑπὲρ

2041 1457 2102 1512 τδ
2123 1457 2392 1528 ἑξάμηνον
2436 1458 2532 1528 τῆς
2563 1455 2768 1519 οἰκείας
2801 1454 3129 1524 ἀφίστασθαι
3170 1441 3514 1526 Ἐ’κκλησίας
3541 1468 3560 1485 ⁶
3594 1457 3648 1508 οἱ

2041 1550 2149 1622 γὰρ
2187 1549 2330 1603 οὕτω
2361 1549 2642 1613 ποιοῦντες
2674 1546 3088 1622 καθαιροῦνται.
3337 1556 3339 1558 ’

2114 1643 2239 1698 Τῶν
2271 1644 2441 1711 ἁγίων
2472 1642 2789 1698 ἀποστόλων
2814 1639 2997 1696 κανὼν
3021 1639 3124 1709 νη’.

2115 1736 2342 1791 Συνόδου
2370 1737 2735 1807 Καρθαγένης
2775 1734 2958 1789 κανὼν
2985 1741 3085 1800 οα⁹,
3127 1741 3294 1807 pata",
3332 1734 3486 1805 ρκγ’.

445 1809 649 1903 Synodi
687 1832 740 1886 in
776 1809 974 1903 templo
1007 1832 1333 1888 Sanctorum
1381 1829 1762 1901 Apostolorum
1798 1829 1940 1885 cele-

2114 1827 2342 1881 Συνόδον
2367 1829 2423 1879 ὲν
2449 1827 2527 1897 τῷ
2553 1826 2666 1898 ναῷ
2688 1827 2798 1881 τῶν
2876 1824 3078 1894 Ἀγίων
3135 1827 3485 1880 Ἀποστόλων
3535 1826 3642 1880 καὶ

368 1923 537 1979 Ιητιιεε
567 1941 692 1979 can.
726 1925 815 1980 16.

438 2019 526 2074 60.
568 2018 834 2090 Oportere
874 2019 1164 2089 episcopos
1197 2027 1249 2072 et
1281 2018 1628 2098 presbyteros
1657 2015 1941 2086 egentibus

373 2111 475 2170 sibi
507 2111 742 2168 subditis
781 2113 1091 2167 necessaria
1127 2113 1192 2166 ad
1224 2114 1386 2165 vitam
1422 2109 1810 2182 suppeditare:
1845 2109 1941 2180 qui

369 2205 515 2263 enim
557 2221 662 2262 non
714 2208 788 2261 ita
819 2205 1028 2262 faciunt
1069 2207 1436 2276 deponuntur.

442 2385 766 2442 Sanctorum
793 2388 1158 2460 apostolorum
1192 2405 1364 2446 canon
1393 2391 1481 2445 59.

442 2478 533 2533 (il.
574 2477 690 2535 Non
719 2491 971 2550 oportere
997 2481 1412 2554 cllorepiscopos
1437 2485 1692 2540 ordinare
1718 2483 1940 2554 presby—

374 2580 551 2626 terum
584 2582 637 2626 et
669 2572 982 2642 diaconum,
1034 2575 1129 2630 sed
1167 2584 1375 2630 tantum
1423 2575 1806 2641 subdiaconos,
1862 2577 1943 2628 le-

370 2670 552 2719 ctores
586 2674 640 2718 et
686 2666 985 2721 exoreistas
1015 2683 1029 2720 :
1065 2667 1190 2721 item
1222 2667 1546 2723 circuitores
1577 2668 1752 2738 petius
1780 2683 1941 2738 quam

374 2755 798 2829 chorepiscopns
830 2775 949 2815 esse
984 2759 1416 2816 constituendos.

442 2849 644 2919 Synodi
675 2851 981 2920 Ancyrana:
1019 2868 1191 2907 canon
1221 2852 1307 2907 15.

444 2941 648 3014 Synodi
685 2941 1145 3001 Neocaesariensis
1187 2963 1358 3002 canon
1395 2949 1481 3004 15.

444 3032 646 3105 Synodi
681 3035 1036 3093 Antiochenre
1070 3053 1245 3094 canon
1291 3039 1379 3096 10.

446 3127 647 3199 Synodi
682 3129 1004 3187 Laodiceam
1046 3148 1220 3187 canon
1257 3133 1348 3189 57.

448 3221 635 3278 Saneti
667 3224 847 3280 Basilii
895 3241 1070 3281 canon
1109 3226 1200 3282 8‘2.

449 3315 540 3370 62.
583 3315 852 3387 Oportere
879 3334 971 3375 eos
992 3320 1083 3389 qui
1118 3330 1337 3391 propter
1370 3319 1725 3373 Barbarornm
1756 3318 1944 3374 incur-

374 3408 605 3471 sionem.
634 3418 728 3465 aut
761 3412 921 3464 aliam
953 3414 1329 3468 necessitatem
1360 3423 1414 3467 et
1443 3413 1548 3465 vim
1586 3428 1690 3465 non
1725 3423 1950 3482 possunt

370 3501 542 3567 abire,
561 3513 655 3557 aut
669 3519 788 3559 esse
805 3505 854 3559 in
871 3506 982 3561 suis
997 3505 1268 3568 Ecclesiis,
1291 3511 1407 3564 sine
1425 3509 1731 3579 praeiudicio
1749 3505 1945 3560 versari

373 3604 539 3663 atque
568 3599 778 3668 operari
813 3599 864 3651 in
903 3599 1022 3654 aliis
1055 3601 1397 3664 dioecesibus,
1432 3602 1602 3657 donec
1633 3616 1762 3670 pace
1803 3600 1952 3653 lrua-

375 3695 464 3741 tur
513 3704 704 3743 eorum
766 3690 1029 3757 Ecclesia,
1082 3694 1147 3747 ad
1206 3709 1370 3762 quam
1428 3705 1555 3748 tunc
1617 3693 1737 3748 licet
1798 3691 1950 3746 inviti

379 3789 743 3836 revertentur.
778 3781 891 3835 Nisi
929 3782 1074 3836 enim
1126 3785 1504 3849 discesserint,
1557 3791 1948 3854 segregantur;

375 3873 629 3927 similiter
659 3876 827 3928 etiam
855 3875 1092 3945 episc0pi
1135 3877 1225 3944 qui
1263 3877 1406 3946 ipsos
1442 3875 1707 3932 detinent.

449 4056 650 4129 Synodi
684 4058 1142 4114 Calchedoneusis
1177 4075 1349 4114 canon
1384 4060 1476 4115 20.

453 4149 654 4221 Synodi
689 4150 752 4204 Vi
788 4168 963 4207 canon
1000 4153 1064 4208 18
1107 4166 1158 4206 et
1194 4154 1281 4209 37.

457 4243 546 4297 63.
588 4244 852 4312 Oportere
885 4260 978 4298 eos
1008 4245 1100 4314 qui
1129 4244 1194 4299 ad
1228 4257 1454 4298 mortem
1479 4252 1760 4314 mgrotant,
1788 4254 1954 4313 atque

380 4336 930 4390 excommunicationi
966 4336 1267 4405 subiacent,
1293 4337 1583 4406 protestari
1617 4353 1674 4392 se
1708 4337 1952 4404 corporis

383 4423 595 4478 Domini
643 4428 938 4496 participes
976 4428 1090 4483 ﬁeri
1135 4444 1332 4497 cupere
1365 4445 1378 4482 :
1413 4429 1456 4482 si
1493 4444 1619 4482 vero
1670 4430 1770 4484 hoc
1814 4428 1954 4482 facto

2043 1919 2151 1974 νὼν
2190 1924 2287 1985 ις’.

2117 2015 2178 2081 ξ’.
2213 2018 2333 2070 ’Ότι
2363 2016 2442 2070 δεῖ
2470 2017 2600 2080 τοὺς
2659 2016 3020 2083 ἐπισκόπους,
3067 2018 3165 2072 καὶ
3215 2018 3645 2089 πρεσϐυτέρους

2044 2111 2403 2183 ἐπιχορηγεῖν
2425 2111 2539 2174 τοῖς
2572 2110 2778 2165 ὲνδεέσι
2849 2110 2958 2165 τῶν
2999 2112 3393 2183 ὑποκειμένων
3452 2113 3648 2175 αὐτοῖς

2044 2206 2116 2260 τὰ
2149 2205 2341 2258 δέοντα
2373 2205 2484 2258 τῶν
2518 2206 2797 2276 χρειωδῶν
2819 2223 2833 2237 ο
2867 2206 2919 2259 oi
2946 2204 3056 2276 γὰρ
3089 2206 3165 2277 μὴ
3208 2205 3359 2260 οὕτω
3426 2206 3653 2273 ποιοῦν-θ

2044 2312 2134 2359 τες
2159 2294 2570 2365 καθαιροῦνται.

2117 2387 2238 2440 Τῶν
2267 2386 2440 2455 ἁγίων
2466 2388 2784 2443 ἀποστόλων
2813 2389 2994 2445 κανὼν
3025 2388 3127 2445 νϐ’.

2117 2476 2219 2544 ξα’.
2264 2479 2387 2533 Ὀτι
2415 2481 2475 2533 οὺ
2508 2481 2589 2534 δεῖ
2617 2486 3077 2553 χωρεπισκόπους
3108 2487 3439 2556 χειροτονεῖν
3462 2499 3641 2554 πρεσ-

2053 2568 2283 2640 ϐύτερον
2337 2571 2433 2624 καὶ
2481 2572 2755 2641 διάκονον,
2791 2575 2906 2627 ἀλλ’
2938 2576 2970 2645 ἢ
3006 2579 3167 2645 μόνον
3215 2575 3632 2639 ὑποδιακόνους,

2049 2662 2424 2728 ἀναγνώστας,
2469 2666 2565 2718 καὶ
2604 2665 2955 2736 ἐξορκιστάς·
2993 2667 3089 2721 καὶ
3138 2667 3218 2721 ὅτι
3277 2664 3636 2736 περιοδευτὰς

2051 2754 2251 2823 μᾶλλον
2293 2756 2325 2825 ἢ
2359 2759 2818 2826 χωρεπισκόπους
2857 2761 2939 2813 δεῖ
2969 2762 3166 2816 ποιεῖν.

2119 2847 2348 2900 Συνόδου
2393 2849 2671 2919 Ἀγκύρας
2703 2850 2886 2904 κανὼν
2922 2848 3015 2920 ιγ’.

2119 2941 2351 2994 Συνὸδου
2379 2943 2819 3012 Νεοκαισαρείας
2841 2943 3023 2998 κανὼν
3042 2943 3134 3014 ιγ’.

2119 3031 2348 3084 Συνόδου
2390 3033 2723 3102 ’Λντιοχείας
2757 3034 2935 3088 κανὼν
2969 3034 3021 3092 ι’.

2123 3125 2350 3178 Συνόδου
2387 3126 2715 3191 Λαοδικείας
2746 3128 2927 3182 κανὼν
2956 3127 3054 3193 νζ’.

2121 3219 2235 3271 Καὶ
2262 3216 2358 3270 τοῦ
2393 3219 2553 3287 ἁγίου
2587 3220 2871 3275 Βασιλείου
2897 3223 3078 3278 κανὼν
3112 3224 3220 3297 πβ’.

2122 3316 2218 3388 ξβ’.
2258 3318 2380 3372 Ὀτι
2411 3319 2471 3371 οὐ
2503 3319 2584 3372 δεῖ
2608 3319 2735 3382 τοὺς
2761 3319 2831 3372 δι’
2870 3318 3060 3388 ἔφοδον
3092 3320 3448 3393 βαρϐαρικὴν,
3497 3321 3530 3391 ἢ
3561 3320 3631 3375 δι’

2051 3412 2244 3484 ἑτέραν
2267 3413 2516 3483 ἀνάγκην
2544 3415 2637 3467 καὶ
2688 3413 2807 3485 βίαν
2850 3415 2922 3484 μὴ
2963 3414 3288 3486 δυναμένους
3338 3414 3628 3480 ἀπελθεῖν,

2052 3501 2245 3577 ἢεῖναι
2268 3507 2324 3560 ὲν
2356 3509 2476 3571 ταῖς
2506 3507 2738 3570 οἰκείαις
2809 3507 3185 3579 Ἐκκλησίαις,
3248 3509 3638 3579 ἀποκριματί-

2054 3615 2194 3662 στως
2219 3595 2358 3653 εἷναί
2390 3617 2450 3652 τε
2491 3600 2586 3653 καὶ
2640 3603 2884 3670 ἐνεργεῖν
2956 3602 3012 3653 ὲν
3103 3601 3314 3672 ἑτέραις
3368 3599 3629 3670 ἑνορίαις,

2051 3687 2210 3757 ἄχρις
2237 3689 2302 3744 ἂν
2328 3689 2386 3743 ὲν
2416 3690 2615 3761 εἰρήνῃ
2655 3691 2887 3760 γένηται
2920 3693 2952 3763 ἡ
2991 3693 3170 3746 αὐτῶν
3216 3692 3539 3761 Ἐκκλησία,
3573 3693 3636 3743 ἐν

2055 3773 2088 3851 ᾖ
2115 3779 2652 3851 παλινδρομήσουσιν
2671 3784 2717 3835 οῖ
2738 3783 2976 3836 τοιοῦτοι
3003 3787 3121 3837 τότε
3143 3783 3244 3837 κᾶν
3278 3785 3361 3854 μὴ
3377 3783 3627 3836 θέλωσιν·

2053 3872 2102 3923 εί
2135 3872 2239 3942 γὰρ
2273 3874 2348 3944 μὴ
2374 3873 2704 3939 ἀπέλθωσιν,
2743 3875 3135 3946 ἀφορίζονταισ
3196 3875 3397 3947 ὁμοίως
3442 3872 3538 3928 καὶ
3581 3873 3631 3924 ot

2055 3964 2382 4034 κατέχοντες
2413 3967 2613 4031 αὐτοὺς
2643 3968 2958 4023 ἐπίσκοποι.

2125 4057 2351 4112 Συνόδου
2386 4061 2732 4131 Καλχηδόνος
2761 4062 2944 4116 κανὼν
2975 4067 3045 4119 κ’.

2127 4155 2354 4210 Συνόδου
2388 4152 2439 4219 ς’
2460 4153 2638 4208 κανὼν
2683 4161 2754 4226 ιη’
2777 4156 2868 4210 καὶ
2901 4154 2996 4219 λζ’.

2127 4235 2226 4316 ξγ’.
2266 4247 2391 4301 Ὀτι
2432 4247 2512 4298 δεῖ
2539 4247 2665 4309 τοὺς
2683 4247 2822 4316 πρὸς
2850 4248 3080 4302 Θάνατον
3108 4251 3427 4316 νοσοῦντας,
3466 4251 3558 4305 καὶ
3575 4250 3645 4303 ὲν·

2057 4338 2350 4410 ἀφορισμῷ
2385 4339 2571 4405 δντας,
2625 4340 3100 4412 διαμαρτύρασθαι
3158 4347 3498 4414 μεταλαϐεῖν
3537 4343 3644 4395 τοῦ

2060 4431 2310 4502 σώματος
2347 4433 2440 4485 τοῦ
2477 4435 2683 4502 Κυρίου
2711 4449 2723 4464 ·
2749 4437 2796 4486 εί
2833 4434 2888 4487 δὲ
2946 4434 3139 4488 τούτου
3211 4440 3515 4510 γενομένου
3548 4437 3640 4492 τοῦ

383 4532 410 4568 a
446 4526 619 4570 morte
647 4521 884 4572 revocati
912 4517 1137 4583 fuerint,
1167 4534 1356 4572 rursus
1388 4518 1948 4574 cxcommuuieantur.

2070 4522 2290 4577 θανάτου
2327 4524 2706 4593 ἀνακληθῶσιν
2727 4566 2740 4590 ,
2779 4522 2934 4589 αὖθις
2962 4529 3342 4598 ἀφορίζονται.

453 4610 652 4679 Synodi
694 4612 928 4667 Nicaeum
963 4629 1137 4668 canon
1171 4613 1258 4668 15.

451 4703 637 4759 Sancti
677 4704 926 4773 Gregorii
961 4705 1187 4776 Nysseni
1221 4721 1394 4761 canon
1430 4707 1486 4762 ὅ.

454 4797 542 4852 6-1.
589 4802 851 4868 Uportere
877 4801 1178 4865 pubertatis
1210 4808 1447 4868 tempore
1484 4801 1711 4857 lectores
1740 4817 1952 4873 rogare,

381 4890 623 4947 velintne
687 4891 943 4961 conjuges
984 4893 1217 4955 ducere,
1255 4907 1320 4946 an
1354 4894 1750 4949 continentiam
1787 4896 1954 4964 proti-

385 4982 508 5037 teri.
552 4981 684 5035 Nam
739 4993 857 5051 post
886 4984 1096 5037 diaconi
1134 4985 1531 5039 ordinationem
1565 4989 1784 5057 nuptias
1821 4988 1959 5044 inire

384 5088 492 5139 non
526 5075 668 5129 licet.
700 5074 756 5130 Si
790 5091 918 5129 vero
955 5077 1056 5131 hoc
1087 5077 1396 5144 permiserit
1441 5079 1752 5147 episrrotius,
1787 5081 1871 5135 hic
1903 5091 1958 5136 et

389 5167 480 5223 ille
514 5171 886 5237 deponuntur;
924 5169 1178 5223 similiter
1228 5172 1389 5242 etiam
1444 5172 1707 5230 diaconus
1753 5183 1805 5230 et
1838 5189 1960 5243 pre-

387 5264 592 5332 sliyter.

460 5354 660 5425 Synodi
695 5355 1168 5424 Carthaginiensis
1193 5373 1365 5412 canon
1410 5358 1497 5413 16.

459 5447 659 5519 Synodi
698 5448 762 5502 Vl
819 5465 990 5503 canon
1030 5451 1083 5504 6.

458 5542 617 5613 chis
646 5552 810 5613 caput
838 5545 906 5598 45
932 5555 982 5599 et
1016 5545 1100 5600 46.

460 5638 548 5692 65.
593 5635 854 5709 Oportere
880 5639 1052 5692 sacris
1085 5638 1355 5706 initiatos,
1387 5642 1710 5697 conﬁtentes
1741 5657 1799 5697 se
1833 5653 1959 5698 ante

389 5729 792 5785 ordinationem
826 5744 1105 5799 peccasse,
1128 5732 1195 5785 ab
1224 5732 1398 5786 cilicio
1433 5734 1616 5802 dejici,
1654 5735 1705 5787 in
1740 5734 1960 5804 reliquis

392 5833 764 5882 remanentes.
797 5825 1062 5894 siquidem
1094 5826 1433 5897 probissint:
1464 5830 1531 5885 ita
1569 5838 1626 5882 ut
1659 5828 1723 5886 iis
1747 5831 1836 5899 qui
1868 5844 1961 5887 eos

2132 4614 2358 4666 Συνόδου
2390 4613 2624 4675 Νικαίας
2659 4612 2837 4669 κανὼν
2870 4612 2956 4682 ιγ’.

2132 4707 2242 4760 Καὶ
2271 4707 2364 4760 τοῦ
2399 4709 2557 4774 ἁγίου
2593 4707 2902 4778 Γρηγορίου
2934 4707 3156 4777 Nisam;
3188 4713 3376 4765 κανὼν
3408 4711 3468 4766 ε’.

2131 4799 2222 4867 ξδ’.
2261 4801 2383 4856 ’Ὁτι
2411 4801 2492 4854 δεῖ
2516 4802 2572 4852 ἐν
2599 4799 2873 4873 τῴκαιρῷ
2898 4804 2997 4871 τῆς
3037 4801 3177 4872 ἥϐης
3216 4805 3471 4858 ἀπαιτεῖν
3503 4803 3631 4853 durad

2059 4895 2309 4963 γνὼστας
2359 4893 2628 4963 συμϐίους
2681 4892 2993 4963 ἅγεσθαι,ἢ
3056 4895 3386 4964 ἐγκράτειαν
3442 4889 3630 4960 ὁμολο-

2062 4989 2201 5054 γεῖν.
2243 4985 2398 5040 Μετὰ
2418 4986 2524 5054 γὰρ
2559 4987 2655 5054 τὴν
2683 4985 2775 5037 τοῦ
2832 4985 3084 5038 διακόνου
3155 4984 3485 5056 χειροτονίαν
3525 4979 3623 5035 οὐκ

2061 5077 2271 5141 ἔξεστιν
2298 5077 2376 5140 εἰς
2403 5076 2587 5144 γάμον
2616 5075 2814 5128 ἐλθεῖν.
2871 5076 2931 5126 Ei
2966 5075 3022 5127 δὲ
3057 5075 3352 5145 προτρέψει
3411 5067 3563 5121 τοῦτο
3595 5067 3622 5116 ό

2061 5170 2383 5234 ἐπίσκοπος,
2420 5169 2768 5239 καθαιρεῖται
2789 5169 2883 5220 καὶ
2903 5161 3057 5232 οὗτος
3078 5168 3329 5228 κακεῖνος
3351 5182 3366 5196 ·
3421 5158 3621 5231 ὁμοίως

2061 5264 2119 5317 δὲ
2150 5263 2244 5316 καὶ
2263 5262 2538 5324 διάκονος,
2571 5262 2667 5314 καὶ
2695 5261 3097 5334 πρεσϐύτερος.

2134 5356 2360 5409 Συνόδου
2403 5355 2771 5425 Καρθαγένης
2796 5357 2978 5410 κανὼν
3018 5363 3115 5421 ις’.

2135 5450 2362 5502 Συνὸδου
2389 5454 2442 5512 ς’
2471 5448 2651 5502 κανὼν
2679 5446 2754 5513 ς’.

2137 5547 2249 5600 Καὶ
2269 5548 2493 5614 νομικὸν
2530 5547 2825 5616 κεφάλαιον
2859 5553 2942 5618 με’
2973 5551 3065 5601 καὶ
3093 5545 3210 5618 μς’.

2141 5639 2230 5704 ξε’.
2271 5640 2395 5692 ’Ότι
2427 5640 2509 5692 δεῖ
2553 5642 2680 5703 τοὺς
2726 5641 3126 5709 ὁμολογοῦντας
3179 5640 3287 5696 τῶν
3318 5629 3623 5703 ἱερωμένων

2068 5732 2175 5802 πρὸ
2217 5733 2316 5803 τῆς
2357 5735 2698 5803 χειροτονίας
2779 5734 3183 5804 ἡμαρτηκέναι,
3248 5718 3620 5795 καθαιρεῖσθαι

2081 5829 2179 5900 τῆς
2205 5826 2573 5900 λειτουργίας,
2615 5830 2672 5884 ἐν
2739 5830 2850 5891 τοῖς
2902 5828 3111 5890 λοιποῖς
3169 5815 3520 5899 ptis-ovasse!
3554 5825 3618 5881 γι
