4084 6194
355 412 416 476 ες
1568 404 1910 467 EPITOME
1947 405 2336 470 CANONUM.
3514 401 3585 467 30

355 523 613 581 σπουδαῖοι
632 520 965 591 τυγχάνουσι
991 534 1005 550 ·
1038 519 1210 589 μηδὲν
1254 516 1366 572 τῶν
1415 518 1915 591 χειροτονησάντων

2022 523 2350 577 ordinarunt
2425 521 2630 577 nulhnn
2697 522 3063 594 praejmlicium
3135 518 3440 587 afferetur,-
3477 516 3586 576 nisi

353 609 1021 685 προκριματιζομένων,εί
1077 609 1155 682 μὴ
1203 608 1614 680 συνεγνώκασι.

405 796 631 852 Συνόδου
669 793 909 859 Νικαίας
941 793 1125 848 κανὼν
1155 789 1199 845 0'
1238 794 1337 847 καὶ
1364 789 1419 848 ι’.

403 888 662 957 Θεοφίλου
700 884 1116 957 Ἀλεξανδρείας
1145 884 1330 939 κανὼν
1346 882 1421 955 γ’,
1454 882 1521 939 ε’.

404 977 506 1043 ξςῖ
534 978 656 1032 Ὅτι
675 977 758 1031 δεῖ
817 975 1282 1047 συναφορίζεσθαι
1322 976 1450 1039 τοὺς
1507 974 1912 1044 συνεγνωκότας

342 1074 407 1141 τῷ
434 1070 844 1142 ἁμαρτήσαντι,
873 1069 967 1123 καὶ
1004 1069 1080 1139 μὴ
1143 1067 1594 1138 ὁμολογήσαντας
1619 1084 1633 1098 ο
1687 1067 1782 1120 καὶ
1831 1067 1914 1120 ὅτι

344 1165 387 1218 οί
423 1162 768 1234 προεστῶτες
826 1158 1279 1232 ὲφησυχάζοντες
1338 1160 1454 1222 τοῖς
1493 1158 1782 1221 τοιούτοις,
1834 1157 1913 1227 τῷ

342 1253 480 1324 αὑτῷ
504 1254 747 1324 κρίματι
779 1253 1130 1307 ὑπόκεινται.

400 1348 634 1400 Συνὸδου
671 1345 950 1418 Ἀγκύρας
967 1345 1149 1399 κανὼν
1185 1342 1287 1400 κε’.

399 1445 508 1498 Καὶ
555 1443 654 1498 τοῦ
691 1442 848 1513 ἁγίου
881 1440 1191 1513 Γρηγορίου
1217 1438 1314 1494 τοῦ
1352 1435 1788 1509 Θαυματουργοῦ
1816 1454 1914 1490 κα-

339 1533 435 1589 νὼν
469 1533 536 1604 β’.

399 1628 508 1681 Καὶ
534 1625 634 1680 τοῦ
664 1625 824 1694 ἁγίου
859 1625 1148 1680 Βασιλείου
1171 1622 1354 1678 κανὼν
1379 1621 1482 1679 οα’.

391 1721 484 1787 ξςν.
524 1719 656 1773 Ὀτι
686 1720 748 1774 ού
773 1720 856 1774 δεῖ
895 1735 1019 1773 τινα
1048 1717 1159 1771 τῶν
1192 1714 1511 1788 ἱερωμένων
1541 1715 1575 1786 ἢ
1633 1713 1910 1784 μοναχῶν,

337 1811 605 1883 κοσμικὰς
629 1811 808 1882 ἀρχὰς
857 1810 890 1882 ἦ
922 1809 1237 1880 φροντίδας,
1269 1799 1317 1879 ἢ
1363 1804 1656 1877 στρατείας
1725 1803 1915 1856 ἀναδέ-

335 1905 546 1976 χεσθαι·
591 1897 784 1975 ὲπ“ειδὴ
815 1903 1158 1974 καθαιρεῖται
1199 1901 1290 1955 καὶ
1322 1899 1803 1970 ἀναθεματίζεται.

391 2086 508 2140 Τῶν
536 2085 716 2155 ἁγίων
743 2085 1059 2140 ἀποστόλων
1081 2067 1263 2139 ’κανὼν
1296 2088 1370 2148 ς’,
1397 2080 1489 2136 πα⁹
1522 2080 1616 2135 καὶ
1639 2084 1753 2148 πγ’.

393 2176 624 2231 Συνόδου
659 2177 1003 2248 Καλχηδόνος
1034 2173 1211 2230 κανὼν
1238 2171 1317 2243 γ’,
1351 2173 1402 2228 δ’
1428 2172 1520 2227 καὶ
1551 2169 1622 2236 ζ’.

396 2262 622 2321 Σδνόόου
654 2267 1019 2340 Καρθαγένης
1051 2265 1229 2320 κανὼν
1260 2270 1364 2331 ις’.

397 2362 624 2416 Συνόδου
661 2358 703 2424 ζ’
729 2361 914 2414 κανὼν
946 2367 1006 2416 ι’.
1326 2419 1335 2426 ,
1637 2427 1640 2432 ι

376 2451 622 2506 Συνόδου
678 2454 734 2504 ὲν
784 2451 860 2524 τῷ
889 2451 1004 2522 ναῷ
1048 2449 1156 2506 τῶν
1213 2451 1408 2519 Ἀγίων
1447 2447 1786 2502 Ἀποστόλων
1817 2463 1916 2499 κα-

344 2545 432 2598 νὼν
465 2550 552 2599 ια’.

402 2639 504 2690 Καὶ
534 2638 768 2706 νομικὸν
794 2638 1088 2705 κεφάλαιον
1117 2638 1236 2706 λγ·,
1267 2637 1386 2700 λό’,
1416 2636 1522 2690 λε’.

406 2729 510 2799 Ξη’.
534 2729 668 2783 Ὀτι
694 2729 754 2782 οὐ
780 2728 860 2782 δεῖ
887 2727 1261 2800 πρεσϐύτερον
1286 2728 1364 2790 είς
1390 2727 1601 2796 γάμους
1627 2724 1916 2796 διγαμούν-

348 2838 434 2876 των
462 2821 492 2891 ἢ
524 2822 1000 2892 παρανομούντων
1032 2821 1340 2874 ἑστιᾶσθαι.

407 3003 629 3058 Συνόδου
663 3001 1099 3072 Νεοκαισαρείας
1129 2999 1308 3056 κανὼν
1337 2998 1409 3065 ζ’.

409 3098 505 3149 Καὶ
527 3098 650 3150 τῶν
676 3095 848 3163 ἁγίων
873 3094 1188 3148 ἀποστόλων
1216 3093 1399 3146 κανὼν
1429 3098 1536 3148 ια’.

413 3189 492 3253 ξῦ’.
537 3190 672 3243 ”Οτι
704 3188 786 3242 δεῖ
819 3187 1030 3258 φανερά
1066 3182 1205 3241 εἶναι
1240 3188 1307 3239 τὰ
1340 3188 1434 3240 τοῦ
1475 3186 1773 3240 ἐπισκόπου
1811 3185 1917 3238 ίδια

360 3286 661 3353 api-(pata,
693 3281 749 3334 εί
776 3298 840 3350 γε
873 3283 968 3335 καὶ
997 3281 1108 3350 ἔχει
1131 3298 1144 3310 ·
1177 3279 1212 3334 δι
1243 3281 1334 3333 καὶ
1362 3279 1634 3332 τελευτῶν
1665 3279 1919 3333 καταλεί-

358 3377 434 3446 ψοι
457 3372 528 3439 οἷς
553 3376 629 3431 ἂν
655 3375 829 3429 ἐθέλοι
853 3389 864 3404 ·
896 3374 956 3428 ού
982 3374 1091 3442 γὰρ
1120 3372 1297 3439 ἔξεστι
1324 3375 1434 3438 τοῖς
1461 3374 1743 3444 κληρικοίς
1768 3373 1917 3445 διαρο

363 3474 524 3538 πάζιιν
549 3472 700 3527 αὖτά
721 3489 733 3502 '
764 3469 885 3526 ἐπεὶ
917 3470 1250 3525 ἐκπίπτουσι
1280 3469 1386 3522 τῶν
1417 3467 1634 3521 οἰκείων
1667 3465 1913 3538 βαθμῶν.

370 3565 547 3635 Φανιρὶι
576 3565 637 3618 δὲ
672 3562 980 3632 ὀφείλουσιν
1013 3555 1154 3615 εἶναι
1191 3561 1288 3613 καὶ
1317 3560 1383 3612 τὰ
1415 3561 1513 3630 τῆς
1551 3558 1915 3629 Ἑκκλησίας,

373 3657 402 3711 ἃ
427 3659 503 3711 καὶ
526 3657 772 3728 ἁμείωτα
803 3659 868 3728 τῇ
904 3653 1203 3726 Ἐκκλησία
1231 3652 1309 3706 δεῖ
1341 3650 1726 3723 συντηρεῖσθαι
1746 3690 1760 3715 ,
1795 3653 1916 3703 ἑπι-

366 3752 720 3825 γινωσκόμενα
756 3753 908 3822 παρὰ
939 3750 1049 3805 τῶν
1079 3749 1468 3821 πρεσϐυτέρων
1499 3747 1592 3800 καὶ
1628 3746 1914 3800 διακόνων.

356 3846 447 3898 Καὶ
475 3847 531 3900 οὐ
569 3847 655 3900 δεῖ
691 3843 1041 3899 ἀπαιτεῖσθαι
1090 3843 1200 3898 ἀπὸ
1234 3842 1343 3896 τῶν
1397 3838 1734 3909 Ἐκκλησιῶν
1769 3839 1912 3907 πρόι-

351 3957 516 4011 γματα
555 3940 712 4010 ἅπερ
732 3940 826 3994 καὶ
849 3941 954 3994 ἀπὸ
982 3939 1090 3992 τῶν
1119 3937 1321 3991 λοιπῶν
1351 3934 1660 4007 ἀνθρώπων
1685 3933 1794 3984 τῶν
1821 3928 1916 3984 τοῦ

349 4031 537 4088 κοινούο
571 4035 610 4106 ἢ
645 4033 822 4104 μόνων
848 4032 1105 4104 γεφυρῶν
1131 4028 1434 4098 οίκοδομαὶ,
1464 4027 1557 4081 καὶ
1585 4023 1918 4088 ἀνανεώσεις

346 4124 401 4176 ἐκ
431 4125 638 4179 τούτων
675 4125 1014 4194 γενήσονται.
1055 4123 1164 4176 Καὶ
1205 4123 1339 4193 μηδὲ
1374 4117 1633 4173 δύνασθαι
1668 4117 1760 4171 τὸν
1793 4114 1918 4170 ὲπία·

346 4231 528 4270 σκοπον
557 4215 904 4285 ἁπεμπολεῖν
930 4232 985 4269 τι
1009 4213 1116 4267 τῶν
1141 4215 1238 4284 τῆς
1270 4210 1601 4281 Ἑκκλησίας
1629 4211 1796 4281 χωρὶς
1828 4224 1920 4279 με-

344 4306 501 4376 γάλης
525 4306 814 4376 ἀνάγκης·
842 4306 936 4359 καὶ
964 4307 1087 4358 τότε
1121 4305 1167 4356 εί
1197 4304 1378 4374 δεήσει
1409 4301 1525 4375 [Ian
1557 4299 1793 4371 είδὴσει]
1824 4296 1916 4351 τοῦ

343 4398 709 4468 πρωτεύοντος
731 4398 830 4468 τῆς
856 4398 961 4450 ὲπα
973 4397 1148 4468 ρχίας,
1175 4397 1293 4467 ἢτοι
1320 4396 1564 4464 μείζονος
1589 4393 1914 4464 ἀρχιερέως.

351 4492 577 4561 Ὁμοίως
623 4493 717 4544 καὶ
759 4492 856 4550 τὰς
902 4490 1265 4562 ὲμφυτεύσεις
1310 4490 1513 4560 εἰδήσει
1557 4486 1721 4542 αὑτοῦ
1769 4486 1919 4554 γίνεο

2014 617 2219 670 conscii
2270 615 2487 672 fuerint.

2087 800 2289 871 Synodi
2341 800 2555 854 Nicena:
2588 815 2759 854 canon
2791 799 2824 854 9
2856 782 2908 853 et
2940 798 3022 854 l0.

2086 891 2367 962 Theophili
2418 892 2773 948 Alexandrini
2810 891 2982 946 canuit
3014 893 3070 955 5,
3104 891 3156 945 5.
3219 904 3222 906 '

2089 983 2178 1038 66.
2223 983 2487 1053 Oportere
2524 985 2773 1038 conscios
2813 1000 2917 1038 una
2945 1000 3071 1038 cum
3107 1000 3170 1038 eo
3199 984 3287 1052 qui
3341 983 3586 1051 deliquit,

2015 1073 2140 1129 licet
2177 1092 2281 1129 non
2313 1077 2663 1141 conﬁtentes,
2697 1075 3182 1130 excommunicari.
3217 1076 3348 1128 Item
3397 1074 3589 1143 praefe-

2018 1177 2137 1223 ctos
2171 1167 2370 1222 talibus
2401 1169 2817 1238 arquiesceutcs
2842 1169 3014 1222 eidem
3040 1168 3248 1236 judicio
3283 1167 3587 1236 subjaecrr.

2091 1350 2293 1423 Synodi
2333 1352 2631 1423 Ancyranze
2662 1365 2832 1404 canon
2879 1347 2950 1403 25

2090 1445 2274 1500 Sancti
2305 1445 2553 1517 Gregorii
2585 1442 2979 1512 Thaumaturgi
3019 1456 3193 1496 canon
3223 1439 3280 1494 ‘2.

2089 1637 2270 1694 Sancti
2300 1636 2482 1693 Basilii
2515 1651 2690 1690 canon
2717 1635 2808 1688 7|.

2089 1729 2176 1784 67.
2220 1727 2334 1782 Νοιι
2375 1739 2622 1796 oportere
2661 1741 2988 1798 quemquam
3034 1725 3291 1779 clericum
3327 1731 3419 1776 ant
3477 1734 3591 1774 ruo-

2018 1824 2250 1876 nachnm
2295 1821 2582 1876 saeculares
2616 1820 2987 1888 magistratus,
3023 1825 3116 1871 aut
3152 1831 3316 1871 curas
3345 1825 3438 1868 ant
3481 1815 3592 1866 nni-

2024 1915 2196 1969 litaria
2227 1914 2398 1968 ollicia
2429 1914 2708 1982 suscipere
2759 1929 2774 1967 :
2826 1910 3090 1980 alioquin,
3123 1910 3291 1981 gradu
3347 1913 3594 1962 Inoi‘eutr

2021 2017 2180 2075 atque
2221 2007 2565 2061 anathemate
2609 2005 2942 2070 percellitur.

2094 2097 2419 2151 Sanctorum
2454 2097 2823 2162 apostolorum
2853 2112 3026 2150 canon
3061 2095 3114 2160 6,
3141 2094 3201 2148 8|
3237 2105 3290 2146 et
3319 2092 3430 2156 85..

2092 2187 2292 2260 Synodi
2327 2189 2791 2244 Calchedonensis
2816 2203 2989 2242 canon
3024 2189 3077 2251 5,
3113 2185 3144 2239 4
3171 2197 3222 2239 et
3255 2185 3304 2240 7.

2091 2282 2293 2351 Synodi
2325 2281 2783 2350 Carthaginiensis
2812 2296 2984 2336 canon
3019 2277 3102 2333 16.

2096 2375 2302 2446 Synolli
2340 2375 2426 2427 Vll
2467 2389 2640 2428 canon
2682 2374 2766 2430 10.

2093 2468 2296 2540 Synodi
2334 2469 2386 2522 in
2417 2468 2614 2538 templo
2639 2479 2952 2523 sanctorum
2989 2465 3356 2536 apostolorum
3394 2463 3589 2518 habit-.1:

2023 2577 2198 2618 canon
2235 2562 2322 2616 11.

2093 2656 2251 2726 Legis
2278 2672 2396 2727 cap.
2429 2656 2518 2722 3'5,
2554 2656 2622 2710 51
2647 2663 2703 2711 et
2734 2655 2823 2710 55.

2095 2749 2184 2804 68.
2218 2750 2332 2803 Non
2371 2759 2622 2819 Oportere
2649 2750 3050 2820 presbyterum,
3073 2762 3256 2802 eorum
3284 2745 3374 2815 qui
3402 2748 3597 2798 secun-

2026 2843 2149 2897 dum
2210 2843 2612 2895 matrimonium
2672 2842 3005 2896 contrahunt
3062 2851 3115 2894 et
3172 2839 3315 2908 leges
3371 2836 3593 2900 violant,

2028 2934 2358 3001 nuptialibus
2393 2933 2655 2988 conviviis
2687 2933 2975 2988 interesse.

2097 3025 2295 3094 Synotli
2334 3025 2793 3080 Neocaesarieusis
2829 3035 3008 3080 eanon‘
3037 3025 3091 3078 7.

2100 3122 2426 3175 Sanctorum
2461 3121 2832 3189 aposmlorum
2863 3137 3033 3174 canon
3073 3120 3156 3173 11.

2095 3214 2182 3268 G9.
2223 3213 2328 3266 [les
2356 3214 2594 3283 episcopi
2627 3228 2894 3283 proprias,
2933 3212 3198 3280 siquidem
3233 3210 3448 3273 haheat,
3478 3221 3595 3259 ma-

2026 3305 2251 3360 nifestas
2285 3320 2404 3360 esse
2441 3317 2716 3373 oportere,
2756 3320 2890 3373 quas
2937 3304 3178 3358 moriens
3227 3304 3419 3370 quibus
3467 3300 3597 3354 velit

2025 3398 2332 3465 relinquat;
2373 3411 2549 3466 neque
2578 3398 2720 3449 enim
2753 3396 2877 3450 licet
2905 3395 3122 3450 clericis
3163 3395 3309 3464 ipsas
3335 3393 3593 3460 diripere,

2020 3491 2262 3556 alioquin
2296 3489 2556 3559 gradibus
2599 3489 2710 3545 suis
2745 3489 3026 3543 excidunt.
3067 3487 3175 3542 Res
3207 3487 3369 3542 etiam
3406 3485 3594 3539 Eccle-

2020 3585 2112 3638 siae
2147 3584 2321 3653 palam
2353 3598 2474 3638 esse
2524 3583 2744 3648 debent,
2795 3597 2914 3652 quae
2947 3581 3166 3650 quidem
3199 3582 3423 3649 integra:
3462 3591 3593 3632 con-

2021 3662 2303 3731 servanda:
2351 3685 2477 3729 sunt
2528 3675 2811 3737 Ecclesiae,
2867 3673 3201 3745 presbyteris
3251 3683 3305 3727 et
3355 3671 3598 3725 aiat-onis

2022 3779 2182 3824 none.
2218 3767 2402 3837 Neque
2445 3783 2574 3824 vero
2632 3784 2692 3824 ea
2750 3777 2876 3822 sunt
2932 3767 3000 3823 ab
3036 3766 3274 3822 Ecclesia
3309 3766 3595 3836 exigenda,

2020 3878 2140 3933 qna:
2191 3879 2220 3918 a
2258 3861 2485 3932 reliquis
2537 3861 2922 3917 communibus
2974 3860 3330 3916 hominibus:
3369 3867 3595 3928 praeter-

2021 3973 2185 4029 quam
2223 3957 2366 4027 quod
2419 3964 2632 4010 tantum
2673 3957 2918 4026 pontium
2981 3953 3384 4010 exstructiones
3438 3961 3598 4020 atque

2021 4050 2449 4107 instanrationes
2482 4048 2551 4103 ab
2588 4051 2654 4103 iis
2685 4048 2834 4103 ﬁent.
2867 4049 2944 4103 Ac
2991 4062 3163 4117 neque
3194 4060 3353 4115 posse
3383 4044 3598 4115 episco-

2003 4159 2146 4215 pum
2178 4145 2473 4215 quidquam
2509 4142 2804 4198 divendere
2831 4157 3020 4198 eorum
3046 4156 3165 4212 quas
3192 4142 3257 4193 ad
3297 4139 3594 4194 Ecclesiam

2023 4237 2300 4307 pertinent
2349 4237 2488 4290 citra
2550 4251 2799 4304 magnam
2855 4235 3253 4299 necessitatem,
3310 4220 3468 4298 idque
3520 4247 3586 4284 ex

2023 4329 2247 4384 scientia
2302 4328 2594 4398 provincia:
2643 4328 3044 4396 primatis,»seu
3094 4324 3312 4391 majoris
3348 4322 3594 4390 praelati:

2023 4422 2274 4476 similiter
2301 4423 2462 4475 etiam
2496 4423 2882 4490 emphyteuses
2918 4423 3031 4489 ipso
3069 4417 3434 4474 scienle'lleri.
3466 4416 3594 4467 Item

2021 4531 2143 4569 eum
2180 4515 2270 4582 qui
2325 4531 2428 4567 non
2481 4515 2640 4567 solvit
2675 4523 2934 4566 canonem
2985 4508 3444 4580 emphytenticnm
3477 4514 3596 4575 post

343 4585 489 4640 σθαιο
533 4586 631 4638 καὶ
675 4584 756 4637 ὅτι
799 4585 825 4634 ὁ
875 4585 950 4655 μὴ
992 4583 1350 4638 καταϐάλλων
1387 4582 1477 4634 τὸν
1518 4577 1915 4651 ὲμφυτευτικδν

2027 4607 2330 4671 biennium,
2364 4608 2582 4676 penitus
2622 4607 2876 4661 excidere
2901 4605 3362 4674 emphyteumate.

340 4679 530 4753 κανόνα
571 4677 664 4731 ἐπὶ
701 4675 876 4748 διετίᾳ
915 4676 1170 4730 ἐκπίπτει
1207 4674 1475 4739 παντοίως
1508 4673 1601 4729 τοῦ
1636 4671 1913 4742 ἐμφυτεύ-

343 4789 520 4841 ματος.

402 4862 522 4916 Τῶν
553 4861 724 4929 ἁγίων
753 4859 1068 4914 ἀποστόλων
1095 4857 1276 4915 κανὼν
1312 4857 1398 4930 μ’.

403 4954 630 5007 Συνόδου
661 4955 991 5024 Ἀντιοχείας
1021 4953 1205 5007 κανὼν
1231 4953 1349 5010 κδ’.

402 5036 630 5101 Συνόδου
665 5047 1006 5119 Καλχηδόνος
1040 5046 1222 5102 κανὼν
1251 5046 1367 5120 κβ’.

402 5139 630 5195 Συνόδου
660 5139 1026 5210 Καρθαγένης
1058 5137 1240 5194 κανὼν
1267 5138 1361 5193 κε’
1388 5139 1482 5194 ml.
1513 5139 1633 5206 λγ’.

406 5233 630 5288 Συνόδου
659 5231 704 5298 ζ’
728 5231 906 5286 κανὼν
934 5233 1040 5288 ιϐ’.

407 5326 511 5378 Τοῦ
541 5327 698 5395 ἁγίου
731 5327 1005 5396 Κυρίλλου
1037 5323 1218 5381 κανὼν
1249 5325 1328 5397 β’.

405 5419 518 5474 Καὶ
547 5421 769 5492 νομικὸν
802 5419 1097 5490 κεφάλαιον
1129 5427 1239 5489 ιγ’,
1272 5420 1372 5486 ιδ’,
1407 5427 1507 5485 ιε’,
1546 5427 1648 5491 κγ’
1676 5423 1770 5478 καὶ
1799 5423 1909 5480 λε’.

407 5509 466 5567 ο’.
490 5512 610 5567 Ὀτι
636 5513 718 5566 δεῖ
753 5512 918 5584 μηδὲν
942 5512 1207 5585 πράττειν
1230 5514 1355 5577 τοὺς
1379 5514 1788 5587 πρεσϐυτέρους
1815 5519 1911 5573 καὶ

344 5602 606 5672 διακόνους
636 5607 807 5677 χωρὶς
835 5602 1065 5678 γνώμης
1088 5605 1181 5660 τοῦ
1214 5606 1542 5679 ἐπισκόπου.

406 5696 526 5751 Τῶν
549 5699 717 5769 ἁγίων
743 5699 1059 5764 ἀποστόλων
1088 5698 1270 5754 κανὼν
1296 5699 1413 5755 λί)’.

411 5791 629 5846 Συνόδου
663 5792 939 5864 Ἀγκύρας
979 5793 1158 5849 κανὼν
1194 5800 1282 5848 ιε’.

437 5887 543 5943 Καὶ
571 5889 784 5945 συνόδου
814 5889 1173 5963 Καρθαγένης
1206 5890 1385 5948 κανὼν
1413 5891 1443 5946 λ
1461 5891 1540 5962 γ’.

2100 4873 2422 4928 Sanctorum
2448 4874 2814 4944 apostolorum
2862 4887 3034 4928 canon
3072 4871 3138 4925 40

2097 4966 2301 5038 Synodi
2332 4968 2682 5022 Antiochenze
2715 4981 2891 5037 canon
2937 4965 3029 5019 Ἡ.

2095 5055 2294 5126 Synodi
2326 5057 2782 5111 Calchetlonensis
2815 5071 2986 5112 canon
3028 5055 3120 5109 29..

2097 5148 2295 5218 Synodi
2336 5148 2799 5220 Carthaginiensis
2831 5165 3004 5203 canon
3034 5147 3106 5202 25
3136 5157 3189 5204 et
3216 5147 3304 5202 55.

2096 5237 2301 5306 Synodi
2329 5236 2419 5291 VII
2451 5254 2628 5292 canon
2667 5232 2755 5295 l9.

2094 5327 2278 5384 Sancti
2312 5329 2498 5401 Cyrilli
2531 5346 2705 5385 canon
2738 5331 2793 5386 2.

2092 5420 2446 5492 Legiscapnt
2484 5423 2570 5488 15,
2611 5423 2694 5491 ll,
2738 5424 2825 5489 15,
2856 5425 2926 5480 9.5
2959 5431 3010 5479 et
3039 5423 3133 5478 55.

2095 5526 2188 5582 70.
2231 5527 2346 5580 Non
2377 5541 2630 5598 oportere
2671 5531 3016 5600 presbyteros
3061 5536 3112 5583 et
3149 5526 3407 5581 diaconos
3436 5521 3599 5595 quiil-

2026 5633 2188 5689 quam
2231 5619 2414 5676 facere
2447 5625 2654 5688 absque
2694 5622 2930 5690 episcOpi
2974 5636 3265 5676 consensu.

2098 5711 2422 5768 Sanctorum
2449 5715 2820 5781 aposmlornm
2852 5729 3023 5768 caucm
3059 5713 3149 5767 59.

2101 5803 2300 5874 Synodi
2337 5805 2636 5875 Ancyranae
2681 5821 2854 5861 canon
2905 5806 2993 5860 15.

2104 5897 2302 5969 Synodi
2363 5897 2823 5966 Carthaginiensis
2873 5913 3042 5952 canon
3076 5898 3164 5952 55.
