4084 6194
364 331 428 401 31
1638 335 1943 400 ARSENI]

2045 335 2342 399 [ONACIII
3547 333 3619 398 32

438 456 525 514 71.
567 456 832 527 Oportere
860 459 1174 529 episcopum
1204 457 1258 514 itt
1302 456 1548 514 subditas
1588 454 1691 552 sibi
1720 455 1930 511 animas

2103 460 2203 511 oa’.
2242 457 2364 511 Ὀτι
2419 455 2500 510 δεῖ
2542 455 2636 510 τὸν
2676 455 2974 510 ἐπίσκοπον
3023 453 3283 522 ἐξουσίαν
3318 453 3460 526 ἔχειν
3505 454 3616 508 τῶν

365 560 683 619 potestatem
740 551 968 618 habere,
1001 566 1289 623 rerumque
1321 550 1574 606 Ecclesia:
1614 550 1810 606 curam
1838 566 1932 621 ge-

365 655 485 694 rere
514 656 636 694 cum
671 640 763 694 Dei
806 641 1025 706 timore,
1073 658 1138 698 ac
1183 659 1289 697 non
1341 658 1433 698 eas
1467 642 1568 698 sibi
1603 642 1892 696 vcndicure
1914 681 1932 706 ,

366 743 458 785 aut
488 733 750 800 sanguine
779 733 883 788 sibi
914 736 1217 805 conjunctis
1246 737 1456 807 largiri,
1483 736 1575 791 sed
1605 735 1934 805 pauperibus

366 824 821 891 subministrare,
875 836 1131 896 tanquam
1213 829 1401 882 harum
1482 829 1746 882 rationem
1820 825 1934 882 Deo

365 912 698 969 redditurus.
749 913 1131 972 Verumtamen
1184 934 1279 987 per
1327 918 1671 990 presbyteros
1716 929 1770 974 et
1818 919 1936 974 dia-

367 1021 537 1061 conos
595 1009 738 1076 ipsas
772 1009 1104 1065 distribuere
1155 1011 1313 1065 debet
1352 1025 1450 1080 pro
1504 1025 1601 1065 sua
1647 1020 1933 1080 patestato,

365 1113 476 1154 uno
519 1115 583 1154 ex
623 1100 756 1168 ipsis
793 1103 1170 1172 diSpcnsatore
1215 1103 1539 1169 constituto,
1586 1118 1650 1158 ac
1691 1120 1795 1158 non
1842 1119 1938 1173 per

365 1206 628 1260 personas
654 1194 756 1249 sibi
788 1196 1052 1265 sanguine
1079 1196 1417 1264 conjunctas.
1444 1193 1498 1250 Si
1526 1211 1652 1250 vero
1685 1195 1796 1264 ipse
1826 1194 1936 1248 for-

369 1286 696 1340 tasse-nolit
752 1287 951 1342 habere
1001 1289 1454 1356 dispensatorem,
1493 1289 1619 1342 licet
1653 1286 1938 1355 provincia

365 1376 584 1444 primati
632 1394 976 1433 oeconomum
1026 1379 1328 1449 designare.
1386 1380 1568 1449 ipsum
1599 1391 1778 1435 autem
1821 1381 1939 1449 epi-

368 1482 591 1536 scOpum
619 1484 684 1524 ex
721 1471 806 1525 his
849 1473 1011 1527 rebus
1037 1487 1101 1528 ea
1128 1488 1246 1541 quae
1272 1474 1374 1527 sibi
1409 1483 1463 1528 et
1490 1472 1752 1529 fratribus
1799 1473 1939 1544 apud

366 1558 546 1628 ipsum
582 1561 803 1631 hospitii
835 1565 1058 1619 nomine
1091 1566 1561 1620 commorantibus
1593 1576 1716 1621 sunt
1752 1581 1941 1621 neces-

365 1655 511 1708 saria
553 1671 772 1713 sumere
815 1668 1052 1728 oportet.
1090 1659 1192 1725 Qui
1238 1674 1367 1714 vero
1416 1660 1528 1713 haec
1585 1673 1689 1712 non
1739 1666 1938 1721 servat,

364 1745 634 1803 obnoxius
678 1749 781 1804 erit
822 1752 1074 1821 synodo,
1128 1767 1302 1819 poenae
1356 1751 1676 1819 subjectus:
1721 1749 1938 1804 licentia

368 1837 827 1896 cuilibctvolenti
858 1843 1008 1907 data,
1045 1843 1087 1896 si
1122 1843 1251 1913 quiti
1279 1844 1469 1896 horum
1500 1840 1694 1896 violari
1720 1841 1936 1904 viderit,

369 1929 423 1984 id
460 1931 772 1999 imperatori
808 1932 1111 1990 indicandi.

439 2020 762 2078 Sanctorum
805 2025 1175 2094 apostolorum
1214 2039 1386 2079 canon
1435 2022 1505 2078 '58
1538 2033 1594 2079 et
1633 2025 1726 2081 41.

439 2114 641 2185 Synndi
677 2116 1028 2173 Antiocltenze
1071 2134 1244 2172 canon
1277 2117 1370 2172 25.

438 2207 640 2277 Synodi
671 2208 1136 2265 Calchedonensis
1187 2226 1357 2267 canon
1385 2210 1474 2266 26.

440 2299 649 2371 Synodi
685 2300 775 2356 VII
816 2318 992 2357 canon
1036 2303 1123 2357 11.

438 2392 724 2466 Theophili
753 2396 1107 2452 Alexandrini
1139 2412 1310 2452 canon
1345 2397 1412 2453 10
1447 2406 1502 2452 et
1528 2397 1614 2451 11.

445 2485 628 2541 Sancti
657 2487 844 2559 Cyrilli
878 2503 1049 2542 canon
1079 2488 1134 2543 2.

437 2575 597 2647 Legis
630 2590 794 2650 caput
823 2580 916 2646 20,
948 2579 1016 2636 60
1043 2590 1096 2634 et
1128 2580 1217 2636 61.

441 2669 532 2724 72.
593 2670 857 2738 Oportere
916 2673 1168 2729 civitates
1223 2688 1318 2743 per
1368 2672 1582 2728 litteras
1635 2670 1942 2742 imperiales

372 2763 690 2832 metropolis
725 2765 945 2819 nomine
976 2776 1205 2820 ornatus
1237 2766 1359 2836 ipso
1395 2767 1602 2821 honore
1631 2765 1737 2819 frui
1764 2781 1779 2821 :
1804 2765 1944 2820 anti-

369 2870 510 2925 quas
537 2870 666 2912 vero
698 2859 1024 2929 metropoles
1057 2859 1109 2914 in
1178 2861 1365 2916 iisdem
1428 2859 1564 2916 locis
1616 2860 1944 2914 exsisleutes

371 2947 580 3002 nullum
607 2952 952 3020 propriorum
981 2950 1186 3022 jurium
1216 2954 1344 3010 inde
1380 2951 1767 3008 detrimentum
1811 2952 1944 3023 pati.

441 3123 645 3195 Synodi
680 3125 1138 3183 Calchedonensis
1169 3145 1346 3186 canon
1381 3132 1452 3187 12
1476 3141 1531 3188 et
1571 3133 1662 3190 17.

445 3213 648 3286 Synodi
690 3216 754 3271 Vl
794 3232 970 3274 canon
1006 3221 1096 3276 35.

445 3309 534 3367 73.
577 3312 841 3383 Oportere
870 3317 1157 3389 episcopos
1189 3318 1390 3389 injuste
1415 3321 1693 3391 expulsos,
1729 3321 1784 3378 in
1812 3323 1948 3380 alias

379 3407 699 3474 provincias
720 3411 950 3479 suscipi.
979 3419 1142 3480 atque
1177 3413 1309 3483 ipsis
1341 3416 1656 3471 omnimodo
1695 3419 1946 3474 succurri

374 3514 702 3570 manumque
731 3504 934 3573 porrigi
969 3519 985 3559 :
1021 3503 1196 3561 donec
1231 3505 1430 3570 iniuria
1468 3506 1603 3564 ipsis
1642 3506 1791 3563 illata
1829 3509 1948 3564 vitt-

374 3590 552 3662 dicata
579 3593 764 3650 fuerit.

449 3685 650 3756 Synodi
683 3684 1024 3746 Sardicensis
1053 3705 1225 3746 canon
1259 3691 1350 3747 17.

448 3777 537 3832 74.
579 3775 841 3847 Oportere
886 3783 1226 3849 patriarchas
1261 3783 1486 3854 paciﬁce
1521 3787 1665 3843 inter
1698 3804 1757 3845 se
1788 3805 1951 3861 agere

375 3879 542 3942 atque
571 3873 829 3928 honorari
883 3891 978 3943 pro
1009 3891 1073 3930 eo
1122 3892 1279 3946 quem
1331 3880 1577 3934 obtinent
1609 3883 1800 3950 gradu,
1850 3899 1951 3940 nec

376 3979 482 4019 non
537 3975 591 4020 et
642 3969 1100 4038 metropolitanos
1165 3982 1330 4042 atque
1398 3975 1716 4045 episcopos;
1773 3993 1951 4050 neque

376 4060 673 4130 quidquam
704 4062 883 4116 facere
913 4079 1010 4119 eos
1041 4065 1132 4134 qui
1172 4065 1411 4135 ipsorum
1447 4067 1782 4126 dimcesibus
1822 4073 1950 4126 sub-

376 4152 478 4208 diti
507 4164 654 4218 sunt,
705 4156 907 4226 absque
959 4157 1200 4226 ipsorum
1235 4150 1504 4216 consensu
1536 4178 1552 4215 :
1600 4178 1773 4232 neque
1808 4163 1953 4234 ipsos

379 4247 543 4302 etiam
584 4248 879 4317 quidquam
938 4267 1099 4320 agere
1147 4253 1283 4308 citra
1321 4254 1562 4309 omnium
1599 4259 1951 4315 sententiam.

453 4343 774 4400 Sanctorum
811 4348 1195 4416 apostolorum'
1223 4365 1395 4406 canon
1432 4352 1523 4409 '54.

450 4437 679 4493 Nicaeum
711 4440 904 4510 synodi
937 4456 1112 4496 canon
1151 4441 1182 4495 6
1218 4452 1272 4497 et
1301 4443 1355 4498 7.

449 4531 654 4603 Synodi
685 4533 1042 4588 Antiocnenaa
1072 4550 1248 4589 canon
1282 4537 1336 4593 9.

449 4624 651 4697 Syn‘odi
679 4626 1306 4698 Constantinopolitanae
1338 4643 1511 4685 canon
1541 4629 1575 4683 2
1601 4639 1654 4685 et
1679 4629 1735 4686 5.

450 4715 654 4788 Synodi
691 4717 977 4786 Ephesium
1012 4734 1187 4773 canon
1230 4720 1314 4776 10.

449 4809 652 4880 Synodi
680 4809 1144 4868 Calchedonensis
1177 4827 1350 4868 canon
1384 4813 1418 4869 8
1445 4824 1498 4869 et
1530 4813 1623 4869 28.

452 4899 655 4970 Synodi
690 4900 1154 4970 Carthaginiensis
1185 4917 1361 4958 canon
1397 4901 1485 4967 17,
1529 4901 1621 4968 39,
1657 4901 1764 4969 55,
1799 4902 1868 4958 86
1898 4911 1955 4960 et

383 4993 510 5049 101.

455 5084 658 5159 Synodi
692 5085 758 5141 Vl
791 5101 964 5142 canon
1001 5087 1069 5142 56
1103 5095 1158 5142 et
1195 5086 1287 5143 39.

455 5179 661 5252 Synodi
691 5180 746 5235 in
780 5180 980 5250 templo
1018 5178 1232 5235 Sanctae
1282 5178 1501 5249 Sophia
1535 5177 1819 5237 celebratae
1862 5193 1959 5235 ca-

386 5288 494 5330 ..on
527 5273 580 5328 1.

457 5365 621 5437 Legis
651 5377 813 5438 caput
842 5367 935 5422 22.

458 5461 552 5520 75.
585 5461 853 5518 Clericum
884 5461 940 5518 in
974 5460 1210 5517 alienam
1236 5458 1528 5531 parmciam
1551 5461 1672 5516 sine
1695 5471 1965 5516 consensu

1727 5551 1964 5622 alioquin
2073 5551 2327 5622 δεχθῆναι
2361 5547 2624 5620 κληρικδν
2656 5547 2714 5600 ὲν
2748 5547 2912 5618 ἑτέρᾳ
2955 5542 3258 5613 παροικίαο
3288 5538 3412 5593 ἐπεὶ
3448 5539 3651 5610 ἀφορί-

389 5556 566 5627 lpsius
618 5554 860 5627 episcopi
917 5572 1023 5610 non
1056 5570 1179 5611 esse
1231 5552 1602 5624 recipiendum
1657 5571 1673 5610 :

2036 550 2411 617 ὑποκειμένων
2448 550 2595 619 αὐτῷ
2631 548 2840 620 ψυχῶν,
2882 550 2978 602 καὶ
3015 548 3327 619 φροντίζειν
3365 545 3474 600 τῶν
3512 546 3616 616 τῆς

2012 645 2371 714 ,Ἐκκλησῐας
2409 645 2752 716 πραγμάτων
2794 643 2934 714 μετὰ
2979 643 3143 711 φόόου
3186 641 3354 704 Θεοῦ,
3401 641 3496 694 xal
3538 639 3613 711 μὴ

2039 737 2448 807 σφετερίζεσθαι
2475 737 2678 800 ταῦτα,
2709 736 2742 807 ἦ
2777 736 3064 813 συγγενέσι
3096 731 3446 805 χαρίζεσθαι,
3478 731 3616 787 ἀλλὰ

2039 829 2265 892 πένησιν
2293 827 2762 899 ἑπιχορηγεῖσθαι,
2793 826 2868 890 ὠς
2897 826 3106 896 μέλλων
3135 827 3292 893 λόγον
3320 825 3615 880 ἀποδοῦναι

2038 923 2168 993 mpl
2206 907 2383 976 αὐτῶν
2412 921 2488 990 τῷ
2527 920 2644 992 Θεῷ
2667 938 2682 951 ο
2719 920 2858 991 πλὴν
2887 918 3022 975 ἀλλὰ
3060 919 3148 971 διὰ
3177 918 3285 972 τῶν
3317 917 3618 989 πρεσδυτέο

2042 1030 2150 1084 ρων
2187 1014 2281 1066 καὶ
2321 1012 2582 1066 διακόνων
2616 1011 2787 1065 ταῦτα
2822 1008 3102 1078 διανέμειν
3139 1007 3281 1060 κατὰ
3316 1007 3414 1076 τὴν
3451 1004 3614 1059 αὐτοῦ

2039 1106 2311 1170 ἐξουσίαν,
2346 1105 2442 1157 ἕνα
2478 1103 2536 1169 ἐξ
2568 1102 2750 1156 αὐτῶν
2781 1102 2996 1171 ἔχοντος
3028 1100 3335 1168 οἰκονόμον,
3370 1098 3465 1152 καὶ
3495 1097 3616 1167 οὐχὶ

2038 1199 2128 1253 διὰ
2158 1198 2433 1264 συγγενῶν
2463 1195 2627 1249 αὑτοῦ
2661 1192 2993 1266 προσώπων.
3028 1192 3090 1244 Εἰ
3120 1191 3164 1243 δ’
3190 1191 3349 1254 αὐτὸς
3380 1190 3511 1254 ῐσως
3541 1189 3617 1262 μὴ

2041 1289 2185 1344 θέλοι
2217 1288 2364 1359 ἔχειν
2395 1288 2700 1357 οἰκονόμον,
2729 1285 2904 1349 ἔξεστι
2932 1284 3009 1354 τῷ
3035 1283 3132 1353 τῆς
3165 1282 3436 1354 ἐπαρχίας
3465 1300 3616 1353 πρω-

2040 1383 2255 1437 τεύοντι
2293 1380 2693 1452 προϐάλλεσθαι
2730 1377 2789 1443 ἐξ
2827 1379 3066 1441 ἅπαντος
3099 1375 3406 1446 οἰκονόμον.
3446 1374 3619 1429 Αὑτὸν

2041 1478 2098 1531 δὲ
2127 1477 2217 1532 τὸν
2244 1475 2542 1529 ἐπίσκοπον
2570 1471 2891 1526 διοικεῖσθαι
2919 1470 2977 1538 ἐξ
3005 1470 3182 1524 αὐτῶν
3211 1470 3293 1532 εἰς
3317 1468 3416 1530 τὰς
3445 1469 3611 1539 ἀναγ·

2042 1571 2204 1632 καίας
2239 1569 2426 1641 χρείας
2468 1567 2559 1620 καὶ
2603 1566 2798 1636 μόνον,
2835 1564 3066 1617 καὶτῶν
3095 1564 3225 1634 παρ’
3251 1561 3399 1633 αὖτῷ
3438 1562 3619 1630 Emis-

2042 1662 2317 1734 νουμένων
2362 1657 2629 1729 ἀδελφῶν.
2667 1657 2726 1711 '0
2771 1659 2828 1711 δὲ
2879 1657 2952 1728 μὴ
2996 1656 3170 1710 ταῦτα
3216 1655 3398 1726 τηρῶν
3437 1655 3619 1726 ἔνοχος

2042 1755 2194 1809 ἔσται
2223 1756 2289 1825 τῇ
2321 1751 2554 1820 συνόδῳ,
2587 1749 2947 1820 ὑποκείμενος
2976 1747 3239 1818 ἐπιτιμίῳ
3260 1763 3283 1834 ο.
3305 1746 3491 1811 ἁδείας
3517 1744 3613 1802 05-

2045 1867 2143 1920 οης
2171 1847 2334 1900 παντὶ
2358 1845 2436 1915 τῷ
2467 1843 2802 1914 βουλομένῳ,
2829 1840 2882 1894 εί
2906 1858 2960 1894 τι
2986 1839 3190 1894 τούτων
3219 1839 3618 1912 παραϐαινόμε-

2041 1959 2131 1997 νον
2161 1941 2283 2001 ίδοι,
2319 1937 2548 2010 μηνύειν
2577 1937 2656 2006 τῷ
2691 1935 2921 2006 βασιλεῖ.

2111 2033 2234 2089 Τῶν
2265 2031 2434 2101 ἁγίων
2459 2030 2772 2086 ἀποστόλων
2800 2026 2980 2081 κανὼν
3007 2023 3089 2099 λη’
3116 2026 3210 2082 καὶ
3243 2025 3353 2099 μα’.

2112 2126 2223 2180 Kal
2252 2124 2470 2178 συνόδου
2504 2119 2832 2192 Ἀντιοχείας
2864 2118 3043 2175 κανὼν
3074 2117 3172 2178 κε’.

2110 2219 2335 2272 Συνόδου
2368 2215 2706 2286 Καλχηδόνος
2736 2213 2918 2268 κανὼν
2947 2213 3062 2281 κζ’.

2112 2312 2340 2366 Συνόδου
2372 2311 2417 2375 ζ’
2444 2307 2625 2363 κανὼν
2658 2306 2749 2362 ια’.

2113 2399 2812 2472 ΘεοφίλουἈλεξανδρείας
2840 2396 3020 2454 κανὼν
3053 2403 3086 2452 ι’
3111 2397 3204 2450 καὶ
3242 2402 3331 2452 ια’.

2113 2494 2221 2547 Τοῦ
2254 2493 2411 2563 ἁγίου
2443 2491 2713 2561 Κυρίλλου
2743 2489 2927 2546 κανὼν
2957 2489 3036 2560 β’.

2113 2587 2356 2657 Νομικδν
2386 2586 2680 2655 κεφάλαιον
2708 2584 2776 2648 κ’,
2807 2583 2848 2650 ξ’
2874 2586 2967 2639 καὶ
2999 2584 3100 2650 Ea’.

2117 2678 2218 2751 οβ’.
2244 2681 2366 2735 Ὀτι
2396 2681 2477 2734 δεῖ
2503 2681 2599 2742 τὰς
2628 2678 2715 2732 διὰ
2747 2679 3093 2749 γραμμάτων
3147 2675 3441 2748 βασιλικῶν
3465 2695 3634 2750 τιμη-

2047 2772 2235 2837 θείσας
2264 2770 2444 2834 πόλεις
2473 2771 2560 2824 ἐπ’
2581 2769 2808 2839 ὀνόματι
2839 2768 3225 2840 μητροπόλεως
3254 2767 3399 2840 ἔχειν
3423 2769 3524 2840 τὴν
3550 2787 3629 2823 τι·-

2049 2865 2158 2936 μήν
2176 2879 2191 2896 ο
2217 2864 2313 2926 τὰς
2345 2863 2399 2916 δὲ
2429 2862 2660 2934 ἀρχαίας
2694 2862 3060 2933 μητροπόλεις
3082 2862 3186 2925 τὰς
3212 2861 3270 2914 ὲν
3294 2863 3413 2926 ταῖς
3441 2863 3630 2926 αὐταῖς

2048 2957 2393 3018 τοποθεσίαις
2418 2954 2605 3020 οὔσας,
2637 2956 2711 3025 μὴ
2743 2953 3221 3011 καταϐλάπτεσθαι
3253 2955 3342 3010 ὑπ’
3369 2956 3546 3009 αὐτῶν
3573 2959 3631 3011 ὲν

2047 3050 2159 3111 τοῖς
2193 3046 2344 3111 ἰδίοις
2372 3047 2624 3110 δικαίοις.

1974 3157 2017 3216 ο
2121 3139 2347 3195 Συνόδου
2378 3137 2720 3211 Καλχηδόνος
2750 3135 2934 3191 κανὼν
2967 3133 3034 3208 ιβ’
3061 3137 3155 3190 καὶ
3191 3135 3274 3202 ιζ’.

2118 3231 2229 3284 Kal
2259 3229 2482 3284 συνόδου
2515 3226 2569 3294 ς’
2594 3226 2773 3282 κανὼν
2799 3223 2896 3282 λε’.

2117 3319 2215 3390 ογ’.
2272 3320 2397 3374 Ὀτι
2437 3320 2522 3374 δεῖ
2563 3318 2688 3381 τοὺς
2733 3316 2933 3380 ἀδίκως
2975 3315 3367 3389 ἐλαυνομένους
3409 3315 3634 3373 ιπισκό-

2046 3426 2183 3474 πους
2212 3408 2464 3481 δέχεσθαι
2496 3411 2554 3461 ὲν
2585 3408 2801 3479 ἑτέραις
2831 3407 3085 3480 ἑνορίαις,
3116 3409 3209 3462 καὶ
3237 3406 3634 3479 ἀντιλαμϐάνεο

2048 3505 2174 3560 σθαι
2211 3503 2483 3567 παντοίως
2516 3503 2612 3557 καὶ
2648 3503 3140 3574 χειραγωγεῖσθαι,
3180 3503 3340 3575 ἄχρις
3374 3504 3441 3560 ἄν
3471 3505 3506 3579 ἡ
3543 3507 3637 3560 ἐπὶ

2047 3599 2234 3663 αὐτοῖς
2264 3599 2490 3667 γένηται
2522 3583 2822 3668 ἐκδίκησις.

2117 3691 2344 3745 Συνόδου
2375 3690 2646 3762 Σαρδικῆς
2679 3690 2858 3743 κανὼν
2889 3690 2978 3754 ιζ’.

2117 3784 2210 3842 08'.
2241 3785 2362 3838 Ὅτι
2408 3783 2491 3837 δεῖ
2534 3781 2856 3855 εἰρηνεύειν.
2889 3784 3008 3853 μετ’
3058 3782 3304 3854 ἀλλήλων
3351 3785 3478 3849 τοὺς
3527 3802 3632 3839 παο

2047 3875 2339 3948 τριάρχας,
2378 3875 2471 3929 καὶ
2506 3875 2771 3945 τιμᾶσθαι
2814 3875 3011 3939 αὐτοὺς
3054 3875 3194 3929 κατὰ
3224 3875 3322 3948 τὴν
3355 3877 3638 3948 ἀπονεμη-

2052 3972 2237 4024 θεῖσαν
2273 3969 2447 4035 τάξιν.
2488 3969 2603 4022 Kal
2644 3968 2751 4039 μὴν
2789 3969 2885 4023 καὶ
2925 3969 3051 4032 τοὺς
3097 3967 3502 4041 μητροπολίτας
3545 3970 3638 4024 καὶ

2052 4064 2385 4126 ἐπισκόπους
2416 4062 2582 4134 μηδὲν
2605 4079 2657 4116 τι
2691 4064 2863 4116 ποιεῖν
2887 4061 3015 4126 τοὺς
3045 4060 3151 4115 ὑπὸ
3175 4062 3274 4126 τὰς
3300 4061 3515 4135 ἐνορίας
3541 4062 3640 4116 αὐ-

2054 4157 2181 4222 τῶν,
2208 4157 2377 4228 χωρὶς
2401 4154 2626 4226 γνώμης
2644 4154 2750 4209 τῶν
2772 4153 2952 4210 αὐτῶν
2973 4171 2989 4184 ·
3019 4155 3142 4226 μήτ’
3164 4152 3361 4220 αὐτούς
3382 4171 3438 4208 τι
3465 4156 3638 4209 ποιεῖν

2055 4253 2225 4326 χωρὶς
2252 4253 2352 4323 τῆς
2383 4250 2602 4307 πάντων
2629 4249 2879 4325 γνώμης.

2126 4344 2248 4397 Τῶν
2276 4343 2450 4413 ἁγίων
2479 4344 2795 4398 ἀποστόλων
2827 4342 3006 4398 κανὼν
3030 4343 3131 4400 λδ⁹.

2125 4435 2353 4491 Συνόδου
2382 4436 2615 4499 Νικαίας
2648 4435 2828 4490 κανὼν
2857 4433 2912 4502 ς’
2938 4436 3034 4493 καὶ
3063 4434 3130 4502 ζ’.

1981 4518 2026 4575 Β
2128 4529 2358 4584 Συνόδου
2390 4529 2721 4600 Ἀντιοχείας
2751 4527 2936 4582 κανὼν
2967 4529 3044 4583 θ’.

2128 4623 2358 4676 Συνόδου
2392 4620 3018 4684 Κωνσταντινουπόλεως
3048 4619 3230 4677 κανὼν
3256 4621 3309 4694 β’
3333 4622 3433 4678 καὶ
3459 4619 3546 4696 γ’,

2129 4714 2356 4769 Συνόδου
2397 4713 2626 4781 Ἑφέσου
2663 4712 2845 4767 κανὼν
2874 4718 2929 4771 ι’.

2132 4806 2363 4860 Συνόδον
2391 4805 2738 4876 Καλχηδόνος
2767 4805 2945 4861 κανὼν
2978 4813 3028 4880 η’
3056 4808 3150 4861 καὶ
3179 4807 3293 4881 κη’.

2133 4899 2362 4954 Συνόδον
2401 4900 2765 4971 Καρθαγένης
2803 4899 2983 4954 κανὼν
3019 4897 3109 4966 ιζ’,
3149 4899 3251 4971 λθ’,
3288 4897 3382 4969 νε’,
3417 4898 3519 4970 uc’
3547 4899 3645 4959 καὶ

2067 4997 2172 5065 ρα¹.

2138 5088 2366 5143 Συνόδου
2401 5098 2454 5154 ς’
2482 5088 2663 5143 κανὼν
2696 5090 2784 5152 λς’
2823 5089 2918 5140 καὶ
2943 5083 3045 5142 λθ’.

2139 5181 2367 5238 Συνόδου
2396 5182 2455 5235 ὲν
2482 5180 2560 5251 τῷ
2585 5178 2698 5251 ναῷ
2722 5178 2824 5249 τῆς
2865 5177 3054 5248 Ἀγίας
3083 5176 3284 5246 Σοφίας
3311 5177 3489 5232 κανὼν
3514 5177 3583 5234 α’.

2140 5367 2253 5425 Kal
2273 5366 2494 5438 νομικὸν
2519 5364 2812 5436 κεφάλαιον
2831 5362 2937 5438 κβ’.

2142 5460 2236 5517 σε’.
2271 5460 2396 5513 Ὅτι
2420 5459 2482 5513 οὐ
2512 5458 2594 5510 δεῖ
2622 5457 2751 5512 ἄνευ
2772 5457 3002 5526 γνώμης
3024 5453 3116 5508 τοῦ
3151 5449 3455 5505 ἐπισκόπου
3478 5447 3647 5504 αὐτοῦ

392 5651 901 5706 excommunicatur
945 5660 1054 5705 tum
1088 5650 1178 5719 qui
1215 5647 1411 5716 recipit
1449 5658 1560 5702 tum
1593 5648 1684 5717 qui
1719 5654 1936 5718 receptu

2076 5645 2231 5708 ζεται
2260 5643 2355 5696 καὶ
2380 5643 2410 5695 ό
2435 5639 2748 5713 δεξάμενος,
2781 5641 2876 5693 καὶ
2902 5640 2930 5692 ό
2957 5637 3186 5709 δεχθείς.
3217 5635 3280 5688 Εἰ
3310 5635 3369 5688 δὲ
3398 5632 3651 5702 ἐπιμένοι

395 5753 503 5800 est.
529 5743 586 5799 Si
614 5755 794 5800 autem
830 5753 1144 5814 perseveret
1177 5744 1352 5813 ipsum
1390 5742 1653 5805 detinere,
1696 5741 1809 5808 ipse
1840 5755 1968 5809 gra-

398 5837 468 5893 du
501 5837 787 5911 dejiciatur
821 5855 835 5893 :
867 5853 1040 5910 neque
1093 5853 1219 5896 vero
1265 5837 1312 5893 ei
1348 5835 1438 5908 qui
1490 5835 1556 5892 ab
1606 5834 1712 5890 alio
1746 5848 1968 5891 excom-

2077 5735 2326 5805 κατέχων
2376 5731 2571 5797 αὑτὸν,
2625 5730 2998 5803 καθαιρείσθω
3041 5729 3138 5782 καὶ
3185 5728 3348 5787 αὐτός
3383 5744 3398 5758 ο
3439 5722 3564 5778 οὔτε
3594 5721 3652 5776 δὲ

2083 5828 2430 5900 συγχωρήσει
2470 5825 2658 5898 ἔτερος
2699 5824 2779 5896 τῷ
2829 5822 2918 5894 ὑφ’
2954 5822 3144 5894 ἐτέρου
3185 5819 3562 5893 ἀφορισθέντι,
3602 5815 3652 5866 εἰ

4081 595 4084 739 l

4082 834 4084 944 ι

4081 1166 4084 1202 η

4081 595 4084 739 l

4081 1397 4084 1516 4
