4084 6194
339 345 394 408 33
1547 328 1882 395 ΕΡΙΊῸΜΕ

1997 331 2313 394 tNONUM.
3480 321 3552 388 34

344 464 404 535 μὴ
427 457 487 513 ἀν
509 454 653 509 κατά
677 450 980 524 συγκυρίαν
1007 447 1312 521 τελευτήσῃ
1340 448 1367 502 ὁ
1397 446 1668 518 ἀφορίσας
1698 444 1880 502 αὐτόν.

1997 442 2292 498 municatus
2335 439 2502 497 luerit
2550 439 2687 497 alius
2712 439 2924 496 veniam
2978 437 3147 503 dabit,
3185 437 3288 495 nisi
3334 437 3477 497 forte
3503 439 3553 496 is

389 636 498 695 τῶν
522 634 699 706 ἁγίων
730 628 1056 687 ἀποστόλων
1095 626 1184 701 ιβ’,
1217 632 1308 699 ιγ’,
1338 623 1422 694 ιε’,
1449 624 1547 693 ις’,
1573 623 1669 695 ιη’,
1705 621 1792 682 ιϐ’.

383 809 604 865 Συνόδου
631 805 997 878 Καρθαγένης
1024 801 1204 858 κανὼν
1226 798 1300 856 νδ⁴
1328 801 1426 856 καὶ
1451 803 1523 871 ις.

385 899 608 955 Συνόδου
649 904 702 965 ς’
730 895 914 970 κανὼν
941 895 1026 951 ιϐ’.

383 993 598 1050 Σννόδου
627 989 671 1059 ζ’
706 988 889 1044 κανὼν
919 993 975 1042 ι’.

382 1085 600 1142 Συνόδου
633 1085 692 1140 ὲν
732 1082 810 1155 τῷ
851 1080 965 1154 ναῷ
990 1080 1091 1152 τῆς
1133 1078 1324 1150 Ἀγίας
1360 1077 1560 1148 Σοφιας
1589 1075 1770 1131 κανὼν
1807 1071 1877 1129 α’.

378 1261 476 1329 ος’.
507 1262 640 1316 Ὀτι
667 1261 729 1315 οὐ
753 1261 834 1315 δεῖ
870 1257 1171 1313 ἐπίσκοπον
1212 1255 1485 1327 επιπηδᾷν
1523 1255 1588 1326 τῇ
1630 1251 1705 1324 μὴ
1749 1251 1881 1305 ὑπο-

319 1356 528 1428 κειμένη
557 1353 713 1426 αὐτῷ
743 1350 1029 1425 παροικίᾳ,
1055 1348 1090 1423 ἢ
1119 1347 1418 1412 παντελῶς,
1441 1345 1474 1418 ἢ
1501 1345 1643 1399 κατά
1665 1344 1878 1415 καιρὸν,

319 1451 409 1504 κᾶν
435 1448 540 1501 ὑπὸ
566 1445 834 1500 πλειόνων
860 1442 1236 1512 ἀναγκάζηται
1259 1455 1274 1471 ·
1303 1441 1352 1492 εί
1382 1439 1456 1510 μή
1481 1454 1612 1491 ποτε
1638 1437 1702 1490 δι’
1727 1436 1880 1490 stilo-

318 1556 399 1607 γον
423 1537 603 1592 αἰτίαν
633 1550 651 1565 ⁸
681 1537 777 1590 καὶ
803 1533 976 1598 οὕτως
1009 1533 1108 1587 οὐκ
1148 1530 1244 1604 ἀφ’
1269 1529 1494 1599 ἑαυτοῦ,
1535 1529 1671 1584 ἀλλά
1700 1531 1879 1602 κρίσει

322 1628 510 1682 πολλῶν
540 1629 887 1690 ἐπισκόπων,
919 1626 1014 1678 καὶ
1043 1621 1138 1676 τοῦ
1161 1621 1303 1675 κατὰ
1326 1618 1514 1694 χώραν
1542 1619 1846 1692 ἀρχιερέως
1864 1635 1880 1654 ο

318 1722 424 1774 οὗτε
445 1721 502 1773 δὲ
531 1718 875 1790 χειροτονίαν
898 1716 1127 1787 ποιῆσαι
1145 1715 1205 1769 ιν
1230 1714 1420 1787 ἑτέρου
1446 1711 1713 1786 παροικίᾳ
1732 1712 1884 1784 παρὰ

320 1810 528 1884 γνώμην
556 1812 772 1866 αὐτοῦ·
814 1808 1004 1881 ιπειδὴ
1043 1807 1392 1898 ξιαθαιρεῖται
1426 1805 1524 1861 καὶ
1563 1805 1750 1875 αὐτὸς,
1788 1805 1884 1860 καὶ
1915 1790 1958 1846 Β

320 1903 399 1969 οὓς
429 1903 835 1975 ἐχειροτόνησε.

377 2001 492 2058 Τῶν
518 1981 702 2071 ἁγίων
733 2000 1050 2055 ἀποστόλων
1081 1995 1260 2052 κανὼν
1291 1993 1381 2064 ια’,
1403 1995 1477 2049 λδ¹
1507 1997 1605 2051 καὶ
1629 1992 1722 2050 λε’.

377 2094 602 2148 Συνόδου
630 2091 1264 2154 Κωνσταντινουπόλεως
1293 2085 1476 2144 κανὼν
1512 2086 1585 2158 γ’.

378 2184 604 2241 Συνόδου
645 2186 872 2256 Ἐφέσου
901 2182 1087 2238 κανὼν
1113 2187 1165 2237 ι’.

384 2277 611 2332 Συνόδου
648 2276 997 2348 Καλχηδόνος
1037 2272 1216 2329 κανὼν
1246 2270 1308 2329 ε’.

383 2370 601 2426 Συνόδου
645 2370 915 2442 Σαρδικῆς
937 2368 1118 2423 κανὼν
1147 2365 1217 2433 α’,
1242 2365 1287 2439 β’
1317 2369 1411 2423 καὶ
1438 2371 1512 2438 γ’.

383 2469 602 2526 Συνόδου
634 2465 997 2537 Καρθαγένης
1029 2462 1206 2517 κανὼν
1246 2465 1360 2533 μηῆ

387 2561 475 2627 οξ.
503 2562 640 2616 Ὅτι
665 2561 726 2614 οὑ
757 2559 840 2613 δεῖ
870 2557 1169 2611 ἐπίσκοπον
1193 2554 1464 2609 διδάσκειν
1495 2553 1554 2606 ὲν
1580 2551 1768 2625 ἑτέρου
1794 2551 1892 2605 πό-

331 2656 436 2710 λει·
476 2657 522 2709 εἰ
567 2654 633 2706 δὲ
684 2651 845 2705 τοῦτο
891 2647 1174 2720 φωραθείη
1211 2644 1402 2712 ποιῶν,
1435 2645 1736 2716 κατάγεται
1781 2641 1891 2697 ἀπὸ

333 2747 412 2802 τοῦ
431 2747 646 2819 βαθμοῦ
676 2745 776 2816 τῆς
813 2743 1116 2816 ἐπισκοπῆς
1145 2744 1226 2805 είς
1260 2740 1353 2794 τὸν
1387 2740 1482 2796 τοῦ
1517 2737 1892 2811 πρεσσυτέρου

337 2838 540 2911 βαθμόν.

393 2932 615 2987 Συνόδου
654 2930 920 3004 Σαρδικῆς
947 2925 1130 2984 κανὼν
1156 2923 1226 2980 ια’
1246 2926 1340 2978 καὶ
1366 2921 1454 2996 ιβ’.

401 3027 627 3085 Συνόδου
661 3024 717 3092 ς’
740 3023 920 3080 κανὼν
954 3020 1026 3076 κ’.

1981 535 2069 605 qui
2097 532 2612 601 excommunicavit,
2647 531 2865 588 obierit.

2054 623 2380 680 Sanctorum
2430 625 2800 694 apostolorum
2829 635 3007 678 canon
3056 620 3146 691 l2,
3199 620 3287 691 l3,
3329 619 3420 691 15,
3453 618 3549 692 16,

1982 716 2051 773 18
2084 725 2139 773 et
2171 715 2258 772 l9.
3226 735 3228 737 >

2054 807 2254 880 Synodi
2290 806 2763 879 Carthaginiensis
2793 821 2967 862 canon
2997 806 3066 862 54
3095 815 3150 861 et
3177 804 3266 862 90.

2058 901 2259 974 Synodi
2295 899 2362 956 Vl
2403 915 2577 956 canon
2609 893 2704 955 19.

2054 992 2257 1066 Synodl
2285 989 2376 1046 Vll
2405 1006 2578 1046 canon
2623 989 2711 1044 10.

2053 1086 2256 1159 Synudi
2293 1087 2345 1141 in
2387 1084 2588 1156 templo
2649 1083 2866 1148 Sanctae
2930 1081 3149 1155 Sophia:
3202 1081 3402 1139 habita
3459 1096 3555 1139 ca-

1983 1195 2089 1235 non
2128 1181 2181 1235 1.

2053 1272 2146 1329 76.
2181 1269 2300 1328 Non
2333 1279 2589 1342 oportere
2613 1270 2926 1340 episcopum
2960 1268 3256 1340 parmciam
3291 1268 3396 1324 sibi
3442 1282 3553 1325 non

1983 1364 2252 1422 subditam
2301 1374 2394 1419 aut
2443 1364 2666 1420 omnino
2701 1370 2793 1417 aut
2848 1377 2946 1432 pro
2999 1377 3242 1432 tempore
3279 1360 3558 1430 invadere,

1984 1456 2234 1530 quamvis
2267 1473 2296 1510 a
2334 1457 2578 1525 pluribus
2608 1465 2853 1526 c0gatur,
2881 1455 2984 1511 nisi
3017 1455 3159 1511 forte
3183 1461 3403 1525 propter
3435 1469 3560 1510 cau-

1984 1565 2100 1608 sam
2138 1550 2335 1606 rationi
2371 1559 2795 1605 consentaneam
2843 1565 2858 1603 :
2896 1548 3062 1620 idque
3111 1562 3219 1602 non
3253 1560 3353 1602 suo
3384 1547 3559 1616 ipsius

1987 1655 2162 1710 moui,
2186 1644 2280 1700 sed
2319 1643 2610 1697 multorum
2637 1642 3016 1713 episcoporum
3040 1649 3203 1711 atque
3231 1638 3401 1709 ipsius
3433 1653 3561 1709 pro-

1987 1735 2180 1792 vincia:
2226 1733 2623 1805 archiepiscopi
2673 1731 3129 1802 judiciomeque
3161 1744 3291 1785 vero
3337 1729 3562 1784 ordines

1985 1827 2237 1886 conferre
2263 1829 2316 1881 in
2351 1827 2453 1880 alia
2487 1825 2724 1896 paroacia
2758 1833 2952 1894 praeter
2984 1823 3155 1893 ipsius
3186 1835 3551 1879 consensum:

1985 1920 2219 1992 alioquin
2247 1923 2532 1994 deponitur
2559 1931 2671 1976 tum
2707 1924 2841 1989 ipse,
2875 1928 2989 1974 tum
3019 1918 3053 1972 ii
3089 1933 3226 1990 quos
3255 1915 3548 1973 ordinavit.

2059 2014 2383 2070 Sanctorum
2416 2013 2780 2086 apostolorum
2812 2027 2984 2068 canon
3016 2011 3105 2077 11,
3133 2010 3202 2066 51
3234 2019 3289 2067 et
3318 2009 3412 2066 '55.

2062 2107 2263 2180 Synodi
2290 2107 2901 2178 Constantinopolitanae
2931 2120 3104 2162 canon
3143 2105 3201 2161 5.

2060 2199 2264 2271 Synodi
2295 2199 2582 2270 Ephesinac
2613 2215 2787 2255 canon
2830 2200 2918 2254 10.

2061 2288 2267 2363 Synodi
2302 2289 2762 2347 Calcliedonensis
2797 2305 2972 2346 canon
3008 2291 3063 2346 5.

2064 2383 2270 2455 Synodi
2307 2383 2649 2439 Sardiccnsis
2681 2399 2857 2439 canon
2895 2384 2950 2451 1,
2974 2382 3010 2438 2
3037 2391 3090 2439 ct
3116 2383 3172 2439 ὅ.

2062 2477 2268 2538 Svnodi
2300 2476 2764 2547 Carthaginiensis
2809 2490 2982 2532 canon
3008 2475 3102 2532 48.

2062 2573 2154 2632 7⁸1.
2189 2572 2306 2628 Non
2345 2582 2596 2642 oportere
2623 2571 2935 2642 episcopum
2965 2571 3165 2627 docere
3197 2570 3250 2625 in
3276 2569 3450 2628 aliena
3474 2585 3568 2628 ltr-

1994 2670 2104 2724 be:
2140 2667 2184 2722 si
2213 2680 2344 2722 vero
2371 2665 2472 2719 hoc
2519 2664 2700 2719 facere
2736 2665 3112 2733 deprehensus
3147 2662 3336 2731 fuerit,
3383 2662 3567 2735 depri-

1995 2759 2166 2816 mitur
2198 2759 2266 2813 ab
2294 2757 2642 2828 episcopatus
2679 2755 2849 2825 gradu
2881 2754 2949 2810 ad
2985 2754 3288 2828 presbyteri
3317 2753 3565 2817 gradum.

2068 2942 2266 3015 Synodi
2301 2943 2644 2999 Sardicensis
2674 2958 2847 3000 canon
2881 2943 2940 3000 11
2979 2951 3034 3000 et
3079 2944 3170 3001 12.

2069 3036 2269 3106 Synodi
2304 3037 2370 3092 Vl
2400 3051 2578 3093 canon
2611 3035 2704 3093 20.

398 3123 485 3198 οη’.
510 3124 642 3181 Ὀτι
685 3119 745 3175 οὐ
777 3119 861 3173 δεῖ
890 3114 1189 3170 ἐπίσκοπον
1224 3111 1598 3182 άποκαρῆναι,
1628 3109 1724 3164 καὶ
1750 3105 1890 3165 εἶναι

2069 3105 2157 3188 78.
2199 3129 2315 3187 Non
2347 3142 2603 3202 oportere
2635 3131 2950 3201 episcopum
2983 3115 3280 3199 attonderi,
3313 3145 3376 3186 ac
3405 3131 3564 3188 dein-

344 3219 473 3283 aD'lt;
517 3222 574 3270 ὲν
604 3214 682 3286 τῷ
726 3210 1060 3280 ὲπισκοπείῳ
1083 3222 1098 3238 ·
1131 3205 1258 3261 οὔτε
1291 3206 1348 3259 δὲ
1380 3207 1743 3277 μοναστήριον
1761 3205 1895 3259 ῖδιον

340 3311 667 3381 οἰκοδομῆσαι
713 3307 779 3360 ἐκ
821 3304 931 3357 τῶν
969 3303 1064 3374 τῆς
1111 3303 1422 3372 ἐπισκοπῆς
1466 3298 1770 3372 προσοδίων
1803 3296 1897 3352 ἐπὶ

342 3404 622 3460 καταλύσει
659 3398 761 3470 τῆς
796 3396 1104 3466 ἐπισκοπῆς
1127 3409 1145 3428 ο
1187 3393 1379 3462 ἐπειδὴ
1415 3391 1678 3463 ἐπιτιμίῳ
1724 3388 1897 3446 mou-

349 3496 676 3551 ποῦἁλλεται.
1456 3506 1458 3508 '

420 3591 632 3645 Συνόδου
663 3591 716 3644 ιν
759 3587 841 3659 τῷ
885 3585 998 3658 ναῷ
1033 3583 1142 3639 τῶν
1178 3581 1389 3650 Ἀγίων
1433 3576 1776 3636 ’Δποστόλων
1797 3593 1900 3633 κα-

358 3684 454 3738 νὼν
474 3684 537 3748 ζ’.

410 3775 622 3831 Συνόδον
651 3775 710 3828 ιν
733 3770 815 3844 τῷ
845 3768 960 3843 ναῷ
988 3767 1084 3840 τῆς
1127 3766 1316 3838 ’Δγὶας
1340 3766 1543 3836 Σοφίας
1575 3761 1755 3818 κανὼν
1778 3758 1847 3835 β’.

398 3951 491 4010 οϐ’.
519 3953 647 4008 Ὀτι
677 3953 760 4005 δει
780 3946 850 4002 τά
867 3949 926 4000 ἐν
947 3945 1062 4007 τοῖς
1090 3941 1283 4012 ἀγροῖς
1331 3939 1428 3994 καὶ
1452 3941 1563 4001 τοῖς
1582 3933 1904 4006 ἀμπελῶσιν

339 4047 595 4119 εὐκτὴρια
614 4043 817 4099 ὡσανεὶ
841 4043 920 4105 είς
942 4040 1163 4112 μνήμην
1184 4034 1481 4107 μαρτύρων
1506 4028 1900 4099 καθιστάμενα,

337 4143 488 4198 παντὶ
515 4140 708 4213 τρόπῳ
739 4132 1219 4205 καταστρέφεσθαι
1248 4139 1268 4158 ⁶
1309 4130 1366 4183 ὲν
1388 4126 1446 4181 δὲ
1481 4126 1597 4189 τοῖς
1628 4123 1778 4177 ἔνδον
1810 4122 1903 4174 εὐ-

337 4235 574 4309 κτηρίοις
621 4229 870 4302 γίνεσθαι
909 4225 1010 4298 μὲν
1047 4221 1417 4293 λειτουργίας,
1470 4217 1611 4309 πλὴν

339 4303 616 4398 προτροπῇ
641 4322 735 4376 τοῦ
765 4319 908 4374 κατὰ
941 4316 1128 4389 χώραν
1161 4314 1464 4386 ἀρχιερέως
1488 4326 1504 4343 ο
1529 4303 1902 4398 βαπτίζεινδὲ

339 4422 386 4474 ἒν
411 4397 598 4480 αὐτοῖς
625 4415 727 4469 οὐκ
773 4412 1000 4480 ἔξεστιν,
1051 4407 1188 4464 ἀλλά
1221 4406 1420 4479 μᾶλλον
1449 4405 1508 4458 εν
1535 4403 1655 4465 ταῖς
1683 4397 1903 4454 καθολι-

1998 3238 2129 3293 ceps
2161 3225 2210 3276 in
2243 3223 2556 3292 episcopatu
2603 3236 2887 3276 remanere
2937 3239 2951 3277 :
2998 3235 3174 3292 neque
3218 3237 3344 3277 vero
3377 3237 3571 3278 mona-

1997 3317 2224 3371 sterium
2270 3316 2527 3386 privatim
2576 3325 2863 3370 exstruere
2891 3329 2958 3368 ex
2999 3313 3345 3383 episcopatus
3379 3313 3570 3369 rediti-

1998 3410 2120 3476 bus,
2147 3411 2213 3466 ad
2239 3410 2409 3479 ipsius
2442 3409 2788 3478 episc0patus
2815 3406 3277 3464 destructionem:
3310 3407 3565 3480 alioquin,

1999 3518 2172 3576 pmna:
2202 3501 2508 3571 subjicitur.

2073 3596 2272 3670 Synodi
2318 3596 2372 3648 in
2425 3593 2625 3665 templo
2659 3592 2978 3648 Sanctorum
3003 3589 3383 3663 Apostolorum
3422 3591 3564 3647 cele-

2000 3691 2177 3756 bratae
2200 3703 2372 3745 canon
2403 3687 2458 3743 7.
3580 3733 3588 3740 ι

2077 3782 2278 3854 Synodi
2331 3782 2382 3835 in
2430 3778 2630 3850 templo
2661 3776 2875 3833 Sanctae
2907 3776 3122 3848 Sophia:
3152 3777 3438 3834 celebratae
3481 3791 3575 3832 ca-

2003 3890 2108 3930 non
2142 3874 2176 3927 2
2325 3866 2327 3869 ’

2074 3967 2159 4023 79.
2200 3964 2451 4028 Oratoria
2487 3963 2540 4018 in
2588 3961 2733 4033 agris
2766 3970 2818 4015 et
2851 3960 3022 4016 vineis
3055 3971 3314 4030 tanquam
3351 3960 3423 4013 in
3454 3973 3573 4015 me-

2005 4061 2232 4113 moriam
2273 4067 2571 4129 martyrum
2600 4063 2873 4109 exstructa
2908 4066 3231 4123 quocunque
3263 4050 3422 4106 modo
3450 4063 3575 4105 esse

2005 4151 2368 4216 destruenda;
2425 4150 2478 4204 in
2540 4147 2900 4204 interioribus
2934 4160 3063 4200 vero
3113 4143 3372 4200 oratoriis
3418 4157 3576 4197 sacra

2007 4245 2186 4299 missae
2231 4240 2405 4297 oﬂicia
2439 4254 2562 4296 esse
2593 4237 2936 4304 celebranda,
2971 4251 3156 4292 verum
3185 4251 3308 4292 cum
3337 4233 3576 4306 regionis

2003 4335 2243 4408 episcopi
2290 4333 2680 4404 permissione;
2719 4329 2999 4401 baptizare
3043 4345 3172 4386 vero
3227 4328 3278 4380 in
3329 4327 3436 4382 illis
3463 4341 3571 4380 non

2008 4429 2154 4496 licet,
2210 4427 2305 4482 sed
2349 4427 2529 4496 potius
2581 4425 2634 4480 in
2688 4423 2942 4480 Ecclesiis
2995 4418 3414 4476 universalibus.
3468 4417 3573 4484 Qui

343 4514 449 4577 ιαῑς
505 4506 887 4580 Ἑκκλησίαις.
908 4504 967 4559 '0
997 4503 1054 4556 δὲ
1084 4499 1238 4570 παρά
1279 4498 1452 4554 ταῦτα
1495 4496 1684 4563 ποιῶν,
1727 4493 1823 4550 καὶ
1855 4491 1898 4546 ol

2010 4529 2190 4575 autem
2220 4527 2407 4573 contra
2460 4517 2572 4572 hac
2610 4515 2738 4571 facit
2781 4523 2834 4570 et
2876 4514 2967 4583 qui
3018 4526 3140 4566 cum
3171 4525 3237 4567 eo
3267 4508 3575 4565 communi-

343 4603 718 4662 κοινωνοῦντες
751 4596 902 4669 αὒτῷ
941 4594 1143 4661 λαϊκοὶ,
1166 4589 1536 4664 ἀφορίζονται.

395 4696 629 4754 Συνόδου
659 4690 1021 4764 Καρθαγὲνης
1051 4684 1235 4741 κανὼν
1267 4680 1380 4754 πγ’.

398 4789 630 4846 Συνόδου
654 4792 706 4855 ς’
737 4782 919 4839 κανὼν
938 4780 1022 4836 λα’
1043 4780 1136 4836 καὶ
1159 4778 1259 4835 νϐ’.

403 4888 512 4942 Καὶ
555 4881 777 4937 συνόδου
806 4883 861 4934 εν
903 4877 979 4948 τῷ
1016 4875 1130 4948 ναῷ
1178 4873 1287 4928 τῶν
1326 4869 1524 4942 ’Δγίων
1565 4867 1906 4925 Ἀποστόλων

338 4981 512 5035 κανὼν
540 4977 631 5048 ιβ’.

405 5073 478 5130 π’.
528 5073 654 5125 Ὅτι
677 5069 738 5123 οὐ
762 5067 840 5120 δεῖ
878 5065 1129 5120 ἀπαιτεῖν
1155 5060 1281 5124 τοὺς
1320 5058 1596 5129 ἀρχιερεῖς
1637 5055 1744 5110 ἀπδ
1796 5051 1907 5111 τῶν

340 5169 425 5224 ὑπ’
463 5168 664 5229 αὐτοὺς
707 5164 878 5219 ὄντων
922 5157 1200 5231 κληρικῶν
1246 5153 1471 5226 χρυσίον
1502 5153 1537 5224 ἦ
1568 5149 1840 5223 ἀργύριον
1870 5147 1906 5220 ἢ

344 5259 476 5326 εἶδός
503 5278 580 5323 τι,
603 5255 700 5311 καὶ
738 5255 828 5308 διά
882 5249 1056 5306 ταῦτα
1101 5247 1384 5319 ἀφορίζειν
1442 5243 1595 5310 τινὰ,
1634 5242 1669 5316 ἢ
1705 5240 1907 5297 κλείειν

343 5353 476 5408 Θεοῦ
507 5352 634 5406 ναόν
659 5366 676 5381 ο
724 5347 912 5419 ἐπειδὴ
954 5340 1346 5414 ταυτοπαθείᾳ,
1391 5337 1671 5394 τουτέστιν
1714 5337 1909 5408 ἀφορι-

346 5445 487 5518 σμῷ,
513 5440 833 5499 ὑποπίπτει.

407 5529 634 5594 Συνόδου
661 5533 703 5602 ζ’
738 5533 917 5590 κανὼν
941 5531 1004 5586 δ’.

416 5635 528 5688 Καὶ
555 5632 780 5704 νομικὸν
807 5626 1102 5698 κεφάλαιον
1131 5623 1232 5678 λθν.

417 5726 529 5784 ora}.
564 5727 691 5782 Ὅτι
740 5722 800 5777 οὐ
847 5721 928 5776 δεῖ
969 5715 1395 5792 μητροπολίτην,
1444 5712 1480 5786 ἢ
1526 5708 1905 5781 ἑπίσκοπον,ἢ

351 5824 740 5899 πρεσϐύτερον,
767 5817 802 5889 ἢ
826 5811 1090 5890 κληρικδν
1114 5811 1481 5883 καταφρονεῖν
1505 5805 1615 5864 τῶν
1641 5803 1786 5862 ίδίων
1809 5806 1908 5878 ἁρ-

2009 4619 2134 4666 cant
2158 4608 2280 4663 laici
2313 4615 2693 4679 segregantur.

2082 4699 2284 4773 Synodi
2315 4696 2777 4766 Carthaginiensis
2809 4709 2978 4753 canon
3006 4693 3097 4749 85.

2079 4791 2283 4862 Synodi
2312 4787 2377 4845 Vl
2405 4804 2576 4844 canon
2605 4788 2667 4843 51
2697 4796 2750 4839 et
2785 4785 2873 4841 59.

2081 4882 2288 4957 Synodi
2325 4883 2378 4937 in
2413 4881 2611 4953 templo
2635 4881 2959 4937 Sanctorum
3014 4873 3391 4948 Apostolorum
3433 4871 3577 4928 cele-

2007 4974 2179 5030 bratae
2220 4989 2401 5028 canon
2436 4972 2524 5027 l2.

2079 5066 2170 5122 80.
2213 5065 2468 5120 Prmlatos
2499 5079 2604 5118 non
2649 5061 2848 5117 debere
2878 5076 2906 5116 a
2954 5059 3172 5116 clericis
3201 5057 3305 5115 sibi
3345 5055 3578 5112 subditis

2007 5174 2202 5215 aurum
2259 5167 2354 5212 aut
2403 5161 2682 5224 argentum
2734 5163 2829 5206 aut
2880 5152 3118 5223 aliquam
3171 5150 3407 5221 speciem
3456 5145 3579 5201 exi-

2009 5266 2156 5320 gere,
2188 5265 2255 5305 ac
2287 5257 2572 5321 propterea
2613 5261 2935 5318 quemquam
2967 5244 3458 5307 excommunicare,
3485 5250 3579 5295 aut

2008 5341 2102 5398 Dci
2135 5341 2332 5413 templo
2356 5339 2656 5395 excludere
2710 5356 2725 5395 :
2766 5339 3006 5408 alioquin
3043 5338 3214 5393 eidem
3250 5350 3442 5405 paenae,
3477 5335 3578 5390 boc

2009 5444 2095 5491 est
2118 5431 2688 5498 excommunicationi,
2725 5430 2990 5501 sulijacet.

2084 5525 2286 5599 Synodi
2317 5522 2404 5580 Vll
2432 5539 2606 5580 canon
2636 5525 2694 5580 4.

2080 5619 2150 5675 Ει
2176 5619 2307 5688 legis
2335 5630 2498 5689 caput
2525 5618 2620 5675 39.

2082 5712 2173 5770 81.
2194 5713 2306 5768 Non
2325 5722 2572 5787 oportere
2596 5710 3095 5779 metropolitanum,
3118 5718 3208 5764 aut
3227 5707 3571 5778 episcopum,

2008 5814 2104 5864 aut
2134 5807 2538 5881 presbyterum,
2585 5815 2679 5861 aut
2723 5804 2979 5860 clericum
3005 5817 3135 5858 suos
3157 5802 3405 5873 praelatos
3441 5814 3574 5854 con-
