3968 6234
438 294 510 357 35
1716 288 2037 350 ARSENH
2078 287 2434 350 MONACIII
3631 292 3709 354 36

439 413 661 484 tempto;
691 411 909 479 haltere,
932 420 1094 482 atque
1122 409 1186 484 ad
1227 423 1384 466 sacra
1419 408 1706 475 missarum
1735 405 1914 459 ollicia
1939 418 2026 459 eo-

2149 410 2381 477 μερέων,
2428 405 2523 460 καὶ
2563 406 2640 477 μὴ
2681 405 2957 477 εἰσφέρειν
3002 404 3073 460 τὰ
3121 406 3330 462 τούτων
3365 405 3607 478 ὀνόματα
3646 408 3709 460 ἐν

439 523 559 560 rum
591 506 807 560 nmnina
837 501 1239 559 non'adhibcre
1283 519 1297 556 :
1333 500 1680 558 aot'scorsim
1720 508 2016 552 conventus

447 598 649 654 habere
683 607 901 667 propter
930 596 1290 665 suspicionem
1329 593 1467 646 forte
1499 591 1722 660 alienjus
1750 589 2015 651 criminis,

441 701 565 745 ante
586 688 773 757 synodi
798 687 1157 756 cognitionem
1187 701 1200 738 :
1225 694 1315 736 aut
1335 683 1403 736 ab
1422 696 1606 735 eorum
1636 680 2021 734 communione

440 796 560 835 sese
579 781 912 843 abscindere,
939 779 1018 831 vcl
1041 777 1294 847 populum
1319 775 1497 828 furtim
1519 774 1582 826 ad
1603 787 1660 826 se
1680 771 2015 840 pertrahere.

440 871 539 936 Qui
555 873 704 927 eniin
724 873 793 926 ita
813 872 1037 934 faciunt,
1056 870 1272 941 tyranni
1296 877 1440 929 sunt,
1467 874 1624 936 atque
1642 866 1840 919 idcirco
1854 864 2016 933 gradu

441 965 789 1035 (injiciuntur,
827 963 1268 1031 anathlllalitllle
1327 959 1725 1026 subjiciuntur,
1769 969 1822 1010 et
1863 964 2020 1026 quot-

441 1066 567 1123 quot
606 1069 728 1108 cum
786 1054 915 1123 ipsis
950 1053 1352 1126 communicant
1383 1068 1396 1105 ι
1432 1051 1566 1104 citra
1599 1048 1856 1101 nimirum
1904 1060 2018 1098 ma-

443 1146 693 1202 nifestam
723 1145 970 1200 haeresim
1006 1161 1125 1216 qum
1159 1145 1225 1198 ab
1261 1144 1393 1213 ipsis
1441 1143 1615 1206 palam
1660 1137 2009 1209 pt‘mdicetur.

513 1239 836 1294 Sanctorum
869 1239 1233 1306 apostolorum
1263 1251 1438 1290 canon
1475 1234 1506 1289 8
1541 1241 1596 1288 et
1625 1232 1719 1286 51.

515 1333 718 1404 Synodi
751 1332 1085 1403 Gaugrensis
1123 1346 1298 1398 estnon
1329 1332 1381 1383 6.

516 1425 716 1495 Synodi
748 1424 1099 1478 Antiocheam
1134 1437 1310 1478 canon
1342 1420 1396 1474 5.

516 1519 718 1588 Synodi
767 1517 1236 1588 Carthaginiensis
1293 1529 1464 1568 canon
1526 1511 1639 1579 10,
1672 1511 1759 1576 il,
1804 1512 1894 1577 55,
1952 1511 2022 1569 98

447 1626 499 1669 et
548 1614 671 1670 105.

455 1771 462 1778 η
523 1707 723 1779 Synudi
783 1706 835 1760 in
876 1704 1089 1774 templo
1127 1703 1451 1758 Sanctorum
1492 1701 1870 1771 Apostolorum
1922 1700 2018 1754 lia-

447 1800 593 1864 hitai,
626 1814 800 1853 canon
840 1798 926 1862 15,
961 1797 1025 1852 14
1062 1808 1116 1851 ct
1150 1795 1233 1850 l5.

520 1913 610 1966 82.
651 1909 764 1965 Non
798 1920 1052 1979 Oporterc
1102 1922 1426 1978 quemquam
1468 1907 1784 1968 verberare,
1829 1913 1918 1958 aut
1971 1905 2024 1959 in

451 2023 725 2061 c.~.rcerem
759 2006 1051 2075 conjicere,
1084 2011 1177 2056 aut
1209 2001 1536 2056 contumelia
1570 1998 1784 2054 allicere
1815 2000 2030 2068 episco-

454 2116 601 2166 pum,
638 2111 729 2151 aut
767 2099 1161 2168 presbyterum,
1194 2104 1286 2147 aut
1336 2091 1648 2156 diaconum,
1674 2103 1768 2145 aut
1798 2093 2028 2160 impera-

455 2202 648 2252 torem,
694 2196 788 2241 aut
820 2187 1214 2256 magistratum,
1264 2193 1518 2250 tanquam
1574 2180 1802 2233 coullcta
1851 2179 2029 2246 aliqua

453 2285 644 2335 horum
675 2296 858 2342 cauSa,
895 2282 972 2332 vel
1020 2280 1143 2330 dum
1179 2291 1396 2330 sacrum
1449 2271 1680 2328 oﬂicium
1736 2271 2027 2341 peragitur,

453 2373 749 2431 Ecclesium
784 2375 1019 2425 turbare.
1043 2369 1302 2435 Quienim
1329 2369 1439 2421 lucc
1476 2365 1700 2429 faciunt,
1729 2364 1773 2418 si
1813 2362 2044 2430 quidem‘

452 2467 622 2519 sacris
670 2465 931 2528 serviant,
966 2462 1136 2530 gradu
1192 2460 1549 2514 deturbantur
1591 2457 1680 2510 :si
1725 2469 1853 2508 vero
1886 2453 2029 2520 laici,

452 2568 829 2628 segregantur,
866 2557 1207 2610 anathemate
1231 2552 1519 2618 feriuntur,
1563 2551 1883 2616 multantur,
1917 2558 2031 2605 tor-

455 2659 708 2718 quetttur,
744 2659 835 2700 aut
868 2648 1029 2701 etiam
1056 2646 1232 2715 capite
1261 2646 1590 2716 plectuntur.

533 2739 853 2792 Sanctorum
889 2735 1255 2805 apostolorum
1291 2749 1465 2789 canon
1495 2733 1585 2801 55,
1619 2731 1688 2788 56
1718 2743 1771 2788 et
1805 2731 1895 2788 84.

528 2832 728 2903 Synodi
781 2830 834 2883 in
888 2829 1087 2900 templo
1125 2829 1340 2884 Sancta:
1371 2827 1592 2898 Saphize
1621 2827 1907 2884 celebrata:
1940 2840 2031 2882 ca-

458 2940 564 2982 non
598 2925 651 2979 5.

531 3017 689 3088 Legis
719 3028 880 3086 caput
915 3017 985 3072 54
1019 3025 1074 3070 et
1105 3013 1191 3070 78.

526 3109 617 3166 83.
649 3108 764 3178 Non
807 3121 1056 3179 Oportere
1089 3123 1412 3178 quemquam
1459 3107 1598 3164 sacri
1649 3105 1856 3162 ordinis
1900 3121 2024 3161 ver-

461 3203 652 3260 bcrare
684 3203 1056 3271 delinquentes
1087 3199 1298 3266 ﬁdeles,
1350 3209 1445 3255 aut
1482 3199 1725 3256 inﬁdeles
1781 3199 2031 3269 injuriam

459 3295 782 3360 inferentes,
819 3311 992 3366 neque
1022 3311 1114 3365 per
1149 3309 1229 3362 se,
1256 3308 1428 3364 neque
1458 3308 1556 3364 per
1584 3293 1719 3350 alios
1748 3307 1764 3346 :
1793 3292 2031 3362 alioquin

457 3390 822 3457 deponuntur.

530 3480 850 3535 Sanctorum
886 3477 1256 3547 apostolorum
1289 3492 1466 3533 canon
1498 3477 1590 3532 27.

532 3570 734 3642 Synodi
773 3575 823 3624 in
879 3571 1077 3639 templo
1107 3569 1433 3624 Sanctorum
1477 3568 1856 3642 Apostolorum
1887 3566 2033 3624 cele-

456 3667 622 3720 brata:
653 3680 823 3721 canon
854 3665 907 3720 9.

530 3755 688 3823 chis
721 3767 884 3822 caput
925 3753 1015 3809 40.

534 3848 624 3902 84.
655 3847 884 3918 OpOrtet
930 3862 1054 3902 eum
1087 3848 1176 3916 qni
1216 3846 1456 3900 rationes
1507 3844 1720 3916 recipit,
1772 3847 1875 3900 hoc
1918 3848 2034 3917 epi-

460 3944 611 4014 scopi
646 3942 884 4014 regionis
909 3942 1116 4010 judicio
1147 3941 1326 3995 facere
1355 3959 1370 3997 :
1405 3942 1608 3996 habere
1634 3955 1764 3997 vero
1794 3948 2035 4011 potesta-

463 4048 608 4101 tem,
643 4035 796 4107 juxta
859 4036 1169 4091 accedentis
1218 4036 1634 4104 paenitentiam,
1683 4049 1857 4105 pinnae
1910 4051 2032 4090 cum

461 4128 791 4183 discretione
845 4127 1171 4198 irrogandae,
1221 4129 1335 4181 sive
1385 4128 1646 4190 severius,
1697 4129 1810 4182 sive
1839 4127 2034 4182 huma-

458 4220 604 4286 nius,
644 4221 1154 4286 siveiuoderatius,
1191 4235 1289 4290 pro
1317 4222 1636 4274 delictorum
1666 4236 1786 4288 quae
1816 4221 2038 4276 admisit

458 4313 716 4381 qualitate
745 4323 798 4367 et
829 4315 1158 4383 quantitate,
1210 4324 1264 4368 et
1303 4312 1447 4383 quod
1478 4328 1506 4367 a
1535 4314 1797 4369 decennio
1837 4313 2033 4374 delicta

452 4399 768 4470 judicantur
798 4418 813 4456 :
853 4403 980 4456 item
1017 4417 1047 4456 a
1079 4413 1299 4472 peccato
1335 4418 1393 4458 se
1425 4411 1827 4458 convertentem
1861 4404 2033 4468 susci-

2121 502 2241 562 ταῖς
2272 501 2439 569 ἱεραῖς
2467 499 2834 570 λειτουργίαις
2864 515 2875 526 ⁸
2908 498 2939 570 ἦ
2977 497 3152 570 χωρία
3182 499 3435 570 συνάγειν
3476 500 3542 554 δι’
3570 501 3707 554 ὑπό·

2120 609 2269 651 νοιαν
2299 596 2428 656 ἴσως
2460 595 2602 656 τινὸς
2627 595 2797 663 ἐγκλή
2809 610 2998 663 ματος,
3018 593 3125 663 πρὸ
3149 595 3434 664 συνοδικῆς
3468 594 3712 664 διαγνώ-

2124 702 2259 746 cam;
2299 703 2309 714 ·
2357 687 2388 756 ἦ
2465 686 2864 755 ἀποσχίζεσθαι
2923 685 3020 754 τῆς
3074 688 3364 751 κοινωνίας
3402 688 3578 741 αὐτῶν
3609 705 3622 718 ·
3672 688 3709 759 ἢ

2129 777 2255 830 λαὸν
2282 778 2651 848 ὑφαρπάζειν.
2686 774 2747 830 Οἱ
2781 778 2889 847 γαρ
2929 776 3072 831 οὕτω
3105 778 3390 840 ποιοῦντες
3438 778 3714 848 τύραννοί

2123 879 2232 928 εἰσι
2264 891 2278 905 ο
2317 876 2413 929 ναὶ
2451 875 2535 928 διὰ
2574 874 2734 928 τοῦτο
2780 873 3194 944 καθαιροῦνται,
3229 876 3335 928 ,καὶ
3378 870 3710 947 ἀναθεματί-

2121 964 2327 1030 ζονται,
2361 966 2449 1018 καὶ
2478 964 2593 1018 ὅσοι
2621 965 2685 1017 ἂν
2713 966 2890 1028 αὐτοῖς
2925 965 3186 1018 κοινωνοῦ
3203 982 3275 1018 τι·
3308 971 3477 1040 χωρὶς
3517 969 3680 1038 δηλον
3701 1000 3713 1008 -

2122 1057 2206 1109 ότι
2245 1056 2556 1127 προφανοῦς
2622 1052 2890 1128 αἱρέσεως
2947 1059 3361 1130 κηρυττομένης
3403 1062 3716 1132 ἀναφανδὸν

2125 1150 2217 1203 ὑπ’
2251 1150 2451 1203 αὐτῶν.

2191 1243 2312 1297 Τῶν
2348 1245 2518 1308 ἁγίων
2552 1243 2870 1296 ἀποστόλων
2898 1242 3080 1296 κανὼν
3112 1242 3160 1311 η’
3190 1250 3284 1298 καὶ
3315 1245 3397 1299 λα’

2196 1339 2426 1390 Συνόδου
2468 1337 2731 1408 ιἀγγρῶν
2763 1342 2943 1391 κανὼν
2987 1346 3062 1403 ς’.

2135 1450 2138 1452 τ
2196 1430 2422 1482 Συνόδου
2470 1430 2803 1500 ’Λντιοχείας
2829 1432 3007 1484 κανὼν
3036 1430 3097 1487 ε’.

2196 1523 2423 1576 Συνόδου
2465 1523 2825 1594 Καρθαγένης
2876 1525 3054 1578 κανὼν
3093 1525 3144 1594 ι’,
3200 1524 3289 1595 ια’,
3331 1533 3430 1596 νγ’,
3484 1526 3572 1600 ίιη’
3615 1530 3717 1584 καὶ

2128 1616 2224 1689 ρξ’.

2199 1712 2426 1791 Συνάδσυ
2461 1707 2517 1765 ὲν
2552 1713 2626 1782 τῷ
2652 1711 2764 1785 ναῷ
2789 1713 2896 1764 τῶν
2925 1712 3126 1780 Ἀγίων
3155 1715 3491 1772 Ἀποστόλων
3526 1715 3712 1772 κανὼν

2131 1813 2219 1876 ιγ’,
2250 1805 2308 1859 ιδ’
2345 1809 2435 1859 καὶ
2479 1812 2560 1862 ιε’.

2197 1896 2310 1968 πβ’.
2367 1900 2489 1951 Ὅτι
2547 1899 2608 1952 οὑ
2663 1899 2742 1952 δεῖ
2786 1916 2910 1954 τινα
2947 1900 3156 1971 τύψαι,
3207 1901 3624 1974 ’ἢφυλακίσαῃ
3673 1902 3707 1974 ἢ

2131 1991 2720 2064 ὑϐρίσαιὲπίσκοπον,
2756 1994 2787 2066 ἢ
2833 1995 3232 2067 πρεσϐύτερον,
3272 1996 3304 2068 ἢ
3349 1997 3628 2070 διάκονον,
3672 1997 3708 2068 ἦ

2132 2083 2380 2154 βασιλέα,
2413 2086 2443 2155 ἦ
2478 2084 2740 2156 ἄρχοντα,
2771 2086 2844 2148 ὡς
2883 2086 3349 2158 συμπλασὰμενον
3379 2089 3559 2142 αἰτίαν
3587 2079 3714 2143 τινα

2128 2178 2355 2239 τούτων,
2408 2181 2439 2250 ἢ
2479 2181 2753 2247 συνάξεως
2787 2181 3217 2253 ἐπιτελουμένης
3246 2182 3347 2254 τὴν
3384 2183 3718 2253 Ἐκκλησίαν

2130 2275 2362 2345 ταράξαι
2389 2289 2402 2302 ⁸
2444 2276 2493 2327 oi
2526 2275 2633 2344 γὰρ
2666 2275 2841 2329 ταῦτα
2873 2276 3176 2343 ποιοῦντες,
3206 2279 3253 2329 εί
3292 2276 3390 2348 μὲν
3427 2277 3719 2350 ίερωμένοι

2131 2367 2260 2430 eici,
2302 2366 2696 2437 καθαιροῦνται
2731 2384 2743 2398 ·
2787 2368 2921 2420 εἰδὲ
2955 2367 3154 2432 λαῖκοὶ,
3209 2370 3722 2441 ἀφορίζονται,’καὶ

2133 2457 2651 2528 ἀναθεματίζονται,
2688 2457 2781 2511 καὶ
2807 2456 3153 2528 ζημιοῦνται,
3179 2460 3274 2514 καὶ
3304 2459 3719 2532 βασανίζονται,

2133 2547 2167 2618 ἦ
2195 2547 2286 2600 καὶ
2308 2548 2620 2617 κεφαλικῶς
2646 2549 3043 2620 τιμωροῦνται.

2135 2752 2137 2754 -
2207 2723 2327 2777 Τῶν
2366 2724 2538 2794 ἁγίων
2589 2726 2905 2780 ἀποστόλων
2932 2721 3118 2782 κανὼν
3156 2735 3250 2795 ve’,
3279 2729 3366 2796 νς¹
3398 2732 3492 2785 καὶ
3525 2731 3633 2784 πδ’.

2207 2817 2434 2873 Συνόδου
2470 2821 2526 2872 ὲν
2566 2819 2643 2892 τῷ
2674 2819 2787 2891 ναῷ
2812 2822 2909 2890 τῆς
2951 2820 3137 2891 Ἀγίας
3185 2823 3384 2891 Σοφίας
3433 2824 3614 2880 κανὼν
3644 2823 3722 2895 Υ.

2209 3007 2318 3060 Καὶ
2349 3004 2575 3077 νομικὸν
2606 3007 2905 3076 κεφάλαιον
2930 3004 3004 3061 λδ¹
3031 3007 3125 3062 καὶ
3159 3007 3251 3065 οδθ.

2208 3099 2321 3168 πγ’.
2358 3100 2479 3152 Ὅτι
2510 3101 2570 3154 οὐ
2603 3101 2681 3153 δεῖ
2722 3119 2844 3154 τινα
2893 3101 3002 3155 τῶν
3041 3101 3140 3172 τῆς
3183 3101 3469 3172 ἱερατικῆς
3502 3102 3720 3169 τάξεως

2135 3190 2360 3244 τῦπτειν
2409 3192 2859 3262 ἁμαρτήσαντας,
2889 3193 3133 3258 πιστοὺς,
3168 3191 3201 3263 ἢ
3237 3193 3499 3257 ἀπίστους
3526 3194 3732 3264 ἀδικήει

2138 3304 2357 3352 σαντας,
2404 3285 2525 3340 οὔτε
2569 3286 2644 3344 δι’,
2691 3286 2920 3351 ἑαυτῶν,
2947 3285 3071 3340 οὔτε
3113 3286 3181 3341 δι’
3237 3288 3477 3364 ἑτέρωνο
3527 3288 3716 3362 ἐπειδὴ

2138 3380 2562 3450 καθαιροῦνται.

2208 3471 2330 3525 Τῶν
2356 3471 2526 3539 ἁγίων
2553 3471 2866 3526 ἀποστόλων
2896 3471 3076 3526 κανὼν
3108 3469 3210 3536 κζ’.

2207 3564 2435 3619 Συνόδου
2467 3567 2524 3618 ὲν
2559 3567 2636 3637 τῷ
2680 3565 2794 3638 ναῷ
2834 3566 2945 3619 τῶν
2989 3567 3184 3636 ’Δγίων
3221 3567 3561 3622 Ἀποστόλων
3610 3585 3720 3623 κα-

2137 3654 2243 3712 νὼν
2265 3654 2330 3712 θ’.

2209 3755 2320 3810 Καὶ
2346 3757 2569 3826 νομικὸν
2596 3757 2892 3825 κεφάλαιον
2924 3755 3001 3828 μ’.

2211 3847 2316 3904 πδ’.
2367 3849 2490 3905 Ὀτι
2520 3848 2602 3903 δεῖ
2638 3851 2726 3902 τδν
2759 3850 3158 3921 ἀναδεχόμενον
3192 3852 3491 3923 λογισμοὺς
3531 3850 3721 3921 κρίσει

2136 3940 2230 3995 τοῦ
2273 3941 2415 3997 κατὰ
2464 3941 2649 4015 χώραν
2674 3943 2974 3998 ἐπισκόπου
2997 3945 3155 3998 τοῦτο
3202 3947 3377 3999 ποιεῖν
3409 3962 3427 3980 ο
3474 3946 3631 4016 ἔχειν·
3659 3945 3722 4001 δὲ

2137 4031 2388 4098 ἐξουσίαν
2417 4035 2552 4104 πρὸς
2583 4034 2683 4106 τὴν
2729 4035 3022 4105 μετάνοιαν
3048 4032 3144 4089 τοῦ
3185 4037 3630 4108 προσερχομένου
3654 4038 3720 4089 ἐν

2136 4125 2410 4198 διακρίσει
2443 4127 2784 4199 κυϐερνῆσαι
2816 4130 2884 4180 τὰ
2931 4127 3350 4201 ἑπιτιμώμενα,
3371 4131 3480 4183 εἴτε
3512 4131 3722 4182 ἁποτο-

2141 4215 2409 4289 μὼτερον,
2435 4221 2544 4274 εἴτε
2579 4219 3122 4293 φιλανθρωπότερον,
3159 4222 3255 4274 καὶ
3293 4210 3664 4293 μετριώτερον
3702 4235 3716 4250 ·

2136 4309 2240 4366 κᾶν
2275 4311 2492 4377 ὁποίας,
2521 4313 2613 4366 καὶ
2642 4313 2772 4378 ὅσας
2797 4313 3130 4386 διεπράξατο
3163 4313 3440 4385 ἁμαρτίας
3463 4329 3478 4342 ⁸
3514 4315 3604 4366 καὶ
3630 4314 3715 4368 ὅτι

2137 4404 2245 4458 ἀπὸ
2268 4403 2635 4468 δωδεκαετοῦς
2655 4407 2940 4476 κρίνονται
2977 4405 3047 4459 τὰ
3071 4406 3478 4478 ἁμαρτήματα·
3510 4406 3606 4458 καὶ
3633 4409 3717 4461 ὄντι

459 4493 711 4562 piendum
750 4508 892 4551 esse.
928 4493 1029 4562 Qui
1061 4494 1204 4550 enim
1257 4495 1416 4550 talem
1451 4509 1556 4550 non
1605 4495 1830 4567 recipit,
1864 4497 2026 4566 gradu

2149 4497 2231 4551 τὸν
2266 4498 2667 4569 ἐπιστρέφοντα
2695 4499 2801 4553 ἀπὸ
2845 4501 3122 4581 ἁμαρτίας
3151 4500 3546 4571 προσδέχεσθαι
3583 4488 3719 4573 χρή.

459 4586 730 4656 dejicitur.

526 4680 848 4738 Sanctorum
885 4681 1253 4752 apostolorum
1285 4693 1458 4736 canon
1493 4680 1581 4735 52.

531 4772 731 4843 Synodi
765 4771 996 4828 Nicena:
1025 4787 1199 4829 canon
1231 4773 1316 4828 12.

530 4863 731 4934 Synodi
766 4861 1220 4919 Neocmsariensis
1250 4877 1424 4918 canon
1459 4864 1511 4918 5.

525 4958 723 5026 Synodi
757 4955 1088 5026 Gangreusis
1118 4973 1292 5013 canon
1324 4959 1417 5012 21.

531 5049 733 5121 Synodi
763 5047 1079 5104 Laodiceuze
1107 5064 1279 5103 canon
1314 5049 1370 5104 2.

534 5141 736 5211 Synodi
775 5141 1244 5212 Carthaginiensis
1278 5158 1451 5198 canon
1481 5142 1538 5211 6,
1569 5141 1623 5208 7,
1652 5141 1722 5197 45
1749 5149 1804 5198 et
1828 5140 1921 5197 ‘5.

533 5237 737 5310 Synodi
769 5236 834 5292 Vl
867 5252 1037 5292 canon
1074 5237 1198 5290 107.

533 5332 718 5384 Sancti
755 5329 940 5384 Basilii
974 5345 1146 5383 canon
1178 5330 1234 5394 5,
1267 5329 1358 5395 54,
1392 5329 1461 5384 74
1496 5341 1546 5386 et
1576 5330 1665 5385 84.

531 5423 712 5479 Sancti
744 5423 991 5495 Gregorii
1017 5421 1245 5495 Nysseni
1287 5423 1569 5490 Prologus.

536 5517 724 5573 Sancti
756 5517 1028 5572 Timothei
1057 5517 1284 5586 apostoli
1314 5531 1486 5572 canon
1523 5516 1609 5571 18.

481 5639 483 5641 ί
527 5614 617 5670 85.
645 5611 762 5667 Non
793 5622 1044 5682 Oportere
1078 5615 1283 5680 absque
1326 5610 1670 5682 imperatoris
1695 5609 1848 5681 jussu
1874 5652 1889 5678 ,
1935 5618 2030 5664 aut

459 5710 752 5776 sententia,
779 5718 837 5763 et
871 5707 1068 5762 litteris
1096 5705 1386 5775 provinciae
1415 5703 1807 5774 archiepisc0pi
1841 5718 2028 5774 quem-

458 5818 618 5872 quam
666 5802 1045 5872 episcoporum
1078 5802 1459 5867 imperatorem
1511 5797 1702 5853 adire:
1737 5796 1827 5864 qui
1883 5795 2026 5850 enim

2147 4594 2208 4645 ’0
2239 4591 2346 4663 γὰρ
2385 4591 2459 4662 μὴ
2487 4591 2779 4663 δεχόμενος
2808 4591 2900 4646 τὸν
2929 4591 3194 4657 τοιοῦτον,
3218 4592 3583 4662 καθαιρεῖται.

2204 4683 2326 4738 Τῶν
2346 4684 2515 4753 ἁγίων
2544 4685 2858 4739 ἀποστόλων
2889 4683 3077 4738 κανὼν
3099 4683 3202 4754 νβ’.

2208 4778 2435 4832 Συνόδου
2461 4779 2705 4842 Νικαίας
2735 4775 2919 4831 κανὼν
2942 4773 3030 4843 ιβ’.

2203 4872 2432 4926 Συνόδου
2470 4871 2902 4942 Νεοκαισαρείας
2929 4871 3107 4924 κανὼν
3139 4871 3206 4940 γ’.

2203 4964 2431 5017 Συνόδου
2461 4964 2727 5033 Γαγγρῶν
2756 4962 2936 5017 κανὼν
2963 4960 3074 5016 κα’.

2207 5053 2437 5106 Συνόδου
2467 5051 2790 5116 Λαοδικείας
2821 5049 3003 5104 κανὼν
3041 5049 3106 5119 β’.
3182 5080 3185 5082 ·

2205 5143 2432 5197 Συνόδου
2462 5142 2822 5214 Καρθαγένης
2854 5160 2976 5196 καν.
3013 5140 3089 5208 ς’,
3122 5139 3186 5209 ζ’,
3228 5150 3316 5214 μγ¹
3349 5143 3443 5198 καὶ
3467 5149 3571 5216 με’.

2205 5237 2430 5289 Συνόδου
2458 5242 2508 5300 ς’
2541 5233 2723 5288 κανὼν
2750 5235 2850 5306 ρξ’.

2202 5329 2307 5382 Τοῦ
2348 5331 2502 5396 ἁγίου
2529 5327 2813 5382 Βασιλείου
2856 5346 2980 5384 καν.
3012 5338 3082 5398 γ’,
3112 5331 3210 5392 νδ’,
3235 5329 3305 5384 οδ¹
3334 5332 3425 5385 καὶ
3457 5332 3562 5390 τπδ’.

2202 5422 2307 5478 Τοῦ
2334 5422 2492 5489 ἁγίου
2515 5419 2821 5492 Γρηγορίου
2852 5419 3073 5492 Νύσσης
3102 5423 3390 5492 Πρὸλογος.

2201 5514 2309 5569 Τοῦ
2351 5515 2505 5583 ἁγίου
2536 5513 2805 5584 Τιμοθέου
2841 5515 2932 5566 τοῦ
2962 5515 3261 5568 ἀποστόλου
3294 5514 3475 5569 κανὼν
3504 5516 3596 5588 ιη’.

2247 5607 2285 5642 ρ’
2361 5607 2384 5625 ⁹
2709 5611 2731 5626 ⁹
3085 5609 3098 5621 “
3181 5610 3247 5641 ’ρ
3437 5611 3499 5640 c'
3631 5632 3649 5642 -

2201 5627 2305 5662 πε..
2388 5611 2484 5663 Οτι
2538 5609 2597 5661 οὐ
2649 5607 2729 5662 δει
2772 5608 2900 5663 ἄνευ
2956 5608 3244 5679 βασιλικη,
3295 5613 3708 5686 προσυαξεωςῆ

2132 5701 2386 5771 γνώμης,
2419 5701 2512 5754 καὶ
2542 5701 2874 5774 γράμματος
2905 5702 3000 5754 τοῦ
3039 5705 3093 5753 ὲν
3139 5705 3203 5772 τῇ
3243 5701 3481 5774 ἐπαρχίᾳ
3522 5706 3711 5774 (ip/te-

2135 5795 2274 5858 οέως
2322 5797 2440 5850 τινὰ
2497 5795 2604 5871 τῶν
2651 5797 2969 5850 ἐπισκόπων
3013 5795 3330 5868 προσελθεῖν
3385 5796 3640 5866 βασιλεῖ’·
3678 5801 3709 5850 ὁ
