4084 6194
495 267 567 332 39
1763 251 2083 316 ARSENII
2122 249 2468 313 MONACHI
3667 248 3746 320 ω

568 374 769 448 Synodi
808 371 1039 428 Nictcnm
1069 386 1243 425 canon
1270 368 1324 425 5.

567 468 769 538 Synodi
805 466 1154 521 Antiochenm
1181 477 1354 520 canon
1389 461 1481 516 20.

565 558 766 632 Synodi
802 556 1116 612 Laodicena:
1142 569 1315 610 canon
1353 553 1444 610 40.

569 651 773 724 Synodi
805 647 1266 705 Calchedonensis
1296 663 1472 705 canon
1509 646 1597 703 l9.

569 745 769 816 Synodi
799 742 1256 815 Carthaginiensis
1285 756 1456 799 canon
1486 742 1574 807 l8,
1605 738 1698 806 52,
1726 738 1816 804 73,
1841 737 1935 806 76,
1971 737 2064 804 77,

499 837 566 896 ει
608 847 663 892 et
698 835 792 892 95.
1128 874 1130 876 τ

567 928 770 1000 Synodi
803 927 864 984 Vl
897 942 1072 984 canon
1110 926 1167 984 8.

569 1018 773 1092 Synodi
809 1018 905 1076 VII
934 1034 1108 1080 canon
1139 1017 1197 1073 6.

569 1115 660 1171 91.
692 1113 1099 1169 Catechumeno
1145 1109 1294 1180 lapso
1326 1118 1434 1164 tres
1470 1122 1642 1162 annos
1685 1121 1898 1176 paruam
1947 1119 2070 1161 esse

499 1205 856 1267 euheundam,
889 1203 1081 1258 deinde
1109 1216 1299 1256 rursus
1331 1203 1506 1269 ipsum
1537 1212 1658 1252 esse
1693 1195 2070 1251 instruendum

499 1307 552 1352 ct
577 1294 982 1366 baptizandum.
1013 1292 1069 1348 Si
1097 1306 1227 1347 vero
1262 1278 1541 1359 contingat
1590 1289 1765 1358 ipsum
1807 1295 2072 1358 mgrotare

499 1394 567 1444 ad
604 1401 856 1455 mortem,
909 1387 1215 1444 instruatur
1255 1393 1311 1438 et
1361 1383 1667 1454 baptizatur
1709 1381 1872 1435 etiam
1928 1380 2070 1433 intra

500 1469 816 1530 triennium.
849 1473 985 1530 ltem
1017 1489 1244 1545 puerum
1275 1473 1365 1542 qui
1401 1471 1692 1528 instruitur
1733 1484 1854 1526 esse
1897 1468 2073 1540 bapti-

505 1571 762 1629 zandum,
791 1565 838 1621 si
869 1565 1125 1634 ignorans
1157 1563 1462 1634 participet.

573 1655 769 1729 Synodi
804 1656 1031 1712 Nicaznae
1059 1670 1230 1712 canon
1261 1653 1348 1710 u.

573 1746 774 1817 Synodi
803 1743 1260 1801 Neocaesariensis
1288 1758 1461 1799 canon
1494 1742 1549 1799 5.

574 1837 762 1893 Sancti
790 1837 1058 1892 Timothei
1095 1850 1266 1891 canon
1296 1837 1348 1892 1.

572 1931 756 1986 Sancti
793 1930 978 2003 Cyrilli
1015 1944 1189 1985 canon
1223 1930 1275 1984 7.

570 2024 662 2081 92.
696 2024 1041 2079 Publicarum
1076 2037 1256 2077 rerum
1291 2030 1385 2076 aut
1427 2019 1756 2091 judicim-um
1808 2019 2072 2091 cognitio-

501 2134 625 2174 nem
659 2119 726 2174 ab
758 2119 1089 2188 imperatore
1112 2132 1218 2172 non
1250 2130 1372 2171 esse
1398 2115 1708 2186 petendam,
1737 2113 1830 2168 sed
1862 2113 2076 2183 episco-

501 2225 690 2281 porum
715 2208 919 2280 judicia
953 2208 1020 2263 ab
1054 2207 1140 2262 his
1187 2208 1279 2277 qui
1329 2205 1500 2262 sacris
1540 2205 1736 2260 addicti
1785 2215 1908 2260 sunt
1953 2219 2077 2263 esse

499 2303 853 2374 requirenda.
886 2300 1001 2357 Nisi
1029 2301 1173 2357 enim
1204 2301 1277 2355 ita
1307 2298 1534 2367 faciant,
1564 2299 1732 2370 gradu
1769 2308 2077 2354 moventur.

570 2396 772 2467 Synodi
812 2394 1282 2467 Carthaginiensis
1322 2407 1494 2447 canon
1528 2391 1628 2447 104
1656 2399 1711 2445 et
1737 2390 1862 2446 120.

571 2488 664 2546 95.
705 2486 820 2546 Non
854 2497 1111 2560 oportere
1140 2500 1471 2558 quemquam
1509 2484 1694 2541 dicere
1729 2485 2016 2541 mortalem
2044 2500 2074 2540 a

503 2581 616 2638 Deo
643 2581 845 2638 factum
873 2595 996 2636 esse
1023 2578 1285 2636 Adamum
1314 2594 1330 2634 :
1359 2577 1451 2648 qui
1478 2579 1621 2633 enim
1655 2579 1728 2632 ita
1759 2576 1911 2644 dicit,
1942 2590 2074 2631 ana-

503 2675 734 2731 themati
765 2674 1081 2746 subjicitur.

577 2770 780 2842 Synodi
805 2768 1273 2840 Carthaginiensis
1301 2782 1476 2824 canon
1513 2766 1630 2822 109.

574 2860 667 2917 94.
694 2860 811 2917 Non
836 2869 1090 2931 oportere
1112 2857 1302 2916 eodem
1328 2856 1494 2914 simul
1525 2867 1771 2928 tempore
1806 2857 2077 2925 deponere

503 2967 667 3029 atque
710 2955 1190 3012 excommunicare
1217 2969 1339 3010 eum
1369 2955 1462 3027 qui
1493 2955 1668 3010 sacris
1701 2954 1948 3009 addictus
1978 2953 2073 3020 sit,

2093 371 2140 428 Α
2238 361 2466 416 Συνόδου
2493 356 2728 424 Νικαίας
2761 357 2946 415 κανὼν
2969 358 3034 416 ε’.

2242 455 2471 510 Συνόδου
2517 453 2852 525 Ἀντιοχείας
2886 451 3067 509 κανὼν
3106 459 3180 510 κ’.

2239 547 2465 605 Συνὸδου
2492 545 2818 611 Λαοδικείας
2844 544 3025 604 κανὼν
3067 545 3141 620 μ’.

2243 641 2474 695 Συνόδου
2508 638 2852 712 Καλχηδόνος
2885 639 3066 695 κανὼν
3093 641 3181 697 ιθ’.

2243 730 2471 786 Συνόδου
2503 730 2871 804 Καρθαγένης
2900 731 3084 790 κανὼν
3110 739 3201 802 ιη’,
3234 731 3335 805 νβ’,
3365 730 3466 802 ογ’.
3495 732 3606 800 ος’,
3642 733 3748 799 αἶ’.

2169 823 2249 894 κδ’
2279 823 2373 880 καὶ
2407 825 2508 890 hs"

2241 918 2472 973 Συνόδου
2500 923 2553 974 ς’
2578 916 2760 974 κανὼν
2795 916 2866 988 η’.

2242 1005 2471 1061 Συνόδου
2515 1006 2558 1072 ζ’
2593 1006 2780 1062 κανὼν
2817 1007 2998 1069 ἕκτος.

2243 1104 2353 1170 ιιαν.
2394 1101 2519 1153 Ὀτι
2551 1101 2631 1153 δεῖ
2663 1099 2758 1153 τὸν
2787 1095 3200 1170 κατηχούμενον
3228 1097 3323 1151 καὶ
3354 1097 3746 1167 παραπεσόντα

2170 1193 2532 1265 ἐπιτιμᾶσθαι
2573 1194 2628 1246 ἐν
2671 1192 2851 1262 τρισὶν
2886 1190 3063 1243 ἐτεσιν
3088 1228 3105 1255 ,
3148 1183 3250 1242 εἶτ’
3279 1188 3432 1252 αὖθις
3481 1191 3743 1259 κατηχεῖ-

2174 1285 2323 1351 σθαι,
2349 1286 2447 1339 καὶ
2482 1284 2870 1356 βαπτίζεσθαι.
2902 1282 2965 1336 Ei
2997 1281 3056 1336 δὲ
3093 1281 3279 1354 συμϐῇ
3310 1280 3476 1335 αὑτὸν
3515 1280 3751 1349 ἀσθενῆο

2179 1397 2271 1433 σαι
2299 1377 2437 1452 πρὸς
2461 1377 2712 1441 θάνατον,
2743 1375 3110 1446 κατηχείσθω,
3142 1372 3630 1445 καὶ-βαπτιζέσθω,
3649 1372 3766 1428 καὶ.

2173 1474 2302 1527 είσιο
2330 1473 2428 1542 τῆς
2458 1470 2720 1540 τριετίας.
2765 1469 2874 1522 Καὶ
2903 1471 2984 1522 ὃτι
3004 1468 3084 1520 δεῖ
3111 1466 3467 1537 βαπτίζεσθαι
3493 1465 3554 1519 τὸ
3572 1481 3748 1538 κατη-

2186 1560 2283 1635 χού
2295 1578 2456 1632 μενον
2483 1559 2720 1623 παιδίον,
2753 1559 2804 1611 εί
2833 1556 3062 1627 ἀγνοοῦν
3085 1556 3400 1626 μεταλάϐοι.

2245 1653 2476 1708 Συνόδου
2506 1653 2745 1716 Νικαίας
2770 1649 2950 1705 κανὼν
2997 1648 3078 1704 ιδ’.

2099 1714 2149 1774 Β
2245 1744 2474 1800 Συνόδου
2506 1714 2943 1812 Νεοκαισαρείας
2974 1739 3155 1793 κανὼν
3190 1736 3251 1793 ε’.

2246 1839 2353 1892 Τοῦ
2384 1839 2538 1908 ἁγίου
2566 1836 2836 1907 Τιμοθέου
2868 1834 3047 1889 κανὼν
3074 1835 3142 1888 α’.

2245 1933 2357 1987 Καὶ
2388 1930 2484 1985 τοῦ
2517 1929 2676 1999 ἁγίου
2702 1928 2973 2000 Κυρίλλου
2999 1925 3178 1981 κανὼν
3205 1924 3270 1992 ζ’.

2245 2021 2352 2096 νβ’.
2393 2023 2518 2077 Ὀτι
2550 2023 2612 2076 οὐ
2644 2021 2724 2076 δεῖ
2749 2024 2920 2076 αἰτεῖν
2958 2021 3066 2075 ἀπὸ
3094 2021 3189 2074 τοῦ
3225 2017 3491 2092 βασιλέως
3517 2017 3753 2084 διαγνω-

2178 2134 2264 2172 σιν
2318 2114 2594 2187 δημοσίων
2650 2114 2994 2187 πραγμάτων
3043 2113 3076 2186 ἢ
3135 2110 3508 2184 δικαστηρίων
3540 2123 3554 2139 ⁶
3615 2107 3756 2163 ἀλλὰ

2175 2210 2362 2283 κρίσει
2405 2207 2517 2282 [ια’.
2551 2206 2786 2281 κρίσεις]
2825 2208 3140 2261 ἐπισκόπων
3189 2187 3362 2260 αἰτεῖν
3405 2202 3533 2266 τοὺς
3589 2203 3752 2273 ἱερω-

2179 2303 2397 2374 μένους.
2421 2301 2482 2354 Ei
2518 2301 2594 2372 μὴ
2624 2300 2733 2372 γὰρ
2756 2299 2899 2354 οὕτω
2922 2297 3161 2363 ποιοῦσι,
3192 2293 3605 2367 καθαιροῦνται.

2245 2395 2473 2449 Συνόδου
2508 2393 2872 2466 Καρθαγένης
2902 2390 3087 2446 κανὼν
3117 2389 3192 2463 ρδ’
3233 2391 3327 2444 καὶ
3358 2387 3466 2461 ρκ’.

2245 2487 2358 2558 ἥγ’.
2396 2486 2520 2541 Ὀτι
2560 2487 2638 2540 ,οὐ
2683 2486 2768 2540 δεί
2811 2503 2936 2540 τινα
2992 2485 3186 2554 θνητὸν
3240 2484 3424 2554 λέγειν
3457 2482 3566 2538 ἀπὸ
3611 2479 3750 2536 Θεοῦ

2177 2580 2486 2660 πλασθῆναι
2519 2578 2611 2635 τὸν
2653 2579 2828 2651 ’Δδὰμ
2858 2595 2874 2612 ο
2909 2581 2940 2634 δ
2969 2579 3078 2650 γὰρ
3115 2577 3264 2633 οὕτω
3304 2577 3518 2648 λέγων,
3554 2573 3754 2634 ἀναθε-

2180 2676 2490 2750 ματίξεται.

2250 2769 2480 2824 Συνόδου
2506 2768 2870 2841 Καρθαγὲνης
2903 2767 3086 2822 κανὼν
3121 2767 3222 2840 ρθ’.

2252 2861 2488 2932 ὶιδΎὈτι
2510 2864 2570 2920 οὐ
2601 2865 2684 2920 δεῖ
2711 2867 2770 2918 ὲν
2802 2863 2988 2936 ταὺτῷ
3017 2863 3327 2937 καθαιρεῖν,
3353 2866 3445 2921 καὶ
3467 2867 3749 2938 ἀφορίζειν

2181 2957 2478 3028 ἱερωμένον
2517 2958 2961 3029 ἁμαρτήσανταο
3007 2957 3142 3012 ἀλλὰ
3183 2960 3470 3030 ἀρκεῖσθαι
3502 2962 3638 3034 μόνῃ
3676 2964 3745 3035 τῇ

503 3053 574 3105 oh
613 3049 908 3105 admissum
946 3049 1231 3117 delictum,
1279 3047 1375 3105 scd
1420 3055 1738 3116 contentum
1793 3061 1914 3103 esse
1956 3045 2074 3102 sola

2183 3050 2417 3122 διηνεκεῖ
2438 3049 2787 3122 καθαιρέσει.

505 3153 761 3213 perpetua
794 3141 1155 3214 depositione.

579 3235 904 3291 Sanctorum
943 3233 1315 3305 apostolorum
1349 3245 1524 3288 canon
1555 3230 1648 3287 25.

577 3328 777 3403 Synodi
806 3326 1278 3398 Carthaginiensis
1306 3340 1482 3382 canon
1507 3327 1600 3383 27.

577 3421 764 3476 Sancti
794 3419 978 3475 Basilii
1007 3432 1188 3475 canon
1217 3419 1273 3486 5,
1300 3419 1372 3475 52
1407 3417 1585 3477 θιει.

584 3512 675 3568 95.
713 3510 1098 3582 Presbyterum
1133 3509 1204 3566 ob
1237 3510 1467 3565 crimina
1501 3508 1669 3581 gradu
1714 3509 1979 3581 deiectum
2024 3507 2077 3564 in

508 3605 696 3663 clerici
728 3605 978 3662 ordinem
1004 3619 1128 3662 esse
1157 3604 1594 3674 deprimendum,
1631 3618 1728 3660 nec
1757 3619 2084 3675 promoven-

508 3701 634 3754 dum
671 3697 927 3763 ulterius,
947 3697 993 3753 si
1023 3697 1278 3753 nimirum
1307 3712 1335 3751 a
1370 3694 1511 3751 malo
1537 3697 1765 3754 desistat
1792 3713 1805 3751 :
1833 3695 2084 3754 similiter

507 3800 562 3845 et
589 3789 870 3857 lectorem,
917 3789 965 3846 si
1023 3797 1150 3846 ante
1203 3789 1420 3860 nuptias
1451 3805 1571 3846 cum
1603 3804 1699 3845 sua
1737 3803 1936 3862 sponsa
1965 3803 2080 3843 rem

508 3881 765 3938 habuerit
795 3898 812 3936 :
846 3881 891 3938 si
921 3894 1052 3937 vero
1079 3883 1242 3936 etiam
1294 3889 1421 3938 ante
1447 3881 1919 3952 desponsationem
1939 3920 1955 3945 ,
1986 3893 2083 3952 pe-

509 3975 653 4030 nitus
684 3974 1025 4030 deturbatur.

582 4065 784 4136 Synodi
814 4062 1270 4128 Neocaesariensis
1301 4079 1472 4120 canon
1499 4061 1532 4119 9
1558 4069 1612 4122 et
1641 4061 1729 4118 10.

583 4159 783 4230 Synodi
825 4157 893 4215 γι
927 4173 1102 4214 canon
1133 4157 1227 4214 2i.

586 4243 792 4307 Sancti
813 4249 996 4307 Basilii
1031 4265 1205 4306 canon
1241 4249 1330 4307 69.

583 4342 673 4400 90.
716 4342 984 4416 Oportere
1019 4344 1334 4416 episcopum
1385 4351 1696 4399 accusatum
1751 4352 1807 4398 et
1853 4345 2075 4400 citatum

512 4436 704 4491 adesse
733 4436 876 4492 intra
895 4437 1030 4492 duos
1057 4448 1305 4491 menses:
1332 4433 1434 4491 nisi
1457 4433 1601 4490 enim
1623 4434 1784 4499 adsit,
1814 4435 2079 4491 sententia

509 4527 1091 4608 excomntunicationis
1122 4528 1180 4583 in
1211 4542 1333 4582 eum
1377 4527 1567 4582 fertur.
1601 4527 1902 4582 Hereticus
1954 4541 2080 4583 vero

511 4637 619 4677 non
652 4623 916 4693 recipitur
942 4622 1010 4678 ad
1038 4619 1417 4678 accusandum
1443 4660 1461 4689 ,
1501 4634 1677 4690 neque
1710 4617 1885 4674 ﬁdelis
1920 4634 2082 4684 unus,

513 4714 616 4769 nisi
669 4700 816 4770 forte
854 4715 1133 4784 propriam
1179 4713 1419 4783 aliquam
1478 4711 1802 4783 negotialem
1862 4725 2083 4766 causam

513 4808 731 4864 habeat.
774 4806 964 4878 Neque
995 4821 1124 4863 vero
1172 4805 1673 4864 excommunicatus
1706 4805 1771 4860 ad
1816 4819 2084 4860 accusan-

514 4902 644 4956 dum
694 4901 1040 4972 recipiendus
1095 4910 1220 4966 est,
1277 4913 1455 4968 neque
1501 4897 1837 4960 infamatus,
1914 4911 2089 4966 neque

514 5008 727 5058 servus,
758 5006 933 5064 neque
965 4992 1219 5064 proprius
1253 4991 1501 5058 libertus,
1542 5004 1713 5060 neque
1742 4989 1811 5044 ab
1848 4988 2088 5044 Ecclesia

516 5086 814 5152 abscissus,
869 5099 1042 5155 neque
1090 5084 1137 5139 is
1174 5083 1269 5154 qui
1313 5091 1468 5138 antea
1517 5081 1572 5136 in
1606 5080 1712 5136 alia
1746 5081 2092 5137 accusatione

519 5179 777 5235 mentitus
812 5177 999 5245 fuerit,
1032 5191 1207 5246 neque
1237 5176 1378 5231 intra
1419 5184 1670 5245 quartum
1713 5181 1768 5228 et
1813 5171 2085 5228 decimum

514 5275 692 5330 aetatis
718 5286 943 5345 annum.
975 5270 1160 5344 Neque
1190 5270 1338 5340 prius
1375 5267 1778 5324 accusationem
1814 5264 2085 5337 recipien-

517 5371 640 5427 dam
662 5383 785 5428 esse.
810 5362 970 5440 quam
998 5367 1206 5436 scripto
1235 5361 1469 5439 confessi
1498 5359 1722 5426 fuerint,
1749 5375 1807 5416 se
1834 5360 2081 5417 eumdem

516 5477 708 5519 casum
725 5459 990 5526 subiisse.
1027 5455 1158 5514 Item
1188 5456 1468 5525 episcopos
1504 5468 1532 5507 a
1563 5453 1797 5523 prepriis
1819 5451 2087 5522 episcopis

504 5553 749 5627 .jndicari
792 5568 811 5608 :
857 5565 923 5608 ac
965 5549 1230 5620 siquidem
1283 5561 1474 5603 omnes
1518 5543 2087 5626 provinciaepiscOpi

520 5646 901 5706 consenserint
933 5644 988 5701 in
1020 5643 1241 5700 ferenda
1277 5641 1571 5705 sententia,
1618 5639 1685 5694 ab
1715 5638 1781 5693 iis
1813 5653 1921 5693 non
1955 5651 2087 5708 pro-

520 5750 796 5800 vocatur:
829 5738 877 5800 si
924 5751 1058 5797 vero
1110 5733 1394 5807 contigerit
1432 5733 1584 5806 ipsos
1613 5732 1924 5804 dissentire,
1962 5730 2089 5789 licet

2250 3229 2374 3287 Τῶν
2401 3230 2574 3301 ἁγίων
2595 3231 2913 3286 ἀποστόλων
2942 3231 3123 3301 κανὼν
3157 3227 3254 3286 κε’.

2253 3325 2486 3382 Συνόδου
2518 3323 2888 3397 Καρθαγινης
2913 3324 3097 3381 κανὼν
3131 3322 3235 3390 κζ’.

2251 3417 2368 3473 Καὶ
2393 3417 2484 3472 τοῦ
2525 3418 2687 3488 ἁγίου
2719 3416 3004 3472 Βασιλείου
3041 3419 3220 3474 κανὼν
3251 3415 3323 3488 γ’,
3349 3417 3429 3490 λβ¹
3455 3417 3550 3471 καὶ
3576 3423 3678 3470 ναν.

2251 3515 2358 3581 με’.
2401 3513 2527 3566 Ὀτι
2579 3511 2663 3566 δεῖ
2731 3512 2824 3565 τδν
2872 3513 2933 3568 ὲν
2990 3511 3307 3585 ἐγκλήμασι
3369 3510 3754 3584 καθῃρημένον

2181 3605 2577 3676 πρεσϐύτερον,
2601 3606 2682 3669 εἰς
2710 3603 2802 3659 τδν
2831 3606 2926 3659 τοῦ
2947 3605 3219 3679 κληρικοῦ
3240 3605 3451 3678 βαθμὸν
3472 3610 3752 3672 κατάγειν,

2183 3698 2278 3753 καὶ
2305 3697 2626 3768 ἁπρόκοπον
2666 3699 2884 3768 μένειν.
2943 3698 3104 3770 εῐπερ
3151 3699 3398 3769 δηλονότι
3445 3697 3538 3752 τοῦ
3582 3695 3752 3750 κακοῦ

2181 3790 2490 3857 παύσεται·
2523 3791 2729 3863 ὁμοίως
2780 3794 2878 3846 καὶ
2907 3784 3305 3866 ἀναγνώστην,
3359 3794 3409 3847 εί
3445 3794 3508 3863 τῇ
3549 3790 3749 3845 ἑαυτοῦ

2185 3885 2398 3956 μνηστῇ
2441 3883 2548 3956 πρὸ
2580 3884 2769 3956 -γάμου
2804 3884 3109 3956 συναφθείη
3141 3901 3158 3919 ο
3189 3887 3237 3940 εί
3283 3885 3341 3940 δὲ
3377 3885 3470 3941 καὶ
3504 3883 3610 3956 πρὸ
3656 3885 3756 3956 τῆς

2186 3974 2506 4047 μνηστείας,
2545 3975 2892 4048 καθαιρείται
2924 3977 3170 4040 πάντως.

2252 4068 2482 4122 Συνόδου
2513 4069 2952 4141 Νεοκαισαρείας
2979 4069 3162 4124 κανὼν
3192 4067 3237 4124 θ’
3262 4069 3357 4125 καὶ
3382 4067 3435 4126 ι’.

2244 4161 2483 4226 Συνόδου
2500 4160 2564 4228 ς’
2593 4161 2772 4222 κανὼν
2801 4159 2910 4220 κα’.

2254 4253 2365 4306 Καὶ
2398 4251 2492 4306 τοῦ
2521 4252 2679 4321 ἁγίου
2706 4252 2992 4308 Βασιλείου
3020 4252 3204 4308 κανὼν
3236 4253 3333 4321 ξθ’.

2257 4348 2375 4412 ις’.
2405 4343 2531 4398 Ὀτι
2554 4343 2634 4396 δεῖ
2656 4345 2749 4399 τὸν
2775 4345 3258 4418 κατηγορούμενον
3295 4344 3615 4406 ἐπίσκοπον,
3654 4346 3749 4400 καὶ

2193 4437 2558 4508 καλούμενον,
2591 4435 2841 4509 diu.th
2872 4440 3021 4497 νετσω
3061 4439 3248 4510 μηνῶν
3280 4437 3374 4492 δύο
3408 4455 3422 4471 ’
3455 4443 3503 4494 ε’
3541 4441 3649 4512 γὰρ
3682 4444 3756 4513 μὴ

2191 4529 2520 4600 ἀπαντήσει,
2554 4527 2829 4597 ἀπόφασις
2859 4529 3071 4599 γίνεται
3107 4531 3230 4584 κατ’
3263 4531 3428 4584 αὐτοῦ
3459 4533 3748 4605 ἀκοινωνηο

2189 4622 2334 4685 σίας.
2365 4621 2649 4692 Αίρετικοὶ
2683 4621 2743 4688 δὲ
2771 4624 2832 4675 οὐ
2856 4623 3250 4694 προσδέχονται
3286 4627 3366 4689 είς
3396 4627 3759 4698 κατηγορίαν,

2184 4714 2302 4770 ἀλλ’
2327 4714 2449 4769 οὐδὲ
2474 4715 2661 4779 πιστὸς
2699 4709 2777 4779 εἷς
2799 4731 2812 4744 ·
2859 4718 2907 4768 εί
2956 4719 3085 4787 μήτι
3122 4717 3190 4770 ἂν
3218 4718 3429 4791 οἰκείαν
3461 4725 3587 4774 τινὰ
3617 4738 3758 4792 πρα-

2186 4806 2470 4877 γματικῶς
2498 4806 2595 4880 ἔχῃ
2619 4807 2800 4878 δίκην.
2829 4806 2965 4862 Οὔτε
2987 4807 3043 4860 δὲ
3075 4810 3440 4881 ἀκοινώνητος
3471 4814 3553 4875 εἰς
3587 4829 3753 4871 κατη-

2187 4899 2381 4969 γορίαν
2415 4899 2629 4964 δεκτὸς,
2686 4899 2813 4955 οὒτε
2867 4901 3319 4972 διαϐεϐλημένος,
3370 4902 3499 4957 οὒτε
3548 4904 3752 4969 δοῦλος,

2188 4989 2313 5042 οὔτε
2338 4989 2467 5053 ίδιος
2499 4991 2891 5060 ἀπελεύθερος,
2943 4990 3066 5045 οὔτε
3115 4995 3461 5068 ἀποσχιστής
3496 5011 3510 5026 ·
3537 4995 3658 5049 οὔτε
3699 4995 3756 5062 ὃς

2191 5080 2568 5152 προεψεύσατο
2593 5082 2652 5135 ὲν
2681 5083 2846 5153 ἑτέρα
2874 5085 3213 5158 κατηγορία·
3241 5085 3366 5140 οὔτε
3395 5087 3539 5149 ἐντὸς
3564 5088 3756 5158 κεῖραν

2189 5170 2456 5245 [ἡλικίας]
2510 5171 2655 5227 ἐτῶν
2716 5172 3137 5247 δεκατεσσάρων
3167 5191 3184 5207 ⁸
3216 5179 3312 5232 καὶ
3363 5179 3439 5250 μὴ
3493 5179 3758 5251 πρότερον

2186 5263 2446 5335 δεχθῆναι
2465 5267 2826 5336 κατηγορίαν,
2845 5267 2975 5337 πρὶν
2994 5267 3057 5322 ἂν
3071 5269 3365 5341 ἐγγράφως
3381 5269 3757 5351 ὁμολογήσωσι

2179 5358 2596 5414 ⁴ταυτοττὰθειαν
2626 5359 2958 5429 ὑποστῆναι.
2991 5361 3103 5416 Καὶ
3126 5363 3211 5417 ὃτι
3237 5366 3287 5418 οί
3326 5362 3616 5421 ἐπίσκοποι
3655 5363 3757 5418 ὑπὸ

2188 5449 2297 5501 τῶν
2329 5451 2474 5506 ἰδίων
2518 5454 2844 5511 ἐπισκόπων
2878 5459 3159 5529 κρίνονται
3190 5471 3205 5486 ο
3241 5456 3336 5510 καὶ
3374 5457 3422 5508 εί
3470 5456 3571 5525 μὲν
3625 5473 3758 5529 συμ·

2190 5543 2464 5611 φωνοῦσιν
2496 5546 2546 5600 oi
2570 5546 2721 5613 ἐντὸς
2753 5549 3026 5623 ἐπαρχίας
3074 5549 3277 5614 πάντες
3323 5547 3618 5604 ἐπίσκοποι
3669 5550 3758 5605 ἐπὶ

2187 5639 2256 5708 τῇ
2282 5637 2449 5709 ψήφῳ
2473 5639 2574 5710 τῆς
2597 5640 2776 5712 δίκης,
2800 5643 2904 5696 οὐκ
2932 5640 3290 5712 ὲγκαλοῦνται
3316 5658 3331 5673 ⁸
3356 5643 3414 5698 ,σί
3432 5642 3490 5698 δὲ
3520 5641 3757 5712 συμϐαίη

2190 5729 2480 5801 διαφωνεῖν
2509 5733 2728 5802 αὐτοὺς,
2767 5734 2948 5802 ἔξεστι
2977 5737 3057 5807 τῷ
3086 5735 3228 5790 κατὰ
3264 5734 3450 5808 χώραν
3482 5750 3757 5809 μητροπο-
