3968 6234
526 347 599 410 59
1403 345 1729 410 ARSENII
1768 344 2118 408 MONACHI
2169 320 2514 409 EPITOME
2554 341 2953 408 CANONUM.
3494 382 3505 390 .
3723 335 3800 400 eo

521 447 690 515 licere
716 454 961 513 Judaeum
994 469 1209 511 servum
1241 455 1468 524 pecunia
1509 454 1611 509 sibi
1640 442 1974 525 comparare.
2007 453 2118 508 Nec

2245 457 2303 508 ὲτι
2329 455 2433 509 οὐκ
2478 453 2690 522 ἔξεστιν
2745 452 3000 508 Ἰουδαῖον
3031 425 3241 517 ὠνητὸν
3279 434 3465 503 δοῦλον
3511 445 3750 500 κτᾶσθαι
3780 458 3796 477 ⁸

525 568 633 606 non
666 552 949 622 episcopos
980 559 1093 606 toto
1126 549 1311 607 studio
1343 549 1398 604 in
1432 548 1484 603 id
1531 547 1846 605 incumbere
1886 547 2107 612 debere,

527 654 586 698 ut
616 658 709 699 eos
735 643 803 697 ab
830 656 1018 698 errore
1043 651 1320 698 revocent.

597 735 795 804 Synodi
825 733 1055 791 Niczenae
1078 747 1252 790 canon
1284 734 1342 792 8.

597 823 796 896 Synodi
831 824 1150 881 Laodicenaa
1170 840 1342 881 canon
1369 828 1403 880 7
1431 829 1494 882 et.
1511 825 1568 881 8.

599 916 799 987 Synodi
834 917 1246 988 Constantinop.
1267 933 1443 974 canon
1475 919 1530 974 7.

600 1009 806 1079 Synodi
834 1009 1116 1079 Ephesium
1139 1027 1312 1065 canon
1344 1010 1397 1076 1,
1426 1011 1481 1075 2,
1512 1007 1653 1074 ὅθί,
1687 1009 1741 1075 5,
1766 1008 1820 1075 6,
1854 1009 1908 1077 8,
1944 1011 2000 1066 9.

601 1103 802 1176 Synodi
855 1104 1320 1172 Carthaginiensis
1353 1118 1528 1159 canon
1558 1103 1648 1168 47,
1677 1102 1767 1169 57,
1787 1102 1879 1169 26,
1901 1104 1993 1170 27,
2014 1105 2112 1173 68,

530 1197 621 1265 69,
654 1196 855 1266 92,95,
901 1198 994 1260 94,
1037 1199 1125 1261 99,
1165 1196 1288 1261 108,
1318 1196 1446 1263 118,
1504 1197 1629 1264 119,
1679 1198 1802 1256 125.
1841 1201 1966 1258 1ίὶ4.

602 1290 803 1361 Synodi
843 1291 909 1346 Vi
940 1306 1111 1346 canon
1141 1292 1232 1347 95.

603 1383 806 1456 Synodi
841 1383 932 1440 νη
957 1400 1129 1443 canon
1161 1387 1218 1442 8.

603 1475 787 1533 Sancti
817 1468 1011 1534 Basilii“
1040 1495 1215 1535 canon
1241 1480 1274 1537 5
1301 1493 1356 1538 et
1379 1482 1472 1540 20.

601 1570 887 1641 Theophili
918 1587 1089 1628 canon
1120 1573 1204 1629 l2.

603 1663 731 1720 155.
761 1661 1030 1721 idolorum
1075 1668 1295 1738 templa.
1330 1668 1559 1742 ipsaque
1585 1670 1728 1728 idola
1761 1685 2106 1742 quocumque

535 1756 695 1811 modo
723 1773 842 1813 csse
876 1761 1169 1816 evertenda
1199 1777 1212 1814 :
1240 1763 1382 1834 quod
1413 1774 1470 1818 ut
1493 1763 1886 1836 ﬁat,imperiali
1924 1760 2112 1819 ancto-

535 1851 699 1906 ritate
732 1853 888 1908 nobis
920 1867 1055 1924 Opus
1093 1868 1196 1911 est.

635 1945 846 2018 Synodi
917 1948 1368 2022 Carthaginensis
1435 1966 1609 2008 canon
1685 1951 1776 2018 58,
1833 1929 2111 2030 81,8106,

535 2037 660 2095 156.

607 2129 734 2186 156.
768 2131 981 2188 Nullum
1013 2134 1386 2191 Christianum
1408 2147 1658 2208 oportere
1693 2141 1744 2195 in
1780 2139 1973 2196 balneo
1994 2155 2114 2195 cum

535 2223 856 2282 mulieribus
880 2226 1044 2283 lavari
1073 2243 1087 2281 :
1142 2229 1189 2284 si
1220 2230 1368 2285 enim
1398 2233 1573 2289 sacris
1603 2231 1806 2289 addicti
1836 2243 1966 2289 sunt
2015 2233 2107 2304 qui

538 2319 640 2374 hoc
680 2318 904 2387 faciunt,
956 2322 1125 2392 gradu
1170 2336 1497 2393 moventur;
1546 2328 1590 2383 si
1642 2343 1770 2386 vero
1827 2328 1974 2395 laici,
2016 2343 2117 2384 se-

537 2417 850 2482 gregantur.

609 2501 810 2573 Synodi
840 2503 1154 2560 Laodicenze
1185 2519 1358 2561 canon
1382 2504 1470 2562 30.

614 2596 815 2665 Synodi
845 2597 913 2651 ν]
943 2614 1115 2653 canon
1152 2599 1242 2656 77.

616 2690 739 2743 157.
781 2689 898 2745 Νοιι
936 2702 1186 2759 oportere
1221 2691 1424 2750 liberos
1472 2710 1599 2752 suos
1647 2713 1768 2753 cum
1823 2700 2119 2769 haereticis,

541 2794 635 2838 aut
662 2782 884 2848 Judaeis,
908 2791 1005 2838 aut
1025 2785 1321 2855 gentilibus
1342 2788 1691 2845 matrimonio
1717 2791 1972 2863 jungere,
2001 2792 2106 2848 nisi

542 2878 865 2947 promittant
911 2892 968 2934 se
989 2877 1328 2936 Christianos
1361 2879 1496 2936 fore.
1536 2883 1689 2950 Quod
1716 2885 1760 2939 si
1799 2887 1973 2954 juncti
2005 2884 2123 2942 fue-

546 2970 674 3036 rint,
726 2971 994 3039 ejusmodi
1031 2970 1340 3045 coniugium
1399 2983 1656 3046 tanquam
1702 2978 1952 3035 illicitum
1996 2995 2120 3036 esse

542 3061 927 3120 dirimendum.
980 3065 1166 3139 Neque
1188 3084 1315 3125 vero
1364 3069 1449 3127 his
1484 3080 1541 3126 ut
1579 3072 2000 3143 consanguineis
2029 3061 2114 3127 fa?

2218 548 2311 602 καὶ
2364 548 2448 602 ὅτι
2505 547 2743 617 σπουδὴν
2780 541 2981 601 ’πᾶσαν
3036 540 3348 615 ὀφείλουσιν
3405 545 3455 596 οἱ
3519 538 3803 612 ἀρχιερεῖς

2217 639 2430 706 είσάξαι
2467 640 2554 702 είς
2572 640 2634 693 τδ
2663 639 3017 712 ἐπιστρέφειν
3040 630 3262 700 αὐτούς.

2288 733 2517 790 Συνόδου
2547 735 2782 797 Νικαίας
2812 731 2993 790 κανὼν
3022 741 3094 805 η’.

2291 827 2520 882 Συνόδου
2546 827 2882 890 ’Λαοδικείας
2909 825 3091 880 κανὼν
3124 825 3172 890 ζ’
3197 825 3292 879 καὶ
3319 821 3390 895 η’.

2289 919 2517 975 Συνόδου
2548 913 3178 982 Κωνσταντινουπόλεως
3206 916 3388 972 κανὼν
3417 913 3484 981 ζ’.

2289 1014 2517 1067 Συνόδου
2562 1009 2795 1083 Ἑφέσου
2824 1012 3008 1066 κανὼν
3032 1007 3100 1075 α’,
3133 1009 3199 1081 β’,
3234 1007 3304 1077 γ’,
3336 1008 3402 1072 δ’,
3433 1015 3496 1071 ε’,
3527 1014 3603 1074 ς’,
3635 1006 3708 1076 η’,
3735 1009 3805 1064 θ’.

2289 1105 2516 1160 Συνόδου
2546 1105 2908 1176 Καρθαγένης
2940 1103 3122 1159 κανὼν
3154 1103 3262 1175 μζ’,
3287 1101 3384 1167 vC',
3411 1109 3527 1168 xq’,
3559 1102 3664 1185 κζ’.
3697 1088 3805 1168 ξηά

2220 1197 2318 1266 ἔθ’,
2350 1197 2455 1270 MSS
2487 1202 2596 1267 ιιγκ
2628 1198 2729 1266 ιβ’.
2763 1198 2868 1266 ιιθ¹ι
2904 1201 3000 1253 καὶ
3030 1195 3134 1270 ρη’ν
3171 1202 3300 1268 cur.
3337 1192 3460 1268 ριθκ
3490 1201 3634 1267 ρκγ’.
3666 1193 3806 1277 ρξε’-

2287 1292 2514 1347 Συνόδου
2550 1289 2606 1356 ς’
2642 1290 2821 1345 κανὼν
2849 1296 2952 1360 he’.

2289 1385 2518 1440 Συνόδου
2555 1386 2601 1452 ζ’
2631 1384 2806 1439 κανὼν
2831 1387 2902 1457 η’.

2289 1479 2397 1534 Τοῦ
2429 1478 2586 1548 ἁγίου
2622 1477 2907 1533 Βασιλείω
2947 1476 3130 1534 κανὼν
3158 1485 3197 1532 ε’
3229 1477 3323 1532 καὶ
3357 1484 3428 1532 κ’.

2288 1571 2552 1639 Θεοφίλου
2590 1571 2772 1626 κανὼν
2801 1571 2892 1644 ιβ’.

2291 1663 2422 1738 ρλϐ’.
2450 1665 2574 1720 Ὀτι
2604 1665 2688 1719 δεῖ
2718 1667 2846 1730 τοὺς
2872 1665 3189 1731 είδωλικοῦς
3211 1667 3396 1733 ναοὺς,
3427 1666 3526 1720 καὶ
3553 1666 3623 1720 τὰ
3653 1664 3814 1718 εἴδω-

2216 1759 2495 1814 λαὶπαντὶ·
2530 1757 2732 1832 τρόπῳ
2759 1758 3240 1833 καταστρέφεσθαι
3270 1777 3286 1792 ·
3336 1760 3612 1831 δεομένων
3646 1757 3814 1830 ἡμῶν

2217 1841 2576 1934 περὶτούτων
2606 1854 2704 1925 τῆς
2741 1854 3040 1926 βασιλικῆς
3069 1846 3344 1922 ἐξουσίας.

2288 1945 2520 2002 Συνόδου
2558 1945 2928 2020 Καρθαγένης
2959 1947 3144 2002 κανὼν
3169 1953 3275 2020 vq',
3308 1946 3417 2012 τπδ’,
3451 1953 3563 2021 ρς’,
3602 1944 3750 2018 ρλς’.

2292 2129 2441 2201 ρλς’.
2474 2129 2596 2185 Ὀτι
2621 2129 2682 2182 οὐ
2707 2130 2789 2182 δεῖ
2811 2146 2931 2184 τινα
2951 2129 3062 2183 τῶν
3082 2127 3432 2200 Χριστιανῶν
3457 2128 3516 2187 δν
3533 2123 3814 2198 βαλανείῳ

2223 2222 2363 2293 μετὰ
2392 2221 2671 2292 γυναικῶν
2700 2221 3102 2276 ἀπολούεσθαι·
3143 2224 3192 2275 εί
3229 2221 3330 2290 μὲν
3354 2220 3467 2293 γὰρ
3506 2212 3812 2294 ’ἱερωμένοι

2221 2315 2359 2370 εἰσὶν
2388 2316 2440 2368 oi
2479 2313 2639 2368 τοῦτο
2673 2312 2980 2380 ποιοῦντες,
3001 2331 3006 2335 ’
3029 2309 3428 2385 καθαιροῦνται
3459 2328 3473 2343 ⁸
3511 2311 3653 2384 είῇδὲ
3683 2311 3813 2366 λαῖ-
3841 2329 3846 2333 ·

2219 2407 2329 2470 κοί,
2362 2395 2738 2479 ἀφορίζονται.

2289 2499 2523 2556 Συνόδου
2554 2499 2878 2561 Λαοδικείας
2909 2498 3092 2553 κανὼν
3132 2497 3198 2552 λ’.

2292 2595 2526 2650 Συνόδου
2558 2593 2610 2659 ς’
2640 2592 2822 2648 κανὼν
2855 2595 2954 2659 οζθ.

2295 2687 2427 2761 ρλξ.
2459 2689 2582 2741 Ὅτι
2614 2689 2674 2742 ού
2703 2688 2786 2741 δεῖ
2822 2685 3120 2742 συνάπτειν
3144 2683 3283 2756 πρὸς
3310 2683 3492 2763 γαμου
3516 2684 3813 2740 κοινωνίαν

2220 2782 2290 2838 τὰ
2318 2780 2527 2837 ἑαυτῶν
2550 2782 2714 2834 τέκνα
2743 2780 3060 2853 αίρετικοῖς.
3089 2779 3122 2853 ἢ
3160 2766 3456 2842 Ἰουδαίοις,
3482 2775 3771 2856 ῆὲθνικοῖς
3795 2794 3810 2809 ·

2222 2877 2271 2930 εί
2312 2876 2388 2947 μὴ
2417 2874 2848 2943 ἐπαγγέλλονται
2880 2871 3202 2944 Χριστιανοὶ
3229 2870 3502 2941 γενέσθαι.
3525 2866 3591 2924 Ei
3622 2869 3679 2940 δὲ
3712 2868 3816 2924 καὶ

2224 2967 2569 3038 συναφθεῖεν,
2624 2965 2940 3020 διαλύεσθαι
2998 2963 3059 3019 τὸ
3111 2963 3350 3018 τοιοῦτον
3384 2962 3624 3034 ἄθεσμον
3683 2979 3817 3017 συν-

2223 3069 2458 3122 οικέσιον
2476 3084 2490 3099 ο
2535 3065 2673 3138 μήτε
2708 3065 2765 3119 δὲ
2787 3064 2862 3126 ὡς
2886 3065 3170 3133 συγγενεῖς
3190 3061 3525 3116 οἰκειοῦσθαι
3544 3061 3769 3123 τούτους
3792 3075 3810 3092 ⁸

544 3155 829 3211 miliariter
861 3161 1113 3214 utendum
1145 3177 1160 3215 :
1197 3160 1435 3232 alioquin
1468 3163 1516 3219 si
1543 3164 1717 3220 sacris
1767 3165 1966 3221 addicti
1984 3165 2115 3228 sint,

2245 3163 2372 3225 ;πε“ι,
2399 3161 2448 3215 εί
2511 3159 2612 3230 μὲν
2669 3157 2964 3230 ίερωμένοι
3004 3156 3136 3222 eici,
3193 3154 3588 3226 καθαιροῦνται
3615 3171 3630 3186 ο
3663 3157 3714 3208 εί
3749 3153 3814 3208 δὲ

545 3249 909 3319 dejiciuntur;
960 3252 1004 3307 si
1040 3268 1166 3308 vero
1184 3251 1332 3322 laici,
1365 3266 1740 3326 segregantur.
1780 3255 1918 3325 Quin
1951 3257 2116 3312 etiam

544 3359 725 3415 neque
767 3344 1054 3401 haereditas
1089 3347 1221 3417 ipsis
1268 3347 1646 3419 relinquetur:
1680 3349 1773 3419 qui
1817 3350 1963 3405 enim
2017 3351 2122 3407 hoc

548 3434 775 3501 faciunt,
808 3452 904 3508 pro
937 3436 1265 3494 Christianis
1304 3453 1409 3495 non
1449 3425 1742 3507 habentur,
1774 3441 1905 3511 quin
1936 3444 2122 3517 potius

543 3529 888 3584 anathemate
919 3531 1216 3586 feriuntur.

620 3623 821 3693 Synodi
855 3624 1173 3679 Laodicena:
1202 3641 1373 3681 canon
1407 3625 1475 3680 1ο
1500 3635 1553 3679 et
1578 3626 1669 3680 51.

619 3715 821 3786 Synodi
847 3717 1307 3774 Chalcedonensis
1342 3735 1514 3774 canon
1574 3717 1662 3774 14.

620 3807 820 3878 Synodi
845 3809 1287 3884 Carthaginiensis
1311 3827 1485 3867 canon
1534 3810 1626 3876 2i,
1661 3812 1755 3881 22,
1779 3815 1871 3872 84.

619 3899 827 3972 Synodi
859 3899 924 3957 Vl
959 3909 1132 3957 οιιιιοιι
1177 3903 1238 3956 11
1274 3912 1328 3958 et
1353 3904 1444 3958 '72.

615 3993 739 4049 158.
777 3993 882 4050 Eos
923 3995 1012 4065 qui
1045 3996 1096 4050 in
1133 3996 1342 4053 alienas
1365 4013 1454 4054 res
1489 4004 1684 4056 manus
1716 3999 2035 4070 immittunt,
2059 4018 2125 4062 ac

544 4086 669 4156 plus
704 4089 938 4145 habendi
997 4089 1294 4161 cupiditate
1326 4092 1597 4151 laborant.
1623 4101 1691 4148 ’ex
1723 4092 1966 4152 Ecclesia
1991 4112 2116 4155 esse

547 4178 862 4247 ejiciendus.
922 4197 926 4200 λ

621 4271 804 4328 Sancti
831 4271 1079 4342 Gregorii
1114 4273 1503 4349 Thaumaturgi
1544 4293 1719 4335 canon
1751 4280 1806 4338 2.

619 4365 802 4422 Sancti
827 4366 1072 4439 Gregorii
1105 4368 1337 4442 Nysseni
1367 4370 1543 4428 conten
1571 4373 1628 4429 6.

625 4461 912 4532 Theophili
938 4479 1112 4520 canon
1152 4464 1240 4520 14.
1405 4457 1410 4461 ’

2224 3256 2442 3320 λαῖκοὶ,
2495 3252 2853 3324 ἀφορίζονται
2889 3251 3070 3305 ’ἀλλ’
3125 3250 3250 3305 οὐδὲ
3307 3248 3813 3319 καταλειφθήσεται

2223 3346 2435 3409 τούτοις
2460 3341 2797 3416 κληρονομία
2817 3356 2832 3374 °
2869 3342 2920 3395 οί
2952 3341 3062 3415 γὰρ
3090 3339 3246 3395 τοῦτο
3277 3340 3554 3416 ποιοῦντες
3576 3339 3637 3393 οὐ
3671 3357 3813 3410 μνη-

2227 3439 2545 3511 μονεύονται
2576 3436 2652 3501 ὡς
2684 3435 3025 3508 Χριστιανοὶ,
3066 3434 3202 3489 ἀλλὰ
3239 3434 3438 3504 μᾶλλον
3476 3432 3814 3503 ἁναθεματί·

2225 3533 2434 3601 ζονται.

2294 3625 2524 3683 Συνόδου
2547 3625 2868 3690 Λαοδικείας
2904 3621 3088 3681 κανὼν
3112 3630 3144 3680 ι’
3167 3623 3264 3680 καὶ
3291 3624 3398 3680 λα’.

2295 3724 2524 3778 Συνόδου
2551 3721 2898 3795 Καλχηδόνος
2927 3719 3107 3776 κανὼν
3125 3714 3216 3776 '16".

2296 3816 2526 3887 Συνόδου
2565 3815 2928 3887 Καρθαγὲνης
2954 3816 3138 3870 κανὼν
3170 3810 3279 3879 κα’,
3305 3813 3414 3884 κβ’,
3439 3810 3544 3868 πδ’.

2298 3905 2529 3964 Συνόδου
2569 3906 2624 3973 ς’
2653 3906 2834 3964 κανὼν
2865 3913 2931 3962 ια’
2964 3907 3061 3962 καὶ
3089 3905 3190 3978 οβ’.

2301 4003 2437 4076 ρλη’.
2477 4001 2606 4056 Ὅτι
2629 4001 2711 4056 δεῖ
2763 4002 2889 4065 τοὺς
2919 3999 3355 4071 τῶνὰλλοτρίων
3396 3999 3816 4072 ὲφαπτομένους

2227 4096 2324 4150 καὶ
2347 4093 2810 4159 πλεονεκτοῦντας
2838 4091 3219 4165 ὲκκηρύκτους
3247 4091 3492 4163 γίνεσθαι
3542 4093 3645 4162 τῆς
3689 4093 3816 4148 Ἐκ-

2231 4185 2480 4258 κλησίας.
2565 4201 2568 4203 ‘
2612 4190 2615 4191 ⁷
3228 4249 3232 4252 .

2300 4281 2409 4337 Τοῦ
2438 4282 2594 4352 ἁγίου
2627 4283 2932 4356 Γρηγορίου
2960 4282 3053 4338 τοῦ
3076 4281 3507 4354 Θαυματουργοῦ
3538 4279 3719 4336 κανὼν
3742 4280 3814 4351 β’.

2301 4374 2408 4428 Τοῦ
2437 4375 2595 4442 ἁγίου
2625 4376 2929 4447 Γρηγορίου
2964 4375 3186 4447 Νύσσης
3210 4361 3387 4432 κανὼν
3415 4372 3492 4440 ς’.

2304 4466 2565 4536 Θεοφίλου
2597 4468 2779 4522 κανὼν
2817 4463 2896 4522 ιδ’.

622 4539 745 4610 159.
783 4558 915 4613 Eum
963 4557 1053 4626 qui
1106 4558 1173 4613 ab
1228 4572 1399 4613 uxore
1443 4561 1540 4614 sua
1599 4569 1797 4628 praeter
1854 4563 2118 4620 rationem

2306 4559 2437 4630 ρλϐ’.
2467 4548 2592 4614 Ὅτι
2635 4559 2698 4613 οὐ
2730 4559 2828 4614 ’δεῖ
2877 4560 3187 4632 στερεῖσθαι
3240 4561 3342 4630 τῆς
3389 4560 3678 4625 κοινωνίας
3722 4559 3824 4613 τὸν

548 4649 768 4707 relictus
816 4651 906 4714 sit,
939 4653 1320 4706 communione
1364 4667 1469 4707 non
1500 4666 1624 4708 esse
1658 4654 2005 4723 privandum.

626 4753 809 4806 Sancti
837 4752 1026 4808 Basilii
1058 4769 1234 4809 canon
1268 4754 1360 4809 55.

622 4844 746 4900 MO.
774 4845 891 4900 Non
925 4857 1175 4914 oportere
1206 4846 1538 4903 immundam
1570 4849 1990 4919 mulierem,hoc
2019 4860 2127 4921 est,

546 4935 815 4989 menstrui
871 4933 1117 5005 pruﬂuvii
1170 4944 1433 5007 tempore,
1474 4938 1540 4992 ad
1601 4950 1845 4994 sanctam
1872 4953 2125 4995 comnm-

548 5029 763 5083 nionem
812 5029 1114 5085 accedere:
1144 5030 1271 5099 quin
1310 5027 1487 5101 neque
1508 5046 1601 5087 eos
1633 5031 1726 5102 qui
1775 5033 2130 5090 matrimonio

542 5119 718 5189 juncti
772 5131 920 5187 sunt,
968 5123 1070 5178 nisi
1104 5138 1169 5178 ex
1227 5133 1511 5195 compacto
1546 5142 1575 5179 a
1627 5137 1813 5181 mutuo
1866 5137 2120 5196 contactu

545 5215 949 5283 abstinuerint;
994 5228 1168 5286 neque
1218 5233 1347 5273 vero
1391 5219 1483 5288 qui
1542 5225 1868 5274 noeturuum
1916 5218 2123 5273 ﬂuxum

547 5307 689 5375 passi
727 5317 871 5374 sunt,
916 5309 1182 5378 siquidem
1220 5311 1463 5367 mulieris
1491 5311 1936 5383 concupiscentia
2008 5328 2130 5368 sese

545 5410 828 5471 correptos
860 5403 1096 5458 videant.
1166 5403 1386 5474 Siquis
1421 5421 1549 5460 vero
1583 5421 1721 5474 aqua
1757 5421 1816 5462 se
1879 5396 2128 5470 abluens,

546 5501 641 5547 aut
667 5495 715 5549 in
744 5495 936 5550 balneo
959 5497 1144 5552 lavaus
1170 5513 1233 5554 ac
1267 5500 1466 5554 invitus
1497 5516 1700 5571 aquam
1742 5488 2030 5566 sorbuerit,
2062 5501 2129 5554 ab

545 5599 608 5640 ea
629 5601 734 5641 non
766 5587 1060 5643 arcebitur.

565 5696 569 5700 '
620 5678 801 5734 Sancti
833 5680 1071 5750 Dionysii
1115 5687 1293 5736 canon
1319 5681 1374 5746 2,
1399 5682 1453 5746 ’5,
1489 5684 1540 5736 4.

624 5770 804 5826 Sancti
837 5771 1120 5828 Athanasii
1150 5787 1319 5828 canon
1358 5777 1413 5830 1.

623 5858 809 5918 Sancti
843 5861 1111 5923 Timothei
1146 5877 1317 5921 canon
1347 5862 1401 5929 5,
1435 5867 1489 5933 7,
1521 5863 1613 5931 12,
1642 5863 1733 5930 15,
1771 5863 1853 5920 16.

2231 4653 2446 4721 ἀλόγως
2477 4652 2913 4722 καταλειφθέντα
2943 4653 3047 4706 ὑπὸ
3066 4653 3166 4722 τῆς
3194 4652 3333 4717 ίδίας
3372 4652 3647 4722 γυναικός.

2303 4746 2411 4800 Τοῦ
2444 4746 2604 4812 ἁγίου
2625 4744 2913 4799 Βασιλείου
2938 4744 3120 4798 κανὼν
3141 4747 3233 4800 λε’.

2304 4838 2419 4910 ρμ’.
2455 4836 2581 4891 Ὀτι
2611 4837 2672 4890 οὑ
2709 4835 2788 4889 δεῖ
2810 4835 3125 4904 ἀκάθαρτον
3156 4838 3414 4905 γυναῖκα,
3446 4837 3733 4892 τουτέστιν
3753 4839 3818 4893 ἐν

2231 4929 2343 4991 τοῖς
2373 4926 2646 4997 μηνιαίοις
2676 4925 2869 4994 αὐτῆς,
2899 4927 2966 4994 τῇ
2992 4925 3126 4997 ἁγίᾳ
3161 4929 3416 4998 κοινωνίᾳ
3448 4918 3771 4999 προσελθεῖν
3798 4948 3816 4964 ⁸

2232 5017 2348 5072 ἀλλ’
2372 5017 2494 5072 οῦδὲ
2529 5017 2577 5072 oi
2609 5017 2666 5071 ἐν
2697 5015 2930 5089 συζυγίᾳ
2957 5015 3130 5083 ὄντες,
3172 5019 3220 5072 εί
3245 5007 3331 5089 ’μὴ
3358 5021 3420 5089 τῇ
3455 5020 3590 5090 αὐτῇ
3624 5021 3819 5097 ἡμέρᾳ

2232 5113 2632 5184 ἀποστήσουσιν
2654 5110 2853 5174 αὐτοὺς
2875 5111 2939 5164 ὲκ
2965 5110 3262 5181 συμφώνου
3289 5113 3388 5182 τῆς
3420 5114 3541 5182 μετ’
3561 5113 3816 5190 ἀλλήλων

2234 5205 2550 5274 συναφείας.
2579 5202 2719 5257 Οὔτε
2750 5203 2809 5258 δὲ
2830 5203 2880 5256 oi
2907 5205 2964 5258 ὲν
2997 5206 3286 5274 νυκτερινῇ
3327 5204 3480 5274 ῥύσει
3507 5208 3821 5274 γενόμενοι,

2232 5300 2394 5371 εἴπερ
2450 5297 2678 5360 ἑαυτοὺς
2739 5295 3008 5367 ἐπιθυμίᾳ
3059 5296 3319 5363 γυναικὸς
3367 5297 3818 5367 κεκρατημένους

2232 5393 2435 5464 δρῶσιν
2461 5404 2476 5422 ο
2503 5389 2631 5442 εἰδὲ
2653 5388 2978 5458 νιπτόμενός
3010 5405 3095 5452 τις
3132 5388 3306 5456 ὕδατι,
3344 5389 3378 5459 ἦ
3410 5390 3819 5460 ἁπολουόμενος

2234 5487 2291 5540 ὲν
2325 5481 2613 5555 βαλανείῳ,
2647 5482 2741 5534 καὶ
2769 5482 2846 5554 μὴ
2879 5479 3052 5535 θέλων
3081 5483 3325 5556 καταπίῃ
3363 5478 3527 5552 ὕδωρ,
3565 5481 3664 5536 οὐκ
3700 5476 3830 5554 είρ-’

2235 5578 2501 5650 χθὴσεται
2531 5575 2755 5645 ταύτης.

2305 5671 2413 5725 Τοῦ
2444 5670 2604 5738 ἁγίου
2638 5667 2916 5723 Διονυσίου
2944 5666 3125 5724 κανὼν
3153 5667 3221 5740 β’,
3251 5665 3322 5736 γ’,
3359 5668 3424 5726 δ“.

2289 5759 2416 5820 ’Τοῦ
2445 5763 2603 5833 ἁγίου
2651 5761 2973 5816 Ἀθανασίου
3001 5761 3185 5818 κανὼν
3211 5760 3308 5820 α⁹.’

2307 5855 2414 5913 Τοῦ
2442 5856 2598 5925 ἁγίου
2629 5852 2896 5924 Τιμοθέου
2930 5853 3194 5922 κανὼνεκ
3221 5853 3286 5922 ζ’,
3321 5840 3409 5928 ιβ’,
3437 5859 3529 5927 ιτς
3565 5856 3664 5922 ις’.
