4084 6194
333 282 405 344 79
1591 274 1975 338 MRIS’I‘ENI
2013 275 2362 340 MONACHI
3520 280 3595 348 80

329 403 536 449 attente
559 394 711 450 audit
735 412 748 450 :
774 393 967 450 deinde
989 407 1246 465 egressus
1265 393 1495 464 despicit
1518 401 1885 460 aversaturqul

2018 393 2142 462 ίερᾷ
2171 393 2390 464 Γραφῇ,
2449 387 2572 446 εἶτα
2603 394 2972 466 περιφρονῶν,
3005 396 3100 449 καὶ
3130 392 3308 464 ἐξιὼν,
3341 396 3435 451 καὶ
3455 397 3589 450 ἁπο-

329 488 786 553 cmnmuuionem,
813 487 1113 556 ejiciendus
1141 497 1248 542 est.

481 579 583 645 Qui
608 595 732 634 cum
766 580 1237 638 excominunieato
1260 577 1650 642 communicat,
1674 592 1902 632 excom-

329 672 631 725 municatus
684 682 939 726 censetur
975 687 990 738 ;
1032 679 1085 724 et
1120 670 1211 741 qui
1234 679 1353 725 orat
1390 685 1513 724 cum
1548 670 1615 725 iis
1648 671 1738 739 qui
1778 686 1902 724 cum

328 763 569 816 Ecclesia
600 779 703 817 non
727 773 906 827 orant,
944 779 1067 816 reus
1089 772 1203 816 est.
1228 763 1358 817 Item
1394 762 1484 832 qui
1516 762 1748 831 suscipit
1779 778 1901 816 eum

323 857 418 923 qui
457 853 710 911 Ecclesia:
756 857 1110 910 conventibus
1146 872 1254 909 non
1301 855 1548 921 interest,
1595 856 1757 924 culpa
1800 871 1903 908 non

327 957 504 1002 γουσι.

393 1041 449 1097 4.
484 1041 785 1111 Episcopus
819 1057 846 1094 a
874 1041 1082 1112 synodo
1117 1042 1417 1112 depositus,
1453 1055 1517 1094 ae
1543 1041 1826 1112 presbyter
1848 1050 1902 1096 et

323 1134 583 1190 diaconus
609 1137 677 1190 ab
701 1137 957 1204 episcopo
985 1135 1154 1204 gradu
1184 1146 1383 1197 motus,
1416 1134 1466 1190 si
1494 1149 1589 1203 per
1609 1146 1896 1189 contmna-

323 1228 463 1282 ciam
498 1243 691 1281 munus
737 1229 921 1292 obeat,
957 1227 1249 1295 deplorata:
1272 1227 1391 1296 'spei
1423 1237 1529 1282 est.

399 1320 452 1376 5.
504 1319 697 1374 Omnis
745 1322 1068 1391 presbyter,
1119 1329 1212 1374 aut
1267 1322 1528 1377 diaconus
1588 1322 1901 1392 episcopum

324 1422 682 1469 contemnens
729 1422 782 1467 et
832 1415 899 1466 ab
951 1426 1019 1468 eo
1073 1413 1364 1480 recedens,
1419 1416 1674 1485 aliudque
1724 1417 1900 1468 altare

319 1516 612 1561 exstruens
643 1521 658 1561 :
703 1506 750 1561 si
785 1506 853 1561 ab
880 1506 1134 1575 episcopo
1163 1506 1245 1561 bis
1277 1517 1465 1577 terque
1497 1509 1793 1564 accersitus
1845 1508 1898 1562 in

321 1597 627 1665 arrogantia
682 1599 980 1667 persistat,
1037 1599 1382 1667 deponatur,
1430 1600 1733 1654 curationis
1805 1615 1900 1668 spe

318 1691 631 1744 destitutus.

2007 487 2373 557 στρεφόμενος
2402 487 2502 558 τὴν
2545 487 2875 559 μετάληψιν,
2909 489 3238 558 ἀπόϐλητος.

2075 575 2146 645 γ’.
2193 577 2250 631 '0
2281 579 2636 650 ἁκοινωνήτῳ
2668 581 2968 643 κοινωνῶν,
2992 579 3355 648 ἀκοινώνητος
3382 597 3396 613 ο
3437 581 3532 634 καὶ
3561 581 3589 633 ό

2002 673 2404 740 ’συνευχόμενος
2434 674 2548 735 τοῖς
2574 670 2658 742 μὴ
2697 675 2761 743 τῇ
2811 671 3108 742 Ἐκκλησία
3145 671 3586 742 συνευχομένοις.

2007 764 2331 826 ὑπεύθυνος·
2363 767 2455 816 καὶ
2485 766 2513 816 ό
2541 764 2629 816 τὸν
2651 766 2730 828 εἰς
2763 765 3090 834 Ἐκκλησίαν
3116 765 3191 835 μὴ
3213 765 3588 834 συναγόμενον

2007 857 2436 925 ὑποδεχόμενος,
2463 858 2566 910 οὐκ
2601 857 2874 920 ἀναίτιος.

2070 1035 2138 1090 δ’.
2183 1036 2242 1088 Ὀ
2268 1035 2377 1088 ὑπὸ
2415 1035 2637 1088 συνόδου
2667 1033 3056 1105 καθῃρημένος
3106 1034 3434 1096 ἐπίσκοπος,
3492 1036 3589 1084 καὶ

2005 1131 2031 1182 ὁ
2055 1130 2158 1182 ὑπὸ
2190 1129 2498 1181 ἐπισκόπου
2525 1129 2903 1198 πρεσϐύτερος
2931 1130 3027 1180 καὶ
3060 1125 3354 1192 διὰκονοξ,
3394 1127 3444 1178 εί
3490 1129 3590 1179 αὑ-

2005 1222 2394 1290 Θαδιαζόμενος
2430 1221 2836 1291 λειτουργῆσαι,
2870 1221 3221 1283 ἀνέλπιστος.

2075 1323 2136 1370 ε’.
2163 1318 2276 1378 Πᾶς
2305 1318 2330 1368 c'-
2355 1316 2661 1368 ἐπισκόπου
2697 1314 3080 1385 κατατρονῶν,
3113 1316 3208 1368 καὶ
3271 1313 3585 1382 ἀφιστάμε-

2003 1427 2092 1473 νος
2128 1407 2568 1479 πρεσϐύτεροςῆ
2620 1407 2887 1466 διάκονος,
2929 1409 3023 1460 καὶ
3083 1406 3387 1476 οἰκοδομῶν
3454 1406 3591 1460 ἄλλο

2003 1501 2426 1569 Θυσιαστήριον,
2462 1499 2510 1552 εί
2539 1498 3027 1568 προσκαλούμενος
3049 1498 3129 1557 δὶς
3166 1499 3260 1549 καὶ
3291 1498 3411 1567 τρὶς
3433 1500 3585 1567 παρὰ

2000 1593 2093 1647 τοῦ
2119 1592 2428 1647 ἐπισκόπου
2460 1593 2714 1659 ἐπιμένοι
2745 1594 2814 1663 τῇ
2846 1591 3097 1662 ἀπονοίᾳ,
3147 1590 3585 1661 καθαιρούμενος

2001 1689 2163 1753 ἑστω,
2199 1687 2294 1740 καὶ
2334 1687 2732 1755 ἀθεράπευτος,

390 1782 446 1835 6.
501 1781 1038 1836 Exrommunicatum
1091 1783 1161 1838 ab
1198 1783 1456 1853 episcopo
1491 1783 1748 1837 clericum
1806 1793 1885 1834 aut

2074 1781 2274 1844 ς¹.Τὺν
2309 1779 2682 1849 ἀφορισθέντα
2709 1778 2839 1847 παρ’
2890 1778 3197 1830 ἐπισκόπου
3243 1776 3505 1845 κληρικδν
3547 1777 3582 1846 ἦ

321 1874 518 1927 laicuin
549 1874 592 1927 si
627 1873 796 1939 major
825 1871 1062 1942 synodus
1092 1876 1413 1943 susceperit,
1444 1885 1539 1928 aut
1559 1873 1892 1928 condemna-

320 1967 478 2030 verit,
513 1965 861 2035 acquiescere
891 1975 1103 2034 Oportet
1125 1967 1433 2022 sententiae.

393 2061 443 2114 ’7.
483 2059 809 2128 Peregrinus
861 2060 1116 2128 pacilicas
1177 2074 1283 2112 non
1345 2057 1579 2113 aﬂerens
1610 2057 1893 2128 epistolas,

318 2165 424 2205 non
461 2161 546 2205 est
576 2151 973 2217 suscipiendus.

384 2246 438 2298 8.
471 2243 760 2313 Presbyter
797 2245 906 2298 ruri
940 2244 1137 2314 degens
1168 2260 1230 2298 ne
1253 2244 1550 2299 canonicas
1575 2245 1661 2298 det
1689 2245 1894 2312 episto-

314 2335 418 2401 las,
455 2335 552 2391 nisi
579 2337 644 2391 ad
675 2335 847 2390 solum
888 2335 1123 2390 vicinum
1157 2338 1498 2407 episeopum.

383 2428 439 2482 9.
500 2430 544 2480 A
600 2429 1002 2498 metropolitani
1056 2429 1328 2483 sententia
1385 2431 1620 2498 pendere
1677 2437 1895 2498 Oportet

313 2523 618 2589 episcopos,
649 2521 892 2591 nihilque
915 2523 1052 2575 citra
1081 2523 1225 2577 illius
1257 2524 1544 2576 consilium
1575 2524 1892 2590 instituere,

312 2611 420 2666 nisi
445 2626 508 2668 ea
540 2610 652 2667 sola
684 2626 802 2681 quae
831 2611 898 2667 ad
925 2627 1078 2666 suam
1108 2613 1374 2682 cujusque
1404 2614 1685 2668 dioecesim
1720 2617 1891 2682 perti-

313 2713 465 2771 nent,
494 2718 556 2758 ac
592 2703 722 2760 viris
774 2703 1182 2772 reprehensioni
1233 2719 1336 2759 non
1394 2705 1647 2760 obnoxiis
1697 2720 1893 2761 manus

319 2797 627 2865 imponere.

382 2889 469 2944 10.
507 2888 846 2957 Exoreistas,
869 2889 1122 2956 icctores,
1155 2890 1613 2956 subdiaconus,et
1639 2901 1890 2948 cantores

310 2983 595 3039 constituit
633 2981 1059 3052 clior-episcopus
1092 2999 1106 3036 :
1145 2999 1250 3037 non
1285 2992 1464 3038 tamen
1513 2984 1883 3056 presbyterum

310 3085 404 3130 aut
433 3075 718 3130 diaconum
751 3076 958 3145 absque
989 3075 1230 3131 civitatis
1261 3076 1537 3148 episcopo.
1567 3077 1670 3143 Qui
1701 3089 1881 3134 autem

311 3168 412 3222 hoc
443 3167 748 3237 transgredi
776 3168 992 3234 audeat,
1029 3167 1360 3238 deponatur.

379 3346 468 3401 11.
499 3342 662 3403 Urbis
684 3329 971 3419 episcopus
1005 3344 1136 3401 facit
1163 3345 1642 3418 chorepiscopum.

379 3522 469 3580 12.
499 3523 555 3579 Si
591 3523 901 3593 cpiscopus,
937 3532 1030 3576 aut
1087 3523 1368 3596 presbyter
1415 3535 1627 3592 sponte.
1658 3538 1721 3578 ac
1766 3539 1885 3580 sine

306 3613 596 3689 provincize
629 3616 1030 3685 metropolitani
1052 3614 1204 3682 jussu
1241 3617 1626 3686 imperatorem
1660 3615 1879 3679 adierit.

303 3705 683 3761 communione
705 3722 768 3761 ac
793 3708 1054 3776 dignitate
1078 3706 1317 3763 excidat.

377 3892 467 3946 15.
502 3889 788 3962 Depositus
835 3890 878 3945 si
916 3889 1219 3945 molestiam
1272 3889 1621 3958 imperatoris
1651 3889 1878 3944 auribus

303 3984 579 4047 exhibeat,
609 3981 868 4052 synodum
899 3981 1157 4051 majorem
1189 3990 1352 4050 petat,
1389 3982 1636 4050 illiusque
1656 3979 1877 4036 decreto

306 4086 431 4132 stet.
462 4072 612 4142 Quod
647 4075 690 4128 si
738 4088 926 4128 rursus
972 4073 1300 4142 indignetur,
1325 4074 1569 4143 pristinae
1599 4070 1878 4142 dignitatis

305 4166 690 4242 recuperanda:
722 4163 864 4218 nulla
899 4165 943 4216 ei
976 4177 1103 4230 Spes
1129 4179 1246 4218 esse
1283 4173 1482 4233 potest.

332 4257 335 4260 ’
376 4258 462 4312 14.
499 4255 554 4311 Si
593 4257 808 4310 nemine
855 4267 1076 4326 rogante
1133 4255 1422 4324 episeOpns
1459 4257 1509 4309 in
1559 4254 1718 4308 aliam
1751 4269 1875 4325 pro-

301 4351 537 4405 vinciam
567 4365 625 4403 se
650 4349 910 4414 conferat,
936 4347 1254 4416 ordinetque
1283 4363 1343 4401 ac
1378 4363 1463 4401 res
1495 4349 1870 4406 administret:

301 4444 416 4515 ipsa
454 4441 602 4495 irrita
639 4449 886 4505 manent,
915 4449 1076 4507 atque
1109 4439 1193 4491 ille
1217 4437 1535 4507 deponatur.

368 4633 453 4687 15.
485 4630 539 4686 Si
569 4641 824 4686 accusato
854 4631 1108 4701 episcopo
1147 4631 1438 4700 provinciae
1463 4630 1706 4701 episcopi
1737 4632 1875 4686 inter

300 4741 360 4782 se
391 4727 717 4794 discrepent,
752 4724 841 4778 alii
871 4733 995 4777 sunt
1029 4740 1058 4778 e
1087 4725 1276 4779 vicinis
1305 4724 1438 4780 locis
1471 4725 1770 4781 advocandi
1806 4727 1872 4781 ad

297 4818 722 4876 controversiam
752 4827 900 4872 certo
926 4817 1314 4874 dirimendam.

370 4910 462 4974 16.
512 4907 725 4968 Iudicio
781 4910 1143 4963 cantendcnte
1196 4910 1470 4978 episcopo,
1524 4909 1567 4963 si
1623 4911 1867 4963 omnium

297 5002 588 5075 provincia:
641 5001 1018 5070 episc0pornm
1078 5001 1358 5057 sententias
1399 5003 1698 5057 concordes
1735 5003 1868 5067 sint,

297 5091 684 5162 redintegratio
720 5090 948 5144 actionis
985 5105 1086 5142 non
1115 5091 1290 5144 datur.

366 5199 452 5250 l7.
492 5197 594 5263 Qui
643 5198 775 5251 citra
829 5195 1096 5266 integrant
1150 5195 1412 5265 synodum
1470 5204 1633 5263 atque
1691 5195 1867 5264 ipsum

293 5288 768 5357 metropolitanum
823 5286 874 5339 in
935 5295 1224 5340 vacantem
1272 5286 1570 5342 ECCleSiatll
1635 5286 1859 5351 invadit,

290 5382 538 5453 quamvis
569 5379 686 5448 ipse
713 5395 933 5433 munere
976 5388 1151 5442 vacet,
1187 5380 1490 5448 ejiciendus
1514 5390 1618 5435 est.

364 5469 448 5525 18.
490 5469 592 5535 Q'ui
633 5479 881 5539 suscepto
909 5467 1098 5524 ordine
1131 5468 1292 5522 abeo
1328 5466 1520 5530 resilit,
1551 5484 1864 5524 excommu-

289 5563 521 5626 nicatur,
553 5576 832 5630 quousque
889 5561 1200 5631 poenitentia
1235 5562 1426 5616 ductus
1461 5576 1655 5616 muntts
1695 5562 1862 5617 susci-

290 5655 425 5723 piat.
1492 5643 1494 5645 ί

361 5747 446 5799 1-0.
476 5745 773 5816 Ερίεροιιιιε
809 5747 1090 5804 ordinatus
1147 5746 1350 5804 honore
1382 5747 1616 5812 fruatur,
1650 5745 1774 5803 licet
1827 5764 1861 5801 ar

2001 1873 2188 1926 λαῖκδν
2227 1873 2326 1924 ἐὰν
2352 1871 2558 1942 μείζων
2605 1870 2825 1933 σύνοδος
2890 1868 3262 1938 προσδέξοιτο,
3324 1869 3356 1942 ἢ
3412 1885 3588 1920 κατα-ρ

1999 1966 2259 2035 κρίνοιτο,
2297 1965 2552 2034 στέργειν
2576 1961 2754 2033 χρεὼν
2782 1963 2881 2031 τὴν
2916 1963 3215 2029 ἀπόφασιν.

2069 2055 2132 2122 ζ’.
2175 2058 2233 2110 Ὀ
2268 2057 2417 2122 ξένος
2468 2057 2755 2126 εἰρηνικὰς
2802 2056 2862 2108 οὐ
2927 2053 3244 2124 προσάγων,
3317 2055 3586 2124 ἁπρόσδε-

1999 2169 2149 2212 κτος.

2067 2242 2135 2314 η’.
2175 2245 2232 2296 ’0
2265 2245 2363 2296 ἐπὶ
2390 2241 2577 2313 χώρας
2608 2240 2985 2313 πρεσϐύτερος
3017 2240 3095 2310 μὴ
3119 2240 3317 2294 διδότω
3355 2257 3580 2293 κανονι-

1995 2340 2098 2402 κάς
2132 2337 2501 2406 ἐπιστολὰς,ἢ
2534 2336 2671 2408 πρὸς
2704 2336 2866 2406 μόνον
2889 2336 3190 2388 ἐπίσκοπον
3222 2335 3468 2402 γείτονα.

2066 2431 2131 2485 θ’.
2163 2432 2272 2486 Τοὖ
2319 2430 2733 2503 μητροπολίτου
2782 2429 2886 2499 τῆς
2954 2428 3184 2499 γνώμης
3234 2428 3583 2499 ἀναρτᾶσθαι

1993 2524 2122 2589 τοὺς
2149 2525 2506 2586 ἐπισκόπους.
2542 2526 2634 2576 καὶ
2672 2523 2808 2593 μήτι
2834 2521 2931 2591 τῆς
2965 2520 3133 2574 αὑτοῦ
3169 2521 3434 2590 προνοίας
3495 2522 3580 2572 οἰ-

1993 2619 2253 2687 κονομεῖν
2281 2617 2429 2686 δίχα,
2465 2617 2498 2686 ἦ
2543 2615 2681 2686 μόνα
2710 2615 2780 2667 τὰ
2807 2617 2870 2683 τῇ
2926 2612 3034 2684 toi;
3090 2613 3286 2682 ἐνορίᾳ
3338 2613 3577 2682 προσπί-

1995 2724 2222 2770 πτοντα,
2299 2707 2397 2760 καὶ
2449 2705 2796 2777 χειροθεσίας
2852 2704 3245 2776 ἀνεπιλήπτως
3317 2705 3582 2773 ἀνδράσιν

1992 2799 2290 2854 ἐπιτελεῖν.

2066 2895 2118 2942 ι’.
2165 2880 2555 2959 Ἐπορκιστάς,
2587 2888 2682 2942 καὶ
2711 2886 3092 2956 ἀναγνώστας,
3158 2888 3255 2940 καὶ
3285 2884 3578 2939 ὑποδιακό-

1989 2997 2136 3043 νους,
2171 2981 2267 3032 καὶ
2291 2978 2502 3048 ψάλτας
2536 2961 2833 3049 καθίστησί
2856 2978 3276 3048 χωρεπίοκοπος
3306 2993 3319 3006 ·
3348 2977 3409 3029 οὐ
3436 2977 3578 3047 μέ.-

1988 3083 2070 3119 τοι
2111 3065 2567 3137 πρεσϐύτσρον,ἧ
2613 3067 2883 3133 διάκονον,
2946 3068 3075 3122 ἄνευ
3125 3065 3220 3120 τοῦ
3268 3067 3411 3120 κατά
3467 3065 3578 3135 τὴν

1991 3159 2144 3212 πόλιν
2173 3160 2497 3212 ἐπισκόπου.
2539 3159 2600 3212 '0
2623 3159 2679 3212 δὲ
2710 3159 2870 3214 τοῦτο
2919 3159 3139 3232 τολμῶν
3185 3159 3565 3230 ὑπερὸαίνειν,

2023 3250 2075 3322 [η
2102 3251 2507 3324 καθῃρημένοςο

2062 3347 2154 3396 ια’.
2204 3342 2269 3395 '0
2297 3342 2394 3412 τῆς
2446 3343 2656 3407 πόλεως
2691 3346 2839 3399 ποιεῖ
2877 3345 3180 3410 ἐπίσκοπος
3226 3347 3571 3419 χωρεπῐσκο-

1988 3451 2109 3508 πον.

2061 3523 2149 3597 ιβ’.
2191 3525 2249 3580 Ὀ
2277 3526 2519 3597 προσιὼν
2571 3529 2895 3599 αὐτομάτως
2956 3529 3031 3598 τῷ
3083 3527 3297 3599 βασιλεῖ
3345 3530 3575 3582 ἐπέσκο-

1988 3638 2090 3683 πος
2130 3620 2585 3691 ἧπρεσϐύτερος,
2631 3624 2724 3675 καὶ
2765 3621 2886 3691 οὐχ).
2939 3621 3254 3684 κελευσθεὶς
3284 3621 3420 3691 πρὸς
3466 3623 3564 3677 τοῦ

1984 3716 2086 3785 τῆς
2118 3713 2304 3787 χώρας
2338 3715 2764 3786 μητροπολίτου.
2799 3715 2941 3786 μετά
2969 3715 3261 3780 κοινωνίας
3294 3717 3563 3770 ἐκπιπτέ-

1979 3826 2060 3864 στω
2095 3810 2190 3864 καὶ
2214 3809 2313 3883 τῆς
2339 3810 2520 3874 ἀξίας.

2052 3905 2145 3966 ιγ’.
2201 3899 2264 3954 Ὀ
2311 3899 2701 3972 καθῃρημένος
2749 3899 2799 3954 εί
2856 3900 3104 3972 ἐνοχλοίη
3184 3901 3263 3973 τῷ
3325 3901 3572 3971 βασιλεῖ,

1981 3993 2204 4046 αἰτείτω
2287 3991 2512 4046 σύνοδον
2599 3993 2845 4063 μειζόνα,
2924 3995 3019 4048 καὶ
3094 3994 3171 4065 τῷ
3259 3995 3376 4048 ἐκεῖ
3469 3997 3563 4048 δός

1980 4085 2132 4150 ξαντι
2165 4085 2468 4156 στοιχείτω.
2491 4088 2557 4141 Et
2587 4088 2643 4140 δέ
2673 4088 2766 4139 καὶ
2795 4086 2952 4149 αὖθις
2980 4087 3404 4158 ἀποδοσπετοίη,
3463 4091 3562 4141 ἀνι

1977 4180 2247 4242 έλπιστος.

2049 4272 2128 4325 ιδ’.
2157 4270 2220 4326 Et
2253 4269 2485 4342 μηδενὸς
2517 4270 2818 4335 ἀξιοῦντος,
2887 4272 3191 4338 ἐπίσκοπος
3260 4275 3340 4336 εἰς
3388 4273 3561 4340 ἄλλην

1979 4364 2252 4434 ἐπαρχίαν
2284 4363 2459 4426 ἀπίοι,
2500 4365 2593 4417 καὶ
2625 4366 2990 4434 χειροτονοίη,
3020 4367 3112 4418 καὶ
3155 4365 3382 4437 διοικοίη
3417 4368 3560 4437 πρά-

1898 4468 1952 4529 D
1980 4475 2168 4526 γματα
2192 4475 2205 4486 '
2224 4457 2362 4512 αὑτά
2397 4475 2456 4511 τε
2491 4457 2672 4528 ἄκυρα
2701 4457 2885 4526 μένει,
2913 4460 3009 4512 καὶ
3038 4461 3250 4522 ἐκεῖνος
3297 4460 3560 4530 καθαιρε-

1981 4547 2228 4617 ϐήσεται.

2053 4637 2134 4693 ιε’.
2177 4640 2238 4691 Εἰ
2263 4640 2566 4692 ἐπισκόπου
2646 4641 2973 4710 κρινομένου
3028 4644 3077 4700 oi
3132 4644 3233 4712 τῆς
3283 4644 3563 4714 ἐπαρχίας

1979 4734 2273 4786 ἐπίσκοποι
2305 4733 2669 4803 διαφέροιντο,
2702 4735 3074 4804 μετακλητέον
3100 4736 3208 4789 ἀπὸ
3233 4737 3342 4790 τῶν
3381 4737 3559 4801 πέλας

1976 4825 2199 4894 ἐτέρους
2228 4827 2308 4887 εἰς
2336 4823 2708 4892 ἀναμφίόολον
2755 4826 3204 4898 ἀμφισϐήτησιν.

2047 4923 2145 4979 ις’.
2191 4914 2524 4969 Ἐπισκόπου
2550 4914 2932 4986 δικαζομένου,
2973 4919 3021 4970 εἰ
3056 4921 3162 4982 πᾶς
3202 4921 3554 4992 ἐπαρχιώτη;

1975 5012 2272 5074 ἐπίσκοπος
2360 5009 2668 5078 ἀδιάφωνος
2747 5013 3012 5082 κρίνοιτο,
3094 5015 3411 5070 παλινδικία
3485 5020 3546 5071 οὐ

1973 5104 2206 5171 γίνεται.

2045 5195 2130 5259 ιζ’.
2177 5197 2234 5249 '0
2262 5196 2386 5266 δίχα
2430 5197 2653 5251 συνόδου
2690 5197 2926 5265 τελείας,
2955 5200 3052 5255 καὶ
3086 5203 3254 5256 αὑτοῦ
3287 5203 3381 5257 τοῦ
3441 5222 3552 5274 μη-

1968 5287 2297 5358 τροπολξτου
2319 5290 2410 5339 ἐπὶ
2443 5289 2812 5359 σχολάζουσαν
2878 5293 3205 5363 Ἐκκλησίαν
3241 5297 3552 5363 ἐπιπηδῶν,

1968 5379 2073 5433 κᾶν
2104 5379 2400 5451 σχολάζων,
2430 5380 2759 5452 ἀπόϐλητος.

2040 5471 2132 5542 ιη’.
2171 5471 2562 5541 ’Λκοινώνητος
2601 5475 2628 5525 ὁ
2671 5473 2994 5556 δεξάμενος.
3027 5483 3385 5552 χειροτονίαν,
3445 5499 3545 5535 και

1965 5563 2171 5632 ταύτης
2247 5563 2627 5632 ἀποσκιρτῶν,
2699 5565 2804 5630 ἓως
2905 5573 3209 5639 μεταγνοὺς
3308 5573 3541 5627 καταδέ-

1965 5652 2124 5718 ξοιτο.

2038 5748 2120 5805 ιϐ’.
2170 5749 2460 5821 Μετεχέτω
2518 5753 2617 5825 τῆς
2673 5758 2836 5829 τιμῆς
2895 5756 3195 5824 ἐπίσκοπος
3234 5777 3543 5833 χειροτονη-
