4084 6194
320 401 376 462 81
1565 415 1897 477 SYNOPSlf

2007 417 2352 480 ANONUM.
3515 428 3586 492 82

321 520 449 584 Oak,
479 519 573 572 ml.
603 520 679 592 μὴ
710 522 1001 594 δεχόμενος
1045 527 1182 598 πρὸς
1215 530 1316 600 τῆς
1349 531 1584 600 πόλεως,
1618 535 1712 587 καὶ
1751 535 1894 587 λειτ-

2003 536 2225 591 civitate
2279 553 2384 590 nou
2422 539 2740 608 recipiatur,
2801 547 3121 612 tantumque
3170 559 3368 601 munus
3400 548 3584 616 obeat,

316 611 576 681 ουργείτω
627 618 792 682 μόνον
811 658 827 682 ,
860 618 1153 690 ἀναμένων
1178 625 1205 676 ό
1230 642 1282 678 τι
1336 625 1403 678 ἂν
1427 628 1460 700 ἡ
1489 628 1588 700 τῆς
1622 631 1894 700 ἐπαρχίας

316 704 672 772 ἀποφαίνοιτο
690 707 933 776 σύνοδος.

380 804 448 850 κ’.
486 799 548 852 El
588 801 663 870 μὴ
691 802 913 867 σύνοδος
940 807 1051 877 εἴη.
1086 811 1181 864 καὶ
1213 813 1241 865 6
1313 815 1752 888 μητροπολίτης,
1819 818 1897 891 μὴ

315 892 546 955 γινέσθω
571 895 909 960 ἐπίσκοπος·
943 901 992 953 εί
1022 902 1080 956 δὲ
1112 903 1202 958 διὰ
1239 924 1294 960 τι
1317 907 1578 980 δυσχερὲς
1629 914 1705 982 μὴ
1763 928 1894 966 συν-

311 985 526 1052 ἁγοιντο
584 989 845 1059 ἅπαντες,
908 993 1048 1058 τέως
1102 998 1153 1050 oi
1193 999 1434 1069 πλείους,
1489 1002 1521 1074 ἢ
1569 1006 1898 1077 γράμμασιν

314 1079 528 1132 ἕποιντο
566 1080 877 1152 σύμψηφοι.
914 1086 976 1140 El
1010 1089 1057 1140 δ’
1095 1091 1238 1145 οὕτω
1299 1093 1396 1147 τοῦ
1437 1096 1764 1168 πράγματος
1802 1118 1894 1153 τε·

312 1171 572 1241 λουμένου
600 1175 964 1243 φιλονεικοῖέν
999 1198 1169 1247 τινες,
1205 1185 1364 1254 ἡτῶν
1396 1188 1660 1243 πλειόνων
1714 1191 1894 1264 ψῆφος

307 1265 608 1335 ὲνισχυέτω

362 1365 468 1412 at".
510 1359 842 1428 Ἐπίσκοπος
887 1367 962 1437 μὴ
988 1370 1094 1424 ὑπὸ
1124 1371 1271 1426 λαῶν
1304 1375 1650 1449 βιαζόμενος,
1683 1383 1895 1437 καὶύπὺ

308 1453 629 1508 ἐπισκόπων
714 1459 1192 1534 ἀναγκαζόμενος,
1268 1472 1344 1541 μὴ
1400 1474 1754 1543 μεθιστάσοω
1815 1479 1895 1542 εἰς

310 1548 601 1612 παροικίαν
632 1549 850 1620 ἑτέραν.

358 1639 464 1710 κβ’.
511 1641 642 1696 Ἐπὶ
667 1647 728 1697 τὸ
759 1653 1094 1719 χειροτονεῖν
1131 1669 1286 1718 τινας
1325 1657 1628 1724 ἐπίσκοπος
1687 1665 1750 1716 ἐκ
1803 1665 1896 1719 πό-

306 1731 441 1792 λεως
469 1733 554 1797 είς
584 1736 742 1790 πόλιν
775 1739 851 1810 μὴ
881 1742 1116 1810 ἀπιέτω,
1146 1746 1266 1799 ἀλλ’
1304 1748 1336 1818 ἢ
1383 1749 1583 1824 γνώμῃ
1637 1753 1728 1806 τοῦ
1776 1756 1894 1808 ἑπι-

307 1825 514 1918 σκόπου
544 1829 645 1899 τῆς
675 1832 886 1898 πόλεως
915 1852 928 1867 ⁸
964 1839 1014 1890 εί
1041 1837 1084 1891 δ’
1111 1839 1227 1907 οὖν,
1269 1842 1531 1909 ἀϐἐὸαιος
1570 1847 1601 1915 ἡ
1647 1864 1887 1918 χειροτο-

306 1917 409 1985 νία,
445 1923 543 1973 καὶ
574 1925 791 1987 “sivo;
823 1927 1106 1995 ὑπόδικος.

362 2018 470 2081 κγ’.
504 2014 592 2086 Μὴ
646 2017 959 2074 καθιστάτω
1013 2023 1203 2094 ἕτερον
1244 2026 1338 2080 ἐπὶ
1408 2030 1472 2098 τῇ
1561 2029 1726 2101 ἐξόδῳ
1775 2033 1898 2087 ἐπί-

307 2121 510 2158 σκοπον
541 2108 572 2160 6
601 2107 904 2175 ἐπίσκοπος
924 2129 939 2146 ο
1002 2117 1214 2170 ἐκείνου
1239 2118 1297 2172 δὲ
1327 2121 1706 2191 κοιμηθέντος,
1759 2127 1896 2194 μετὰ

305 2199 525 2252 συνόδου
608 2202 719 2255 τῶν
806 2206 1044 2278 ἑχόντων
1096 2211 1351 2276 ἐξουσίαν
1425 2217 1454 2269 6
1503 2213 1652 2280 ἄξιος
1694 2219 1895 2288 προσε-

303 2290 544 2362 ϐλήσθω.
1755 2303 1758 2306 ’

362 2380 461 2438 κδ’.
507 2386 684 2475 ίῙαντὶ
713 2388 790 2460 τῷ
816 2388 1010 2462 κλήρῳ
1049 2393 1116 2447 τὰ
1167 2396 1266 2465 τῆς
1350 2398 1678 2474 Ἐκκλησίας
1739 2403 1898 2475 θέμις

309 2472 788 2543 διαγινώσκεσθαι,
814 2481 922 2546 ἵνα,
955 2485 1047 2538 τοῦ
1079 2487 1383 2545 ἐπισκόπου
1414 2472 1899 2563 τελευτῶντοςξτὰ

308 2569 482 2623 οἰκεῖα
575 2570 678 2642 τῆς
763 2575 1101 2646 Ἐκκλησίας
1159 2579 1634 2658 διαφυλάττηταιο
1711 2592 1781 2646 τὰ
1839 2592 1898 2646 δὲ

308 2661 402 2714 τοῦ
475 2665 812 2736 ἐπισκόπου,
870 2672 1014 2726 κατά
1057 2673 1159 2744 τὴν
1219 2677 1429 2733 ἐκείνου
1454 2681 1725 2755 διοικῆται
1777 2686 1896 2744 διάη

307 2757 479 2824 ταξιν.

371 2847 470 2905 κε’.
503 2850 712 2923 Κύριος
737 2856 766 2908 6
789 2856 1086 2923 ἐπίσκοπος
1115 2861 1224 2916 τῶν
1263 2861 1358 2933 τῆς
1405 2865 1733 2938 Ἐκκλησίας
1757 2870 1899 2926 ἔστω

309 2943 683 3012 πραγμάτων.
717 2948 779 3000 Εἰ
809 2948 865 3002 δὲ
905 2952 979 3020 μὴ
1016 2953 1258 3009 ίκανοῖτο
1298 2961 1412 3023 τοῖς
1459 2960 1742 3017 ίκανοῦσιν
1801 2967 1901 3020 αύ-

307 3032 431 3098 τῶν,
457 3036 530 3087 τὰ
563 3037 619 3090 δὲ
650 3039 956 3110 πράγματα
1015 3047 1112 3099 καὶ
1142 3047 1271 3113 τοὺς
1319 3050 1524 3122 πόρους
1570 3055 1898 3124 μεταϐάλλοι

307 3129 400 3196 τῆς
432 3127 773 3201 Ἐκκλησίας
809 3137 883 3206 μὴ
910 3139 1050 3205 μετά
1102 3141 1328 3213 γνώμης
1358 3144 1454 3198 τοῦ
1500 3146 1726 3218 κλήρου,
1786 3151 1897 3205 είσ-

1999 638 2322 699 exspectans
2348 633 2609 702 quidquid
2659 633 2956 705 provinciae
2991 639 3235 708 synodus
3274 642 3586 711 pronuntia-

1994 723 2160 779 verit.

2069 815 2161 871 20.
2194 816 2414 889 Absque
2454 821 2662 892 synodo
2693 829 2747 876 et
2775 823 3194 894 metropolitano
3226 840 3294 880 ne
3319 824 3416 880 {lat
3465 828 3585 894 epi-

1998 924 2222 981 scopus.
2258 911 2313 967 Si
2339 922 2520 968 autem
2544 923 2766 984 propter
2803 914 3037 984 aliquam
3072 915 3440 972 ditﬁcultatem
3475 933 3582 972 non

1997 1005 2349 1060 convenerint
2386 1020 2599 1072 omnes,
2631 1007 2848 1062 interim
2891 1007 3094 1079 plures,
3130 1009 3214 1063 vel
3267 1011 3464 1066 litteris
3500 1028 3587 1068 as-

1999 1098 2322 1154 sentiuntur.
2349 1096 2407 1152 Si
2441 1113 2571 1154 vero
2596 1113 2652 1153 re
2687 1100 2760 1153 ita
2789 1109 3007 1170 peracta
3035 1102 3370 1159 contendant
3387 1104 3580 1174 aliqui,

1999 1191 2232 1259 plurium
2255 1189 2574 1262 sull‘ragium
2608 1191 2807 1246 valeat.

2070 1375 2158 1430 21.
2194 1373 2516 1447 Episcopus,
2547 1375 2648 1430 nisi
2682 1375 2731 1432 vi
2762 1391 2790 1430 a
2820 1376 3035 1448 populis
3061 1377 3229 1446 illata,
3263 1390 3315 1435 et
3356 1380 3425 1435 ab
3469 1379 3582 1451 epi-

1996 1467 2176 1538 scopis
2199 1477 2441 1538 ccgatur,
2476 1467 2530 1522 in
2555 1467 2716 1522 aliam
2755 1469 3051 1539 pareeciam
3082 1485 3150 1526 ne
3178 1479 3445 1528 transeat.

2065 1651 2158 1706 ΞΩ.
2191 1651 2491 1722 Episcopus
2527 1666 2594 1707 ex
2629 1655 2762 1708 urbe
2814 1654 2867 1709 ia
2912 1653 3104 1710 urbem
3146 1656 3213 1711 ad
3249 1658 3580 1714 ordinandas

1998 1743 2210 1812 aliquos
2271 1758 2338 1798 ne
2381 1747 2574 1810 abeat,
2612 1755 2972 1816 praeterquam
3014 1747 3081 1803 de
3130 1747 3282 1804 urbis
3339 1748 3579 1819 episcopi

2001 1836 2290 1892 sententia.
2311 1837 2408 1891 Sin
2452 1851 2601 1906 vero,
2636 1837 2874 1894 invalida
2909 1850 2992 1896 est
3023 1841 3319 1908 ordinatio,
3351 1841 3577 1912 ipseque

1993 1927 2202 2000 judicio
2229 1929 2524 1985 obnoxius.

2069 2022 2159 2078 νδ.
2189 2022 2486 2094 Episcopus
2512 2023 2567 2079 in
2599 2025 2745 2080 exitu
2765 2025 2889 2081 vita:
2923 2027 3260 2082 constitutus
3288 2026 3456 2082 alium
3483 2041 3581 2097 pro

1998 2131 2060 2173 se
2115 2116 2435 2187 episcopum
2465 2132 2532 2171 ne
2574 2117 2876 2172 constituat
2907 2135 2923 2175 :
2959 2128 3244 2188 postquam
3279 2128 3461 2173 autem
3495 2119 3585 2172 ille

1998 2209 2376 2273 obdormierit,
2431 2225 2552 2265 cum
2618 2224 2806 2265 eorum
2851 2213 2942 2280 qui
3001 2218 3323 2281 potestatem
3385 2211 3584 2266 habent

2001 2308 2275 2355 conventu
2307 2300 2505 2372 dignus
2533 2308 2768 2357 creetur.
3457 2378 3461 2381 ι

2070 2393 2164 2448 24.
2194 2393 2315 2450 Τοιὶ
2357 2395 2503 2450 clero
2535 2410 2621 2450 res
2661 2395 2920 2452 Ecclesiae
2967 2410 3300 2466 cognoscere
3348 2395 3496 2458 licet.
3527 2405 3586 2450 ut

2000 2489 2296 2545 decedente
2321 2490 2598 2559 episcOpo,
2627 2489 2882 2546 Ecclesiae
2905 2506 3027 2562 quas
3065 2506 3162 2546 sua
3204 2499 3333 2548 sunt
3363 2506 3584 2546 conser-

2003 2591 2240 2637 ventur:
2277 2597 2398 2652 quae
2430 2597 2558 2637 vero
2586 2592 2714 2638 sunt
2763 2583 3001 2654 episcopi
3037 2583 3191 2654 juxta
3228 2583 3376 2639 illius
3403 2585 3587 2654 dispo-

2003 2674 2256 2732 sitionem
2289 2674 2768 2731 administrentur.

2071 2858 2163 2913 25.
2199 2857 2498 2929 Episcopus
2533 2874 2715 2917 rerum
2751 2862 2818 2916 ad
2857 2858 3160 2916 Ecclesiam
3196 2859 3581 2929 pertinentium

2004 2957 2322 3019 potestatem
2366 2948 2584 3004 habeat.
2617 2948 2675 3003 Si
2703 2959 2886 3006 autem
2917 2964 3024 3004 non
3073 2951 3143 3004 sit
3190 2957 3486 3005 contentus
3519 2950 3588 3004 iis

2003 3057 2124 3113 quae
2155 3040 2452 3105 subiciunt,
2481 3055 2568 3097 res
2595 3057 2724 3098 vero
2759 3057 2822 3098 ac
2851 3041 3055 3099 reditus
3084 3041 3341 3098 Ecclesia:
3368 3043 3420 3096 in
3448 3043 3584 3096 alic-

2004 3151 2102 3192 nos
2145 3150 2276 3191 usus
2315 3133 2610 3190 transferat
2658 3136 2866 3205 absque
2915 3135 3046 3191 cleri
3093 3135 3346 3198 consilio,
3392 3135 3587 3206 synodi

307 3224 640 3290 πραττέσθω
660 3227 816 3291 δίκας
848 3231 988 3300 πρὶς
1017 3231 1117 3302 τῆς
1163 3237 1410 3294 συνόδου.
1474 3240 1536 3293 El
1585 3242 1640 3295 δὲ
1695 3246 1788 3297 καὶ
1832 3245 1897 3300 τά

2001 3226 2265 3296 judicium
2299 3228 2511 3283 subeat.
2546 3225 2604 3281 Si
2634 3241 2766 3282 vero
2798 3241 2860 3282 ea
2894 3227 3058 3282 etiam
3086 3241 3206 3298 quae
3254 3228 3587 3295 pauperibus

308 3315 544 3387 πένησιν
571 3319 901 3393 ὀφειλόμενα
937 3327 1018 3390 είς
1073 3327 1273 3382 ἑαυτῦν
1331 3335 1739 3406 σφετερίζεται,
1805 3340 1902 3395 καὶ

306 3406 448 3462 (iam
477 3414 552 3484 τῇ
581 3414 789 3488 συνόδῳ
820 3417 980 3487 λόγον
1014 3420 1338 3482 ἀποδιδότω.

811 3557 936 3613 Τῶν
964 3561 1035 3613 ἐν
1064 3563 1403 3633 Λαοδικείᾳ.

358 3693 432 3744 α’.
484 3687 549 3742 '0
599 3690 675 3763 μὴ
727 3693 906 3766 λάθρα
959 3697 1218 3766 γαμήσας
1271 3698 1522 3770 δίγαμος,
1580 3701 1737 3771 ὀλίγα
1787 3708 1902 3771 τοῖς

311 3778 618 3848 ἐπιτιμίοις
643 3784 942 3855 σχολάσας,
974 3787 1296 3854 ἀνεύθυνος.

370 3870 434 3938 β’.
473 3875 540 3926 Οί
567 3875 850 3948 διαφόροις
875 3880 1225 3952 ἀγνοήμασιν
1278 3884 1606 3952 ὲαλωκότες,
1671 3889 1719 3940 εί
1782 3890 1902 3944 sm-

311 3964 533 4030 γνόντες
581 3968 1014 4039 ὲξομολογοῖντο,
1057 3977 1151 4028 καὶ
1222 3976 1502 4044 ἀναλόγως
1563 3985 1900 4050 μετανοοίεν,

311 4059 724 4131 εὖπρόσδεκτοι.

369 4151 440 4223 γ’.
481 4155 543 4210 '0
573 4158 961 4228 νεοφὼτιστος,
987 4165 1392 4238 ἀνιεράτευτος.

367 4335 429 4390 δ’.
473 4337 686 4401 Τόκους
716 4341 993 4412 ίερατικδς
1018 4344 1080 4398 οὐ
1117 4345 1409 4418 λαμϐάνει.

383 4446 449 4483 ε.
526 4429 592 4482 Al
625 4434 958 4502 χειροτονίαι
1038 4435 1128 4490 ἐπ’
1202 4438 1665 4510 ἀκροωμένοιςού
1717 4444 1898 4512 γίνον-

313 4536 420 4574 ται.

379 4621 457 4676 ς’.
489 4616 799 4682 Αίρετικοϊς
829 4620 890 4672 τὸ
925 4620 1071 4690 ἱερὸν
1102 4624 1455 4679 ἀνεπίϐατον.

373 4706 439 4772 ζ’.
483 4706 819 4764 Ναυατιανοὶ
847 4712 941 4766 καὶ
972 4714 1661 4788 Τεσσαρεσκαιδεκατίται,
1717 4725 1765 4776 εί
1823 4723 1899 4795 μὴ

314 4801 412 4866 τάς
443 4819 506 4855 τε
555 4802 721 4865 ἄλλας
749 4803 989 4875 αίρέσεις
1015 4807 1493 4878 ἀναθεματίζοιεν,
1546 4815 1640 4866 καὶ
1680 4815 1776 4886 τὴν
1825 4818 1902 4869 ol-

315 4894 500 4961 κείαν,
538 4895 907 4968 ἀπρόσδεκτοι
930 4915 945 4929 ⁸
978 4901 1120 4968 μετά
1152 4901 1338 4971 μέντοι
1367 4901 1428 4956 τὸ
1447 4904 1695 4975 ἀνάθεμα
1735 4907 1900 4977 χριό-

318 5003 493 5056 μενοι,
521 4990 978 5046 κοινωνείτωσαν.

375 5079 446 5151 η’.
478 5082 699 5153 Φρύγας
725 5084 1205 5156 μεταμελομένους
1227 5087 1722 5154 ἀναὸαπτίζεσθαι,
1739 5093 1786 5145 εί
1807 5093 1902 5147 καὶ

320 5175 451 5245 παρ’
485 5177 722 5242 ἐκείνοις
745 5178 1156 5251 κεκλήρωνται.

379 5267 445 5320 θ’.
485 5266 544 5320 Ὀ
595 5271 983 5344 κοιμητηρίοις
1052 5271 1149 5326 καὶ
1221 5274 1548 5346 μαρτυρίοις
1606 5274 1903 5347 αίρετικῶν

319 5363 710 5435 ἐπευχόμενος,
741 5364 1126 5438 ἀκοινώνητος.

378 5457 432 5514 ι’.
488 5458 854 5532 Πρεσσυτίδες
905 5461 964 5514 ὲν
1023 5462 1295 5537 ἐκκλησίᾳ
1383 5461 1459 5535 μὴ
1520 5460 1902 5536 βαπτιζὲσθωο

330 5567 448 5606 σαν.

409 5643 494 5698 ια’.
518 5645 793 5719 Δίρετιιιῷ
828 5648 904 5721 μὴ
934 5648 1291 5705 συνάλλασσε.

393 5735 482 5809 ιβ’.
533 5739 594 5794 '0
620 5740 804 5794 πίστει
856 5741 952 5795 καὶ
983 5740 1232 5812 πολιτείᾳ
1257 5743 1629 5816 δοκιμώτατος
1667 5747 1760 5800 καὶ
1813 5745 1903 5800 λο-

329 5828 612 5899 γιιὶιτατος,
649 5831 958 5903 ἐπιτήδειος
992 5834 1072 5897 είς
1105 5833 1425 5888 ἐπίσκοπον.

2006 3321 2276 3377 debentur
2299 3319 2406 3377 sibi
2434 3319 2534 3389 ipsi
2579 3319 2840 3384 vindicet,
2874 3319 2948 3375 ita
2980 3320 3144 3375 etiam
3177 3321 3386 3391 synodo
3413 3319 3588 3374 ratio-

2006 3429 2129 3470 nem
2166 3413 2381 3470 reddat.

2513 3553 2719 3625 Synodi
2751 3551 3087 3611 Laodiceam.

2076 3693 2126 3746 1.
2160 3691 2436 3762 Bigamus,
2471 3691 2516 3746 si
2553 3706 2660 3748 non
2691 3689 2900 3748 occulte
2931 3690 3339 3746 matrimonium
3377 3690 3583 3758 inierit,

2005 3784 2094 3839 ubi
2118 3783 2394 3854 paululum
2424 3797 2614 3854 pmnas
2646 3781 2898 3849 subierit,
2937 3784 3128 3837 insons
3155 3782 3441 3837 habeatur.

2071 3881 2127 3935 9..
2171 3879 2272 3946 Qui
2300 3878 2464 3935 variis
2497 3878 2710 3934 delictis
2737 3877 2988 3933 obstricti
3021 3887 3170 3942 sunt,
3209 3878 3253 3932 si
3292 3877 3357 3933 iis
3387 3878 3586 3946 agnitis

2002 3976 2387 4042 conﬁteantur,
2439 3989 2503 4030 ac
2558 3989 2658 4044 pro
2700 3988 2888 4030 eorum
2947 3973 3155 4028 ratione
3207 3971 3583 4040 paenitentiam

2003 4077 2182 4137 agant,
2212 4066 2369 4121 facile
2401 4065 2763 4138 recipiuntur.

2072 4162 2128 4216 5.
2161 4158 2373 4215 Recens
2426 4157 2789 4223 illuminatus,
2821 4156 2992 4213 sacris
3032 4157 3317 4213 ordinibus
3366 4171 3471 4211 non
3503 4165 3587 4211 est

2003 4252 2251 4306 idoneus.

2073 4347 2128 4402 4.
2167 4343 2437 4400 Sacerdos
2468 4344 2677 4401 {minora
2705 4357 2809 4399 non
2831 4343 3046 4413 accipit.

2073 4441 2128 4497 5.
2158 4440 2544 4499 Ordinationes
2585 4453 2770 4495 coram
2829 4439 3178 4494 audientibus
3232 4446 3441 4492 tantum
3477 4451 3584 4490 non

2007 4535 2160 4588 ﬁunt.

1927 4598 1978 4657 υ
2077 4626 2131 4680 6.
2165 4625 2444 4681 llzrreticis
2472 4640 2624 4680 sacra
2661 4625 2804 4680 aedes
2837 4624 3132 4678 inaccessa.

2076 4720 2126 4773 7.
2187 4716 2474 4773 Novatiani
2536 4726 2590 4772 et
2645 4715 3155 4783 Quartodecimani,
3201 4715 3306 4770 nisi
3357 4725 3586 4769 caeteras

2005 4812 2242 4866 haereses
2285 4827 2548 4880 suamque
2575 4787 2845 4880 abjurent,
2885 4823 2988 4863 non
3037 4817 3162 4864 sunt
3197 4807 3526 4876 suscipiendi
3565 4823 3580 4860 :

2001 4913 2124 4974 post
2149 4914 2326 4958 tamen
2353 4903 2744 4973 abjurationem
2784 4900 2953 4968 uncti,
2983 4901 3404 4955 communicent.

2077 5087 2129 5143 8.
2157 5087 2399 5159 Phryges
2426 5089 2798 5156 pmnitentiam
2825 5097 3046 5158 agentes
3073 5087 3247 5141 denuo
3271 5087 3584 5156 baptizandi

2005 5189 2152 5246 sunt,
2187 5181 2310 5233 licet
2341 5181 2480 5250 apud
2515 5179 2634 5235 illos
2660 5179 2711 5233 in
2739 5179 2943 5234 clerum
2979 5179 3212 5248 cooptati
3254 5179 3381 5232 sint.

2076 5272 2130 5328 9.
2160 5273 2259 5340 Qui
2307 5275 2360 5328 in
2409 5274 2737 5328 cmmeteriis
2782 5281 2838 5328 et
2888 5273 3166 5344 martyriis
3205 5273 3582 5328 haereticorum

2006 5378 2147 5432 orat,
2172 5366 2678 5422 excotnmunicatus
2712 5375 2816 5420 est.

2079 5459 2166 5516 10.
2203 5457 2390 5514 Vidua:
2435 5458 2680 5516 seniores
2727 5459 2780 5514 in
2824 5457 3053 5514 ecclesia
3109 5474 3175 5513 ne
3223 5459 3584 5528 baptizautor.

2082 5639 2168 5694 ll.
2201 5637 2333 5692 Cum
2369 5636 2619 5694 heretico
2648 5635 2961 5693 afﬁnitatem
2999 5651 3064 5692 ne
3093 5635 3406 5691 contrahas.

2082 5730 2170 5786 12.
2199 5729 2298 5798 Qui
2330 5729 2435 5786 ﬁde
2464 5746 2528 5786 ac
2563 5731 2684 5786 vitae
2730 5729 2936 5785 ratione
2969 5728 3386 5800 probatissimus
3425 5735 3588 5798 atque

2009 5822 2412 5878 eruditissimus
2469 5832 2572 5891 est,
2608 5823 2837 5880 idoneus
2891 5832 2995 5887 est,
3029 5823 3121 5894 qui
3168 5821 3221 5877 in
3271 5821 3584 5893 episcopum

2011 5916 2262 5988 eligatur.
