4084 6194
469 361 543 425 83
1731 361 2041 422 ARISTEI‘

2162 360 2288 422 1οΝ
2299 360 2478 423 ACHI
3654 355 3725 423 84

537 475 698 530 15.Α
749 473 1100 529 saecularibus
1157 473 1368 530 electus
1421 487 1530 530 non
1571 481 1655 530 est
1707 474 2044 529 ordinandus
2077 481 2122 537 Α

467 566 770 636 cpiscopus.

542 654 631 710 ﬂ.
667 656 865 709 Sancta
899 654 964 708 ad
1000 654 1163 712 aliam
1196 656 1492 726 parwciam
1525 655 1690 722 mitti,
1738 654 2042 725 indignum.

539 839 626 894 l5.
664 839 850 894 Nullus
883 841 936 894 in
961 841 1250 896 ambonem
1290 841 1552 906 ascendit,
1578 841 1818 909 exceptis
1854 839 1920 892 iis
1947 837 2036 908 qui

466 933 532 988 de
565 933 752 986 codice
780 934 983 1001 legunt.

537 1028 624 1083 l6.
661 1029 946 1098 Erangeiia
993 1040 1158 1099 atque
1183 1030 1423 1100 Apostoli
1475 1030 1720 1098 legantur
1763 1029 2037 1085 Sabbatis.

539 1218 626 1274 l7.
659 1218 712 1271 In
737 1217 1093 1273 conventibus
1127 1217 1390 1272 lectiones
1418 1218 1657 1287 psalmos
1691 1219 2036 1275 iutersecent.

534 1405 626 1461 18.
661 1403 840 1471 iloris,
875 1403 1064 1470 Nonis,
1111 1420 1172 1459 ac
1201 1404 1453 1476 Vrsperis
1482 1406 1682 1461 eaedem
1710 1420 1895 1474 preces
1921 1422 2042 1475 pcr-

465 1508 718 1568 agantur.

534 1589 621 1645 19.
660 1590 787 1644 Post
833 1591 1352 1648 catcchumenornm
1407 1592 1711 1648 orationem
1773 1594 2041 1660 pmniten.

463 1683 594 1737 tium
644 1699 828 1752 preces
874 1683 1205 1749 oﬂ‘erantur;
1241 1695 1422 1753 postea
1481 1700 1610 1740 vero
1665 1685 1899 1740 ﬁdelium
1929 1702 1942 1740 :
1973 1702 2039 1742 ac

461 1782 584 1842 post
613 1790 826 1843 pacem,
859 1775 1057 1831 oblatio
1090 1777 1203 1843 ﬁat,
1227 1778 1356 1831 solis
1387 1777 1763 1833 sacerdotibus
1799 1792 1894 1846 pro
1912 1792 2037 1847 sug-

462 1875 616 1931 gestu
641 1867 974 1921 sedentibus.

529 1956 621 2012 20.
659 1957 929 2013 Diacouus
959 1960 1059 2014 nisi
1095 1961 1281 2030 jussus
1307 1979 1372 2015 ne
1403 1962 1612 2018 sedeat.

530 2049 622 2103 21.
652 2048 790 2105 Vasa
824 2053 1072 2108 miniSter
1117 2069 1188 2108 ne
1236 2063 1437 2126 tangat,
1471 2069 1647 2126 neque
1689 2057 1832 2110 enim
1864 2057 2003 2112 orati

461 2141 721 2197 induitur.

529 2232 621 2288 22.
656 2234 862 2290 Cantor
887 2247 935 2293 et
965 2237 1134 2292 lector
1161 2255 1267 2294 non
1298 2240 1474 2296 ferunt
1511 2244 1776 2299 orarium.

531 2417 624 2472 23.
660 2417 847 2474 Omnis
877 2423 1105 2477 clericus
1138 2439 1440 2494 cauponam
1477 2426 1685 2497 ingredi
1721 2443 1828 2483 non
1854 2429 2034 2484 debet.

528 2510 620 2564 21.
655 2509 856 2566 Panem
883 2522 937 2568 et
965 2515 1191 2569 calicem
1224 2518 1474 2572 minister
1501 2534 1605 2573 non
1643 2519 1757 2574 dat.

530 2601 620 2656 ‘25.
649 2601 762 2656 Non
791 2606 1084 2670 exorcizat,
1130 2607 1235 2662 nisi
1274 2608 1366 2678 qui
1418 2608 1488 2663 ab
1528 2614 1786 2681 episcopo
1832 2614 1896 2668 ad
1937 2613 2037 2669 hoc

461 2709 658 2749 munus
687 2708 972 2763 ριότροιυε
1000 2708 1106 2753 851.

530 2786 620 2840 26.
645 2786 727 2840 Ab
757 2787 912 2842 altari
949 2789 1180 2846 clericus
1211 2801 1394 2863 partes
1428 2809 1534 2849 non
1568 2794 1764 2850 aufert.

528 2969 620 3024 27.
652 2970 947 3027 Accubitus
980 2981 1032 3028 et
1063 2989 1246 3044 agapae
1283 2975 1333 3031 in
1359 2977 1605 3034 ecclesiis
1638 2994 1744 3034 non
1778 2981 1934 3035 ﬁunt.

2219 473 2310 544 ιγ’.
2358 472 2739 537 ’Δνεπίλεκτος
2762 471 2792 526 ὀ
2821 470 2976 544 παρὰ
2998 471 3281 545 κοσμικῶν
3344 469 3705 545 ὶκλεγόμενος

2225 657 2305 715 ιδ’,
2367 657 2790 730 Διαπέμπεσθαι
2841 656 2911 713 τὰ
2949 656 3082 727 ἅγια
3118 652 3202 722 είς
3252 655 3577 731 παροικιαν,
3622 650 3722 706 ἀνα

2150 755 2215 820 άξ
2223 772 2321 809 ιον.

2210 853 2293 902 ια’.
2344 847 2408 904 Εἰ
2439 847 2517 919 μὴ
2547 847 2658 901 ἀπὸ
2685 846 2968 919 διφθέρας,
3007 848 3187 910 οὐδεὶς
3212 847 3609 919 ἀμσωνίζεται.

2203 1033 2301 1091 ις’.
2339 1025 2642 1094 Εὑαγγέλια
2676 1026 2772 1080 καὶ
2811 1026 3126 1080 Ἀπόττολοι
3151 1025 3722 1094 ἀναγινωσκεσθωσαν

2140 1125 2252 1186 τοῖς
2274 1121 2570 1179 Σάεσασιν.

2205 1213 2289 1276 ιζ’.
2330 1214 2420 1266 Ἐν
2445 1215 2564 1276 ταῖς
2589 1211 2896 1278 συνάξεσιν,
3005 1210 3060 1264 d.
3099 1205 3181 1280 ai]
3213 1204 3563 1276 ἀναγνώσεις
3587 1206 3718 1268 τοῦς

2141 1303 2392 1372 ψαλμοὺς
2417 1319 2484 1355 πε
2493 1302 2932 1372 ρικοπτέτωσαν.

2205 1393 2294 1466 ιη’.
2349 1395 2630 1456 Ἐννάταις
2678 1391 2747 1465 Π.
2779 1392 2832 1448 d.
2867 1389 2985 1462 καὶ]
3029 1390 3324 1462 Ἐσπέραις
3345 1390 3406 1443 αί
3446 1389 3608 1443 αὑταὶ
3629 1387 3727 1442 ad.

2142 1492 2234 1562 χαὶ
2259 1488 2738 1544 ὲπιτελείσθωσαν.

2196 1582 2284 1643 ιθ’.
2327 1582 2484 1636 Μετὰ
2511 1580 2610 1652 τὴν
2625 1581 2733 1649 τῶν
2761 1580 3211 1652 κατοικουμένων
3241 1576 3354 1650 Ῑῖσ.
3379 1574 3729 1645 κατηχουμὲ-

2141 1672 2271 1747 νων]
2301 1673 2483 1746 εὐχὴν,
2509 1672 2618 1726 τῶν
2648 1672 2706 1724 ὲν
2721 1672 2979 1742 μετανοίᾳ
2995 1667 3387 1741 προσάγεσθαιο
3416 1664 3730 1738 μετὰτοῦτο

2141 1768 2241 1836 τὴν
2267 1765 2376 1818 τῶν
2401 1763 2632 1826 πιστῶν,
2670 1762 2763 1815 καὶ
2808 1759 3061 1831 μετὰτὴν
3089 1759 3339 1829 εἰρήνην,
3384 1755 3484 1826 τὴν
3515 1754 3697 1821 ἀναφο

2146 1861 2244 1934 ρὰν
2274 1857 2546 1927 γίνεσθαι,
2590 1855 3001 1928 βηματιζόντων
3032 1854 3194 1923 μόνον
3220 1851 3329 1905 τῶν
3358 1849 3575 1920 ἱερέων.

2211 1949 2280 2005 κ’.
2320 1951 2676 2012 ’Δκέλευστος
2705 1949 2780 2020 μὴ
2810 1946 3128 2013 καθεζέσθω
3152 1946 3425 2009 διάκονος.

2205 2041 2312 2098 κα’.
2347 2043 2565 2098 Σκευῶν
2585 2042 2868 2114 ὑπηρέτης
2895 2039 2972 2112 μὴ
3023 2039 3276 2105 ἅπτοιτο,
3332 2039 3394 2092 οὔ
3431 2036 3541 2110 γὰρ
3575 2034 3764 2110 ὡρὸ-’

2142 2157 2260 2212 ριον
2291 2139 2682 2208 ἀμφιέννυται.

2189 2229 2294 2303 κβ’.
2323 2231 2549 2301 Ψάλτης
2578 2232 2673 2284 καὶ
2702 2229 3054 2301 ἀναγνώστης
3100 2229 3165 2282 οὐ
3241 2223 3507 2299 φοροῦσιν
3567 2223 3725 2297 ὡράο

2141 2343 2280 2396 ριον.

2202 2418 2309 2487 κγ’.
2348 2419 2531 2481 ’Ἅπας
2556 2416 2822 2488 κληρικὺς
2848 2416 3255 2487 ἀκαπὴλευτος.

2185 2515 2284 2567 κδ’.
2320 2515 2521 2582 ’Ἄρτον
2543 2513 2638 2565 καὶ
2665 2513 2928 2582 ποτήριον
2959 2509 3249 2580 ὑπηρέτης
3278 2507 3340 2561 οὗ
3364 2505 3609 2560 δίδωσιν.

2194 2605 2292 2662 κε’.
2324 2608 2438 2659 Οὐκ
2482 2605 2769 2676 ἐφορκίςει
2837 2605 2865 2655 ὁ
2919 2601 2994 2674 μὴ
3047 2603 3181 2672 παρ’
3238 2598 3538 2654 ἐπισκόπου
3588 2593 3718 2665 ἀγό-

2141 2719 2208 2770 με
2221 2719 2328 2763 νος.

2199 2791 2311 2859 διςῆ
2359 2792 2493 2847 Ἀπὸ
2527 2792 2707 2856 αἰτίας
2737 2790 2850 2863 [ἴον.
2919 2787 3131 2860 ἑστίας]
3190 2785 3450 2858 κληρικδς
3496 2783 3716 2855 μερίδας

2137 2889 2236 2941 οὐκ
2264 2885 2482 2954 ἄγεται.

2195 2975 2299 3038 κζ’.
2355 2975 2652 3029 Ἀκούὸιτα
2715 2977 2809 3029 καὶ
2855 2974 3073 3044 ἁγάπαι
3133 2973 3218 3026 ἐπ’
3267 2969 3591 3041 ἐκκλησίαις
3657 2967 3712 3022 δι’

2137 3070 2406 3138 γίνονται.

527 3150 618 3206 28.
654 3152 993 3212 Christianus
1017 3172 1083 3212 ne
1107 3157 1426 3226 sabbatizet,
1450 3161 1546 3216 sed
1573 3161 1769 3230 prima,
1804 3162 1904 3219 hoc
1925 3171 2026 3228 est,

2194 3169 2300 3232 κη’.
2326 3163 2401 3216 Οὐ
2436 3160 2760 3216 σασϐατίσει
2786 3159 3137 3231 Χριστιανὸς,
3181 3157 3318 3213 ἀλλὰ
3344 3156 3598 3229 σχολᾶσει
3651 3153 3717 3223 τί

458 3243 740 3302 Dominiea
770 3247 855 3302 die
889 3248 1136 3304 ferietur.

523 3336 615 3393 ‘29.
651 3339 787 3395 Cum
823 3341 1137 3398 mulieribus
1167 3343 1332 3398 lavari
1364 3343 1536 3400 nefas.

525 3434 616 3488 50.
659 3433 971 3502 Accipiendi
997 3444 1146 3499 sunt,
1180 3451 1288 3491 non
1322 3436 1485 3492 dandi
1519 3437 1787 3494 haereticis
1833 3438 1885 3495 in
1917 3455 2032 3494 ma-

457 3527 770 3592 trimonium
800 3527 980 3581 liberi.
1429 3551 1432 3554 ~

529 3620 621 3674 5-1.
676 3618 1065 3674 iizereticorum
1125 3619 1571 3686 benedictiones,
1625 3623 2031 3682 maledictiones

455 3723 578 3770 ςιιηι
605 3712 912 3768 censenda.

526 3805 618 3860 32.
661 3804 761 3872 Qui
810 3803 976 3862 falsos
1031 3807 1408 3863 haereticorum
1464 3820 1732 3881 martyres
1773 3809 2026 3876 honorat,

454 3898 768 3955 anathema.

524 3988 615 4044 55.
652 3988 750 4056 Qui
789 3989 996 4046 alienos
1025 3991 1092 4044 ab
1136 3991 1381 4048 Ecclesia
1415 4003 1716 4050 conventus
1773 3997 1882 4066 agit
1928 4011 2028 4048 an-

453 4084 804 4155 gelorumque
855 4086 1071 4141 nomina
1108 4085 1342 4152 invocat,
1392 4084 1717 4142 idololatria:
1749 4089 2030 4158 proximus

452 4188 556 4232 εει.

523 4269 611 4326 54.
643 4269 744 4340 Qui
779 4271 1145 4326 sacerdotium
1179 4273 1487 4341 prolitetur,
1518 4289 1624 4329 non
1675 4273 1780 4328 erit
1817 4291 2026 4346 magns,

449 4371 544 4420 aut
581 4362 910 4429 incantatur,
948 4373 1042 4421 aut
1093 4365 1532 4429 mathematicus,
1560 4374 1653 4420 aut
1699 4367 2025 4435 astrologus,

450 4465 542 4510 aut
566 4470 630 4510 ex
664 4471 847 4511 eorum
877 4472 1106 4513 numero
1131 4459 1219 4526 qui
1259 4457 1491 4512 amuleta
1521 4457 1660 4512 collo
1693 4459 2026 4528 appendunt.

2136 3256 2348 3327 πρώτῃ.

2205 3346 2306 3402 κθ¹.
2338 3347 2558 3413 Γυναιξὶ
2585 3348 2696 3401 τῶν
2727 3347 3009 3416 ἀθεμίτων
3039 3343 3432 3399 συλλούεσθαι.

2195 3440 2259 3494 λ’.
2295 3440 2635 3509 Λαμῦάνειν,
2671 3441 2735 3493 οὐ
2769 3438 2973 3492 διδόναι
3007 3439 3121 3502 τοῖς
3149 3436 3453 3508 αἱρετικοτς
3484 3435 3564 3499 είς
3592 3449 3713 3488 συν-

2133 3534 2328 3601 άφειαν
2363 3531 2552 3586 τέκνα.

2191 3623 2295 3684 λα’.
2340 3625 2579 3693 ’Δλογίαι
2613 3624 2666 3679 αἱ
2699 3623 2808 3678 τῶν
2836 3623 3132 3696 αἱρετικῶν
3162 3623 3408 3692 εὐλογίαι

2193 3800 2294 3872 λβ’.
2330 3803 2392 3857 '0
2429 3802 2888 3874 ψευδομάρτυρας
2914 3801 3225 3873 αἱρετικοῦς
3251 3801 3453 3872 τιμῶν,
3481 3800 3540 3852 τὸ
3583 3797 3715 3853 ἀνά-

2133 3896 2296 3966 θεμα.

2203 3987 2309 4056 λγ’.
2345 3987 2408 4041 '0
2454 3987 2887 4058 παραπνὰγων,
2937 3987 3034 4041 καὶ
3084 3986 3368 4059 ὀιομὰζων
3421 3987 3722 4056 ἀγγέλους,

2135 4080 2586 4152 είδωλολατρείας
2615 4079 2866 4151 πλησίον.

2198 4255 2294 4314 λδ’.
2336 4258 2448 4311 Οὐκ
2495 4257 2648 4311 ἔσται
2701 4255 2874 4326 μάγος
2905 4297 2919 4321 ,
2951 4255 2986 4327 ἢ
3019 4255 3290 4320 ἐπαοιδὸς,
3321 4254 3356 4326 ἢ
3409 4252 3719 4324 μαθηματε·

2133 4357 2248 4416 κὸς,
2285 4351 2317 4423 ἢ
2349 4350 2704 4423 ἀστρολόγος,
2738 4351 2772 4422 ἢ
2807 4350 3142 4420 περιάπτης,
3176 4349 3204 4409 δ
3233 4349 3511 4420 ἱερατείαν
3536 4348 3723 4416 ἑπαγ-

2132 4444 2292 4513 γελλό
2300 4459 2480 4515 μενος.

522 4548 612 4602 '55.
647 4547 804 4605 Festa
837 4565 943 4604 non
999 4550 1298 4606 celebrabis
1337 4566 1458 4605 cum
1492 4548 1695 4605 Judaais
1817 4551 2029 4621 gentili-

2207 4536 2301 4588 λε’.
2341 4535 2416 4588 Οὐ
2468 4533 2876 4604 συνεορτάσας,
2922 4533 3044 4587 οὐδὲ
3076 4531 3397 4604 δεξιωοείης
3435 4529 3725 4603 Ἑϐραίοις

452 4641 571 4702 bus,
604 4655 778 4710 neque
804 4657 924 4696 cum
953 4641 1036 4696 his
1067 4643 1379 4697 societatem
1421 4639 1610 4696 inibis.

521 4731 611 4789 5.6.
648 4731 750 4799 Qui
786 4742 1007 4788 vocatur
1031 4735 1099 4788 ad
1140 4735 1406 4803 synodum
1442 4741 1496 4785 et
1535 4732 1769 4802 spernit,
1801 4731 1904 4787 nisi
1944 4732 2026 4786 in-

451 4824 639 4880 firmus
663 4823 754 4889 sit,
792 4824 947 4893 culpa
979 4839 1085 4879 non
1117 4831 1294 4879 vacat.

520 4913 613 4968 37.
643 4913 883 4970 Clericus
930 4915 1048 4970 sine
1073 4913 1532 4971 commendatitiis
1580 4914 1797 4981 litteris,
1829 4925 1922 4970 aut
1945 4916 2028 4970 in-

449 5007 631 5073 iussus
668 5021 932 5077 nusquam
980 5007 1347 5079 proficiscitur
1374 5025 1388 5062 :
1423 5023 1489 5063 ac
1519 5007 1768 5076 minister
1795 5024 1902 5065 non
1933 5009 2027 5065 de-

453 5099 540 5155 bet
566 5099 723 5155 ostiis
747 5100 956 5156 relictis
980 5116 1161 5157 orare.

519 5193 612 5248 38.
649 5191 966 5250 Mulieribus
991 5195 1162 5253 altare
1199 5197 1562 5254 inaccessum.

523 5288 611 5341 59.
645 5286 957 5354 Baptizatus
986 5287 1132 5343 dicat
1163 5287 1320 5343 ﬁdem
1352 5293 1539 5360 quinta
1565 5291 1698 5347 feria
1725 5292 2018 5346 hebdoma-

449 5381 528 5434 «ιω
559 5399 574 5436 :
606 5395 659 5436 et
689 5379 780 5450 qui
808 5380 861 5435 in
899 5382 1090 5436 morbo
1125 5383 1451 5439 constitutus
1481 5395 1584 5446 est,
1613 5384 1773 5454 paulo
1807 5395 1948 5454 post.

517 5470 609 5528 40.
643 5471 1069 5542 Quadragesima
1100 5487 1204 5528 non
1231 5487 1444 5545 oportet
1488 5475 1708 5538 oﬂ‘crre,
1740 5491 1915 5546 neque
1939 5474 2025 5542 je-

446 5565 658 5640 Junium
687 5564 908 5619 omnino
939 5565 1258 5632 dissolvere,
1295 5582 1470 5638 neque
1503 5569 1792 5623 memorias
1822 5583 2026 5639 marty-

446 5671 564 5712 rum
599 5657 898 5722 cciebrare,
933 5659 1035 5714 nisi
1067 5657 1363 5715 Dominicis
1397 5670 1450 5715 et
1480 5659 1752 5715 Sabbatis.

517 5745 609 5802 41.
639 5743 1067 5823 Quadragesima
1100 5764 1206 5804 non
1235 5748 1583 5806 celebrantur
1608 5748 1828 5818 nuptice,
1851 5763 2024 5819 neque

446 5838 714 5906 natalitia.

2130 4627 2162 4698 ἢ
2188 4629 2422 4682 ἔθνεσιν.

2199 4722 2314 4791 λς’.
2357 4724 2417 4777 Ὀ
2449 4720 2786 4792 καλούμενος
2838 4719 2934 4773 ἐπὶ
2971 4717 3215 4788 σύνοδον,
3250 4718 3346 4773 καὶ
3395 4715 3627 4782 ἀθετῶν,
3658 4717 3728 4787 ts!
3795 4787 3799 4791 .

2135 4818 2209 4888 μὴ
2239 4814 2546 4887 ἀνώμαλος,
2568 4816 2672 4868 οὐκ
2695 4814 2794 4867 ἀνα
2805 4814 2956 4878 ίτιος.

2201 4907 2303 4972 λζ’.
2367 4905 2760 4977 ’Δκοινώνητος
2807 4904 3096 4976 κληρικδς,
3137 4904 3171 4976 ἢ
3225 4903 3608 4965 ἀνεπίτακτος,
3645 4899 3725 4956 οὐ

2129 5001 2379 5069 πρόεισιν
2399 5016 2415 5032 ο
2449 5001 2545 5053 καὶ
2589 4998 2874 5070 ὑπηρέτης
2904 4998 3002 5062 τὰς
3040 4996 3213 5067 θύρας
3257 4996 3415 5064 ἀφεὶς
3441 4993 3503 5048 οὐ
3535 5006 3719 5063 προσ-

2132 5095 2378 5165 εὐχεται.

2199 5189 2304 5260 λη’.
2343 5188 2566 5253 Γυναιξὶ
2585 5187 2644 5242 τὸ
2680 5187 2995 5258 ἱλαστήριον
3029 5184 3252 5241 ἄϐατον.

2198 5281 2297 5339 λθ’.
2347 5283 2504 5336 Εἴποι
2536 5282 2636 5353 τὴν
2671 5280 2860 5334 πίστιν
2907 5282 2971 5350 τῇ
3015 5279 3244 5349 πέμπτῃ
3275 5278 3372 5348 τῆς
3413 5274 3719 5347 ἑϐδομάδος

2127 5377 2156 5430 ὀ
2180 5373 2577 5448 βαπτιζόμενος
2603 5388 2616 5402 ⁶
2649 5371 2744 5427 καὶ
2780 5374 2810 5430 ὁ
2843 5373 2901 5425 ὲν
2931 5373 3093 5440 νόσῳ,
3132 5369 3272 5442 μετὰ
3293 5369 3490 5441 βραχύ.

2200 5467 2275 5536 μ’.
2315 5469 2393 5539 Τῇ
2438 5467 2866 5536 Τεσσαρακοστῇ
2913 5464 2989 5534 μὴ
3041 5463 3362 5534 προσάγειν,
3407 5462 3544 5532 μηδὲ
3589 5460 3720 5521 διατ-

2127 5563 2275 5616 λὺειν
2305 5560 2364 5614 τὸ
2388 5560 2644 5622 καθόλου,
2689 5558 2823 5628 μηδὲ
2872 5557 3061 5627 μνείας
3103 5555 3399 5628 μαρτύρων
3428 5555 3623 5622 τελεῖν,
3651 5558 3716 5611 ει

2129 5656 2203 5728 μὴ
2241 5654 2550 5724 Κυριακαῖς
2577 5667 2638 5703 τε
2667 5652 2763 5703 καὶ
2791 5650 3084 5717 Σάϐὅασιν.

2201 5745 2315 5817 μα’.
2349 5747 2425 5800 Οὐ
2473 5744 2712 5808 τελεῖται
2747 5745 2812 5816 τῇ
2866 5744 2909 5798 Τ
2915 5744 3298 5820 εσσαρακοστῇ
3346 5741 3547 5814 γάμος,
3579 5739 3713 5805 οὐδὲ

2125 5838 2420 5892 γενέθλιον.
