3968 6234
418 331 490 394 87
1682 319 2049 385 ARISTENI
2089 320 2456 383 MONACHI,

3620 317 3707 384 88

492 449 546 503 5.
576 446 675 513 Qui
704 445 771 501 ab
793 447 1047 517 episcopo
1078 443 1496 510 condemnatus,
1529 459 1558 498 a
1590 443 1839 511 Nestorio
1875 459 1989 498 sus-

2168 440 2236 510 γ’.
2278 443 2341 496 '0
2364 443 2717 516 κατακριθεὶς
2845 442 3175 519 ἐπισκόπου)
3218 442 3320 509 καὶ
3339 441 3445 498 ὑπὸ
3473 441 3685 500 Nesto-

416 552 609 611 ceptus
636 551 740 606 est,
772 543 823 596 id
854 541 984 609 nibil
1009 541 1056 595 ei
1092 541 1283 608 prosit.

488 635 543 689 4.
573 634 768 690 Lnicus
790 634 879 704 qui
916 632 1126 703 synodo
1152 631 1380 699 resistit,
1441 631 1945 705 excommunicatur
1973 650 1989 689 :

421 731 651 786 clericus
686 744 813 780 vero
840 727 1060 795 insuper
1092 725 1398 790 abdicetur.

491 823 543 878 εδ,
579 824 877 890 Episcopus
912 819 1071 874 aliam
1125 834 1156 874 a
1205 818 1425 875 Nicaeus
1467 818 1625 874 ﬁdem
1687 819 1991 888 proferens,

420 916 629 971 alienus
668 914 735 969 ab
769 913 1011 982 Ecclesia
1048 912 1320 970 habetur:
1379 912 1551 970 laicus
1596 928 1726 969 vero
1768 911 1992 982 expelli-

420 1020 527 1063 ltll‘.

489 1096 543 1153 6.
591 1098 897 1152 Serventur
945 1111 1041 1152 sua
1084 1095 1283 1166 cuique
1339 1094 1634 1165 provincia:
1676 1094 1798 1164 jura
1858 1107 1992 1163 pura

420 1200 583 1262 atque
617 1191 874 1245 inviolata
912 1206 926 1244 :
956 1190 1047 1261 qui
1075 1198 1257 1244 autem
1282 1187 1614 1244 contrariam
1644 1186 1730 1242 bis
1760 1185 1994 1240 formam

419 1283 646 1345 inducit.
682 1283 854 1337 futilis
877 1291 981 1337 est.

491 1376 902 1441 7.,Eustatbius
925 1390 1046 1429 cum
1080 1374 1336 1438 resistere
1362 1372 1577 1429 fortiter
1600 1373 1823 1427 deberet
1864 1370 1993 1441 (hoc

419 1468 565 1523 enim
606 1466 785 1521 omnis
834 1467 991 1521 debet
1037 1467 1345 1537 episcopus)
1408 1474 1556 1536 terga
1605 1463 1798 1519 leviter
1854 1464 1989 1517 dans

422 1560 641 1628 refugit.
677 1558 1004 1615 Theodorus
1028 1560 1078 1614 in
1108 1559 1225 1630 ejus
1255 1560 1430 1614 locum
1455 1556 1737 1613 ordinatus
1763 1565 1867 1611 est.
1900 1553 1994 1608 Ille

417 1666 548 1705 vero
598 1649 906 1719 lacrymans
953 1661 1116 1720 atque
1169 1663 1425 1715 exorans,
1487 1647 1749 1703 honorem
1801 1640 1995 1714 repetit

417 1744 507 1813 qui
532 1742 681 1798 illius
714 1744 832 1798 loco
863 1744 1023 1797 alium
1060 1741 1355 1807 ordinavit,
1394 1741 1585 1796 insons
1612 1749 1715 1804 est,
1758 1754 1879 1794 cum
1930 1737 1992 1792 il-

2099 538 2214 609 ρίου
2243 536 2473 607 δεχθεὶς,
2508 536 2876 612 ἀνωφέλητος.

2163 629 2227 687 6‘.
2274 628 2662 699 Ἀκοινῶνητος
2689 632 2719 684 6
2747 631 2935 694 λαῖκὸς
2972 633 3000 685 6
3030 630 3426 701 ἀντοφθαλμῶν
3451 633 3516 704 τῇ
3551 647 3687 684 σον-

2095 726 2198 795 ὀδῳ
2220 741 2235 756 ο
2262 727 2290 777 6
2318 724 2374 780 δέ
2404 724 2667 803 κληρικδς
2694 722 2777 793 ἔτι
2798 724 3208 797 ἀποκήρυκτος.

2166 821 2228 871 ε’.
2273 816 2331 869 Ὁ
2382 800 2565 869 πίστιν
2621 800 2816 886 ἑτέραν
2866 816 2964 883 τῆς
3020 816 3078 868 ἐν
3122 815 3332 887 Νικαίᾳ
3382 815 3687 884 προσάγων

2096 908 2415 973 ἐπίσκοπος,
2448 907 2810 978 ἠλλοτρίωται
2834 923 2855 939 “
2878 905 3068 970 λαῖκὸς
3101 907 3159 964 δὲ
3215 906 3678 977 ἐξωστράκισται.

2167 1098 2243 1164 ς’.
2281 1094 2571 1167 Τηρείσθω
2613 1096 2682 1150 τὰ
2729 1095 2943 1166 ἐκάστῃί
2987 1093 3251 1164 ἐπαρχία
3282 1096 3554 1164 προσόντα
3593 1092 3679 1145 δί-

2096 1208 2232 1245 καια
2262 1188 2481 1259 καοαρά
2513 1189 2611 1242 καὶ
2649 1188 2884 1241 ἀδίαστα
2908 1202 2927 1217 ο
2953 1187 2983 1241 6
3010 1186 3068 1240 δέ
3100 1184 3275 1241 τύπον
3302 1184 3685 1255 ἀντικείμενον

2096 1283 2307 1346 τούτοις
2338 1282 2596 1349 εἰσάγων,
2636 1279 2915 1350 ἀνόνητος.

2169 1377 2235 1443 ζ’.
2276 1376 2552 1447 Ἀντέχειν
2575 1374 2810 1444 ὀφείλων
2842 1371 3145 1436 Εὐστάθιος
3186 1369 3473 1441 καρτερῶς
3501 1367 3689 1436 (τοῦτο

2096 1472 2206 1541 γὰρ
2233 1470 2379 1534 ἄπας
2401 1468 2723 1539 ἐπίσκοπος)
2744 1467 2888 1521 νῶτα
2904 1466 3028 1529 δοὺς
3055 1464 3271 1534 ἀφελῶς
3298 1464 3684 1537 παρῃτήσατο.

2096 1563 2372 1634 Θεόδωρος
2419 1561 2540 1615 ἀντὶ
2571 1561 2765 1616 τούτου
2816 1558 3291 1631 κεχειροτόνηται·
3321 1560 3350 1611 6
3378 1558 3435 1610 δέ
3474 1556 3689 1612 κλαίων

2098 1657 2194 1712 καὶ
2222 1655 2511 1721 δυσωπῶν,
2539 1654 2638 1725 τὴν
2682 1653 2850 1724 τιμὴν
2880 1654 3027 1706 αἰτεῖ
3049 1668 3064 1682 °
3094 1653 3123 1706 6
3157 1649 3275 1704 ἀντ’
3311 1651 3525 1704 ἐκείνου
3564 1666 3688 1721 χει-

2102 1748 2394 1823 ροτονήσας
2427 1746 2741 1810 ἀνεύθυνος,
2774 1745 2915 1816 ἔχων
2941 1744 3145 1816 δηλαδὴ
3167 1744 3268 1813 τὴν
3300 1742 3513 1797 ἐκείνου
3537 1760 3690 1813 παρ-

421 1837 524 1889 lius
557 1836 1003 1904 detrectationem
1035 1851 1134 1903 pro
1159 1834 1389 1891 crimine
1418 1831 1635 1889 habeat.
1672 1830 1782 1889 Hoc
1812 1840 1989 1885 autem

2124 1846 2317 1913 ιίτησιν
2363 1840 2486 1896 ἀντ’
2530 1841 2919 1911 ἐγκλήματος⁶
2956 1841 2985 1893 6
3030 1838 3088 1893 δὲ
3128 1836 3477 1891 δεδικαίωται
3520 1836 3691 1905 μόνον

415 1928 628 1993 justum
659 1941 779 1981 esse
805 1926 979 1981 visum
1021 1936 1127 1989 est,
1183 1925 1529 1995 episcopatus
1580 1936 1775 1978 nomen
1842 1919 1990 1975 illum

419 2018 643 2083 habere,
702 2018 984 2088 ipsamque
1039 2016 1533 2072 communionem:
1592 2014 1847 2086 quodque
1888 2012 1994 2070 hoc

417 2110 703 2180 benignius
728 2110 911 2166 visum
931 2110 1023 2167 sit.

418 2221 734 2278 Sanctorum
781 2223 1006 2297 Patrum
1054 2241 1118 2281 nc
1164 2225 1491 2281 Chalcedone
1536 2233 1995 2297 congregatarum,

890 2294 1166 2351 Har-(iano
1196 2303 1508 2365 imperante.

492 2386 547 2440 l.
612 2385 714 2454 Qui
761 2387 893 2443 emit
943 2397 997 2442 et
1054 2389 1144 2456 qui
1177 2390 1360 2443 vendit
1396 2386 1819 2449 ordinationem,
1844 2385 1992 2440 circa

416 2479 615 2548 gradus
641 2480 1018 2547 periclitantur
1056 2496 1072 2535 :
1108 2480 1196 2535 lex
1247 2491 1428 2536 autem
1486 2480 1651 2536 etiam
1697 2494 1868 2550 nsqne
1924 2478 1993 2532 ad

415 2568 781 2625 defensorem.

484 2662 542 2716 2.
572 2662 672 2728 Qui
697 2664 979 2718 domorum
1017 2664 1360 2721 saecularium
1409 2679 1598 2721 curam
1660 2662 1988 2733 suscipiunt,

416 2756 749 2832 corripiendi
778 2774 801 2810 :-
828 2758 931 2812 nisi
980 2758 1119 2813 forte
1167 2760 1234 2813 ad
1277 2758 1501 2815 minoris
1564 2758 1993 2824 administratio-

417 2861 537 2900 nem
591 2847 1009 2904 inexcusabilem
1064 2848 1150 2904 lex
1200 2851 1501 2918 vocaverit,
1551 2858 1645 2903 aut
1701 2851 1993 2920 cpiscopus

415 2940 482 2995 ad
514 2939 836 3009 pupillorum
868 2952 922 2996 et
948 2942 1234 3011 viduarum
1260 2959 1445 2998 curam
1484 2944 1813 2999 incitaverit.

484 3032 541 3087 3.
568 3031 770 3090 Domus
794 3036 1030 3103 orationi
1057 3036 1261 3104 dicata,
1294 3045 1389 3092 aut
1431 3037 1821 3092 monasterium
1852 3036 1986 3091 citra

2096 1936 2275 2002 τοῦτο,
2338 1934 2400 1989 τὸ
2453 1933 2556 2004 τῆς
2607 1932 2917 2002 ἐπισκοπῆς
2964 1934 3112 2002 ἔχειν
3167 1931 3359 2000 ὄνομα,
3414 1929 3510 1985 καὶ
3583 1928 3695 2000 τὴν

2096 2020 2382 2084 κοινωνίαν
2412 2027 2586 2098 αύτήν
2609 2040 2624 2055 '
2656 2026 2749 2079 καὶ
2779 2025 2865 2078 ὅτι
2884 2024 3251 2098 χρηστότερον
3267 2024 3537 2078 δέδοκται.

2279 2224 2403 2280 Τῶν
2434 2221 2505 2279 ἐν
2534 2222 2875 2292 Χαλκηδόνι
2907 2219 2969 2277 Χ¹
2994 2220 3091 2276 ἐπὶ
3128 2217 3491 2287 Μαρτιανοῦ.

2166 2386 2235 2443 α’.
2286 2388 2348 2441 Ὅ
2391 2384 2759 2455 ἐξωνούμενος
2806 2380 2900 2436 καὶ
2948 2379 3281 2451 πιπράσκων
3321 2377 3689 2455 χειροτονίαν.

2098 2480 2227 2550 περὶ
2253 2480 2381 2542 τοὺς
2407 2476 2652 2549 βαθμοὺς
2681 2473 3018 2529 ἐπικίνδυνοι
3045 2488 3061 2502 ·
3101 2472 3132 2527 6
3158 2470 3215 2525 δὲ
3253 2469 3425 2539 νόμος
3448 2469 3554 2532 ἕως
3585 2467 3687 2522 καὶ

2097 2590 2173 2627 πα
2181 2590 2245 2643 ρα
2253 2590 2388 2644 μονα
2396 2569 2537 2640 ρίου.

2171 2666 2239 2737 β’.
2279 2667 2342 2720 Oi
2388 2663 2671 2735 κοσμικῶν
2712 2664 2879 2717 οἴκων
2909 2660 3239 2735 ἐπιμέλειαν,
3263 2657 3689 2733 ἀναδεχόμενοι,

2098 2764 2443 2832 ἐπιτιμητέοι
2467 2776 2482 2789 ·
2514 2758 2652 2829 πλὴν
2688 2758 2736 2811 εί
2768 2758 2843 2827 μὴ
2897 2755 3121 2818 καλέσει
3158 2755 3329 2831 νόμοςο
3358 2753 3441 2814 εἰς
3477 2750 3685 2823 ἀφήλι-

2098 2873 2189 2917 κος
2210 2853 2473 2925 διοίκησιν
2506 2850 2882 2922 ἀπαραίτητον
2908 2867 2923 2881 ·
2953 2849 2988 2921 ἢ
3017 2849 3046 2901 6
3081 2846 3380 2910 ἐπίσκοπος
3404 2846 3483 2909 εἰς
3499 2844 3682 2916 ὀρφα-

2097 2949 2205 3003 νῶν
2230 2948 2322 3001 καὶ
2348 2946 2533 3017 χηρῶν
2567 2944 2887 3013 ἐπιμέλειαν
2913 2940 3293 3014 προτρέψειεν.

2165 3046 2234 3109 γ’.
2274 3038 2578 3109 Εὑκτήριος
2606 3032 2775 3100 οἶκος,
2815 3035 2848 3107 ἢ
2885 3036 3253 3107 μοναστήριον
3281 3032 3407 3105 δίχα
3444 3030 3687 3101 γνώμης

416 3125 651 3195 episcopi
693 3126 1016 3183 sententiam
1055 3144 1159 3183 non
1204 3138 1331 3182 sunt
1384 3129 1738 3183 exstruendo.
1798 3126 1989 3183 Omnis

2124 3134 2189 3187 τοῦ
2229 3134 2535 3186 ἐπισκόπου
2570 3130 2875 3185 ἀσύστατα.
2904 3130 3090 3195 Ἀπας
3126 3130 3185 3184 δὲ
3228 3127 3499 3199 μοναστὴς
3538 3127 3683 3180 ὐπο-

414 3227 603 3275 autem.
625 3217 925 3275 tnonachus
955 3218 1212 3288 episcopo
1243 3217 1584 3287 subjiciatur,
1619 3233 1751 3275 neve
1805 3234 1837 3273 a
1888 3235 1987 3273 sua

2127 3226 2380 3280 ασσέσθω
2419 3225 2495 3295 τῷ
2520 3226 2830 3296 ἐπισκόπῳ,
2870 3225 2963 3279 καὶ
2993 3224 3096 3294 τῆς
3140 3222 3332 3294 μονῆς,
3353 3224 3404 3277 εί
3439 3222 3517 3295 μὴ
3540 3222 3681 3291 παρ’

416 3308 701 3363 mansione
727 3307 986 3375 discedat.
1012 3309 1113 3362 nisi
1151 3309 1220 3364 ab
1241 3324 1306 3364 eo
1330 3309 1611 3365 invitetur.

486 3401 541 3455 4.
579 3398 782 3459 Servus
811 3400 1017 3469 absque
1044 3402 1247 3457 domini
1283 3416 1574 3463 consensu.
1630 3403 1992 3460 monasticam

416 3493 581 3547 vitam
617 3507 683 3547 ne
705 3493 1083 3561 amplectatur.

485 3585 539 3648 5,
575 3584 684 3656 ριιί
708 3600 738 3639 e
766 3586 986 3651 civitate
1017 3586 1069 3640 in
1100 3587 1372 3651 civitatem
1398 3596 1703 3656 transeunt,
1765 3589 1989 3645 canoni-

416 3680 514 3729 bus
544 3677 739 3733 debac
774 3691 833 3731 re
865 3678 1498 3751 sancitissubjiciantur.

483 3764 539 3840 ti.
566 3764 933 3836 inmartyriis
973 3776 1065 3820 aut
1091 3769 1369 3831 oratoriis,
1412 3770 1506 3825 sed
1554 3785 1662 3827 non
1719 3771 1984 3836 absolute.

412 3852 714 3913 ordinubis.
745 3853 841 3925 Sin
878 3870 1029 3922 vero,
1051 3856 1140 3926 qui
1172 3858 1456 3915 ordinatus
1474 3872 1581 3929 cst,
1623 3863 1791 3935 gradu
1841 3864 1989 3925 exci-

414 3946 514 4000 dit.

487 4037 541 4093 7.
576 4036 676 4102 Qui
707 4035 846 4091 inter
877 4038 1103 4094 clericos
1126 4051 1220 4094 aut
1250 4046 1547 4102 monachos
1596 4046 1825 4104 allectus
1879 4063 1984 4118 est,

414 4133 459 4185 si
526 4127 770 4182 militiam
833 4140 928 4181 aut
983 4131 1301 4199 dignitatem
1380 4146 1702 4206 arroganter
1747 4139 1984 4212 aﬂectet,

416 4220 754 4277 maledictus.

482 4314 537 4369 8.
568 4314 813 4370 Clericus
844 4315 897 4370 in
934 4317 1299 4373 mendicorum
1351 4320 1511 4375 domo
1561 4332 1654 4376 aut
1683 4323 1741 4379 in
1792 4340 1986 4380 mona-

428 4406 595 4462 Sterio
632 4407 863 4485 degens,
893 4408 1130 4478 episcopi
1167 4408 1316 4466 urbis
1353 4413 1605 4480 potestati
1658 4414 1935 4484 subiaceat
1967 4435 1982 4472 :

412 4499 501 4569 qui
528 4514 657 4553 vero
683 4498 751 4552 ab
785 4513 850 4553 eo
884 4502 1073 4562 resilit.
1109 4516 1322 4570 poenam
1358 4505 1571 4564 subeat.

484 4592 538 4645 9.
577 4591 768 4646 Clerici
803 4592 1104 4663 litigantes,
1130 4595 1173 4649 si
1204 4596 1390 4651 relicto
1413 4598 1667 4669 episcopo
1693 4604 1758 4655 ad
1814 4617 1986 4656 szceu-

417 4683 548 4736 luria
571 4684 771 4751 judicia
807 4702 866 4741 se
892 4687 1203 4753 conferant,
1240 4689 1505 4743 canonice
1551 4692 1867 4760 puniantur.
1903 4695 1979 4747 Ac

414 4775 648 4829 clericut
692 4792 813 4831 cum
857 4779 1113 4848 episcopo
1161 4782 1517 4847 contendens,
1571 4787 1831 4853 synodum
1887 4803 1985 4841 ex-

413 4876 658 4936 spectet:
695 4871 1139 4937 metropolitanus
1188 4887 1316 4926 vero
1368 4873 1653 4941 episcopus
1712 4876 1777 4930 ad
1824 4878 1969 4931 Cou-

411 4958 953 5027 stuutinopolitanum
984 4974 1257 5029 provocet.

486 5048 572 5103 l0.
604 5047 835 5103 Duarum
866 5053 1077 5106 urbium
1103 5055 1346 5108 ccclesiis
1375 5054 1609 5110 clericus
1666 5074 1769 5111 non
1816 5060 1986 5119 addis

411 5140 586 5202 citur;
617 5140 661 5192 si
692 5156 818 5195 vero
848 5144 1094 5198 addicuis
1128 5144 1313 5212 fuerit,
1353 5147 1418 5201 ad
1449 5149 1676 5217 primam
1740 5161 1983 5204 reverte-
2048 5162 2051 5163 '

411 5243 519 5284 tur.
556 5232 759 5301 Siquis
812 5244 990 5288 autem
1036 5238 1148 5304 jam
1209 5240 1498 5311 translatus
1548 5240 1729 5304 fuerit,
1782 5244 1981 5309 prioris

410 5323 653 5390 ecclesiae
683 5339 866 5379 rerum
899 5326 1047 5380 ttullo
1079 5330 1241 5383 modo
1269 5334 1537 5401 particeps
1562 5334 1653 5386 sit.

485 5416 565 5468 ll.
612 5417 887 5486 Pauperes
931 5422 1175 5489 epistolis
1227 5423 1497 5490 instructi,
1546 5435 1600 5485 at
1657 5440 1763 5480 non
1822 5442 1978 5480 coms

411 5509 759 5563 mendatitiis
795 5512 991 5575 litteris
1049 5515 1154 5568 iter
1218 5516 1417 5571 faciant
1467 5536 1480 5571 :
1532 5519 1981 5578 commendantis:

407 5600 552 5651 cuitu
580 5602 978 5657 existimatione
1011 5608 1252 5674 prictlitis
1283 5612 1499 5664 dantur.

481 5690 570 5744 12.
604 5690 662 5744 In
694 5695 829 5749 duas
859 5699 1165 5765 provincias
1193 5718 1294 5765 una
1326 5705 1605 5771 provincia
1664 5724 1768 5765 non
1820 5710 1976 5765 scin-

410 5780 555 5836 ditur
590 5798 606 5849 ;
644 5787 733 5851 qui
767 5803 893 5843 vero
929 5791 1167 5859 sciderit,
1195 5798 1504 5861 episcopatu
1549 5799 1817 5864 dciicitur.
1849 5802 1978 5867 Quae

2092 3321 2258 3375 αὐτοῦ
2296 3321 2685 3391 προτρέποιτο,
2718 3319 2792 3391 μὴ
2817 3319 3138 3388 ἀφίσταται.

2161 3413 2224 3467 δι.
2258 3412 2477 3479 Δοῦλος,
2517 3414 2567 3465 εἰ
2618 3412 2699 3485 μὴ
2738 3412 2936 3486 γνώμῃ
2984 3411 3079 3466 τοῦ
3128 3410 3421 3483 δεσπότου..
3458 3409 3533 3481 μὴ
3575 3425 3679 3480 μο-

2090 3507 2321 3573 ναζέτω.

2160 3600 2221 3656 ε’.
2253 3602 2316 3660 0i
2348 3598 2771 3671 μεταϐαίνοντες
2815 3597 2879 3651 ἐκ
2930 3596 3139 3659 πόλεως
3185 3598 3268 3660 τίς
3321 3597 3502 3663 πόλιν,
3536 3598 3675 3663 τοὺς

2089 3698 2219 3768 ’περὶ⁵
2245 3696 2441 3749 τούτου
2479 3692 2714 3755 κανόνας
2736 3690 3222 3748 ύποϐλεπέτωσαν.

2161 3798 2237 3857 ς’.
2280 3789 2405 3845 Ἐπὶ
2430 3786 2778 3859 μαρτυρίοις,
2816 3784 2849 3853 ἢ
2879 3784 3218 3855 εὐκτηρίοις,
3250 3781 3368 3842 ἀλλ’
3396 3783 3499 3839 οὐκ
3527 3783 3672 3836 ἀπο-

2087 3886 2264 3949 λύτως
2317 3883 2737 3954 χειροτονήσεις.
2772 3878 2834 3935 El
2860 3878 2917 3933 δέ
2941 3878 3038 3950 μὴ,
3072 3878 3481 3950 ἀχειροτόνητος
3513 3878 3544 3931 6
3574 3876 3674 3948 δῆ-

2089 3980 2181 4033 θεν
2212 3973 2709 4049 χειροτονούμενος.

2160 4066 2226 4135 ζ’.
2266 4068 2325 4122 Ὀ
2357 4065 2666 4135 κληρωθεὶς
2699 4065 2733 4137 ἦ
2770 4064 3033 4134 μονάσας,
3069 4067 3117 4119 εὶ
3164 4066 3256 4120 ἐπὶ
3303 4065 3593 4139 στρατείαν
3625 4064 3671 4140 ἡ

2088 4163 2247 4227 ἀξίαν
2280 4160 2705 4226 ἀπαυθώιάσει,
2741 4160 3037 4230 ἐπάρατος.

2156 4336 2228 4402 η’.
2269 4330 2327 4384 '0
2356 4330 2413 4383 ἐν
2442 4329 2725 4400 πτωχείῳ,
2759 4330 2791 4399 ἢ
2824 4328 2882 4382 ἐν
2932 4329 3172 4399 σεμνείῳ
3222 4328 3504 4399 κληρικδς,
3538 4331 3669 4401 βλε-

2087 4423 2236 4477 πέτω
2256 4421 2363 4493 τὴν
2388 4422 2654 4486 ἐξουσίαν
2680 4420 2776 4487 τοῦ
2806 4422 3110 4477 ἐπισκόπου
3142 4422 3243 4491 τῆς
3276 4423 3486 4487 πόλεως
3507 4439 3523 4454 ·
3554 4425 3582 4477 6
3605 4424 3667 4480 δὲ

2018 4517 2059 4571 D
2089 4516 2280 4569 τούτου
2308 4513 2645 4583 ἀφηνιάζων,
2676 4515 2991 4583 γινωσκέτω
3018 4514 3078 4567 τὸ
3101 4516 3392 4585 ἐπιτίμιον,

2161 4604 2227 4660 0'.
2274 4604 2544 4675 Κληρικοὶ
2594 4605 2965 4675 δικαζόμενοι,
3013 4608 3063 4659 εί
3104 4608 3368 4677 ἀφέμενοι
3410 4609 3502 4663 τὸν
3541 4609 3675 4664 ιπε-

2090 4714 2314 4760 σκοπον,
2388 4699 2675 4765 κοσμικοίς
2722 4698 3028 4768 κριτηρίοις
3079 4700 3404 4775 ὁρμήσουσι,
3445 4719 3667 4764 κανονι-

2088 4790 2199 4853 κῶς
2225 4789 2659 4858 εὐθυνέσθωσαν.
2698 4791 2808 4844 Καὶ
2839 4791 3104 4863 κληρικδς
3151 4794 3439 4865 ἐπισκόπῳ
3472 4794 3666 4863 διαφε-

2090 4881 2336 4951 ρόμενος,
2388 4880 2595 4949 μενέτω
2640 4882 2740 4951 τὴν
2781 4881 2997 4940 σύνοδον
3044 4902 3059 4915 ·
3113 4885 3208 4951 καὶ
3254 4886 3675 4956 μητροπολίτης-

2086 4975 2384 5036 ἐπίσκοπος
2410 4974 2501 5025 τὸν
2531 4973 3161 5040 Κωνσταντινουπόλεως
3197 4979 3497 5047 αἰτήσαιτο.

2160 5063 2212 5119 ι’.
2243 5065 2346 5119 Δύο
2386 5066 2597 5118 πόλεων
2647 5066 2795 5127 ναοῖς
2839 5066 3100 5137 κληρικὸς
3146 5070 3205 5121 ού
3258 5072 3619 5139 καταλέγεται
3647 5092 3665 5107 ο

2085 5162 2133 5212 εί
2162 5159 2217 5212 δὲ
2255 5160 2644 5229 καταλεχθείη,
2673 5160 2753 5229 τῷ
2782 5166 3035 5231 προτέρῳ
3061 5163 3562 5234 ἐπιστραφήσεται.
3598 5167 3665 5219 Εἰ

2083 5250 2139 5302 δὲ
2170 5249 2431 5320 μετετέθη
2481 5269 2561 5313 τις
2608 5250 2729 5320 ήδη,
2766 5253 2842 5321 μὴ
2871 5252 3297 5307 ἐπικοινωνείτω
3353 5257 3493 5310 κατά
3536 5274 3668 5317 τινα

2083 5348 2283 5414 τρόπον
2313 5346 2425 5407 τοῖς
2452 5345 2550 5415 τῆς
2584 5345 2864 5415 προτέρας
2892 5344 3217 5415 πράγμασιν
3249 5347 3569 5418 ἐκκλησίας.

2156 5443 2244 5492 ια’.
2275 5438 2337 5490 Oi
2374 5440 2605 5505 πένητες
2653 5438 2984 5503 ἐπιστολαῖς,
3033 5438 3171 5498 ἀλλά,
3203 5441 3278 5510 μὴ
3313 5448 3662 5509 συστατικοῐς

2082 5530 2414 5584 ὁδευέτωσαν
2448 5544 2462 5558 ⁸
2497 5530 2554 5582 αἱ
2584 5530 2693 5599 γὰρ
2739 5532 3060 5591 συστατικαὶ
3112 5533 3227 5594 τοῖς
3277 5535 3338 5586 ἐν
3389 5535 3661 5606 ὑπολήψει

2087 5623 2437 5695 παρέχονται.

2160 5714 2247 5783 ιβ’,
2301 5714 2391 5778 Et;
2430 5714 2698 5784 ἐπαρχίας
2731 5714 2824 5769 δύο
2855 5718 3097 5789 ἐπαρχία
3128 5720 3223 5790 μία
3255 5721 3318 5773 οὐ
3352 5721 3611 5789 τέμνεται
3639 5739 3655 5755 ο

2084 5806 2110 5858 6
2142 5806 2197 5858 δέ
2227 5804 2432 5875 τεμὼν,
2466 5807 2854 5873 ἁνεπέσκοπος.
2886 5811 2952 5865 Ai
2983 5811 3039 5865 δὲ
3068 5812 3360 5882 γράμματι
3390 5810 3663 5881 βασιλικῷ
