4084 6194
295 300 348 362 89
1147 367 1150 370 ,
1495 302 1857 363 SYNOPSIS
1896 301 2293 371 CANONUM.
3469 315 3540 378 90

295 415 557 486 τμηθεῖσαι
583 409 802 475 πόλεις.
835 413 937 482 τῆς
979 412 1144 484 τιμῆς
1191 412 1620 468 ἀπολαυέτωσαν
1663 413 1845 484 μόνον,

1959 428 2137 469 antem
2163 417 2514 485 imperatoris
2545 420 2815 489 rescripto
2842 421 3030 478 scissae
3080 430 3208 476 sunt
3262 421 3535 487 civitates,

295 513 371 564 καὶ
391 512 416 563 6
437 507 663 561 αὐτόθεν
709 507 1009 570 ἐπίσκοπος
1039 520 1054 535 ⁸
1095 505 1178 576 τῷ
1210 505 1268 559 δὲ
1301 507 1518 578 ἀληθῶς
1570 524 1849 577 μητροπο-

292 602 392 672 λίτῃ
418 600 481 653 τὰ
509 601 683 652 οἰκεῖα
719 598 1083 663 σωζέσθωσαν
1110 597 1314 652 δίκαια.

352 794 429 855 ιγλ.
475 787 755 856 Κληρικὸς
800 786 926 858 δίχα
979 784 1327 840 συστατικῶν
1373 784 1735 857 ἀκοινώνητος
1771 786 1850 848 είς

288 879 462 950 ἑτέραν
497 879 675 932 πόλιν.

352 974 422 1027 ιδ’.
468 974 811 1043 Ἐτερόδοξος
864 972 1076 1053 ψάλτης
1107 970 1202 1025 καὶ
1235 971 1616 1042 ἀναγνώστης,
1662 974 1712 1026 εί
1745 976 1849 1046 γή-

288 1087 380 1140 μας
404 1069 686 1127 ἰτὲκνωσε,
719 1067 990 1136 προσάγει
1009 1070 1074 1136 τῇ
1101 1065 1356 1136 κοινωνίᾳ
1386 1065 1455 1119 τὰ
1478 1067 1665 1131 τέκνα,
1693 1067 1850 1136 εἴπερ

282 1166 443 1216 ἐκεῖσε
473 1161 836 1231 βεὸἀπτισται
871 1177 884 1192 ο
919 1163 967 1212 εί
998 1159 1042 1213 δ’
1084 1160 1167 1213 ἔτι
1200 1160 1354 1230 μένει
1386 1160 1723 1228 ἀδάπτιστα,
1757 1165 1850 1215 οὐ·

280 1260 383 1312 κέτι
414 1255 736 1325 βαπτίζεται
763 1256 875 1318 τοῖς
907 1256 1226 1324 αίρετικοῖς.

346 1444 420 1491 ιε’.
449 1437 783 1490 Διακόνισσα
827 1437 873 1490 εἰ
912 1435 988 1509 μὴ
1033 1437 1566 1506 τεσσαρακονταέτις
1593 1437 1651 1491 οὐ
1702 1439 1852 1504 γίνε-

278 1549 393 1584 ταιο
425 1534 486 1601 τῇ
527 1531 584 1584 δὲ
633 1530 723 1584 διὰ
755 1529 941 1600 γάμου
989 1530 1090 1602 τὴν
1135 1529 1485 1601 λειτουργίαν
1516 1532 1851 1605 ὲξυδρισάσῃ

279 1621 532 1693 ἀνάθεμα.

343 1722 435 1781 ις’.
485 1715 902 1787 Μονὰζοντεςῆ
951 1715 1284 1785 μονάζουσαι
1343 1718 1420 1790 μὴ
1466 1718 1826 1787 γαμείτωσαν

276 1812 391 1864 lusi
432 1809 678 1864 εστωσαν
703 1809 1082 1880 ἀκοινώνητοι.

345 1992 427 2058 ιζ’.
479 1994 782 2064 Ἐγχῶριος
827 1993 921 2047 καὶ
968 1993 1265 2063 ἀγροικικὴ
1298 1993 1584 2064 παροικία,
1615 1994 1662 2045 εί
1699 2009 1853 2063 τρια-

274 2080 581 2135 κονταετίαν
605 2082 936 2152 ἐσχέθησαν,
968 2082 1394 2152 κατεχέσθωσαν
1416 2100 1430 2114 ’
1472 2085 1521 2136 εί
1553 2081 1607 2134 δὲ
1646 2082 1852 2152 ταύτης

273 2177 438 2240 ἐντὸς,
489 2172 600 2229 εἷεν
647 2177 898 2230 ὑπόδικοι
928 2193 942 2208 ο
981 2180 1028 2230 εί
1068 2178 1126 2230 δὲ
1164 2176 1511 2231 κεκαίνισται
1562 2175 1853 2247 βασιλικῆς

274 2269 334 2322 ἐκ
364 2269 670 2331 κελεύσεως
714 2270 891 2332 πόλις,
945 2271 978 2340 ή
1019 2268 1191 2334 τάξις,
1245 2270 1337 2322 καὶ
1368 2271 1395 2323 6
1420 2269 1588 2332 τύπος
1628 2270 1856 2324 ἀκολου-

274 2358 431 2412 θείτω
456 2363 566 2424 τοῖς
593 2359 898 2422 πολιτικοῖς
929 2360 1237 2430 δημοσίοις,
1276 2358 1374 2413 καὶ
1411 2360 1510 2431 τῆς
1553 2359 1854 2428 ἐκκλησια-

273 2454 458 2523 στικῆς
493 2454 810 2525 παροικίας.

338 2556 427 2618 ιη’.
464 2549 733 2618 Κληρικοὶ
792 2549 886 2601 καὶ
942 2547 1296 2618 μονάζοντες,
1356 2548 1404 2600 εί
1453 2547 1762 2618 φωραθεῖεν
1817 2549 1851 2618 ἢ

271 2642 718 2710 φρατριάζοντες,
749 2640 781 2711 ἦ
809 2641 1209 2711 συνομνύμενοι
1237 2641 1359 2694 κατ’
1382 2641 1709 2707 ἐπισκόπου,
1744 2641 1855 2695 τῶν

273 2735 493 2806 βαθμῶν
523 2736 708 2788 αὐτῶν
738 2736 1032 2790 ἔκπτωτοι.

339 2828 425 2885 ιϐ’.
469 2830 526 2884 Ὀ
551 2830 652 2897 τὴν
696 2829 906 2883 οίκείαν
939 2829 1216 2893 ἀπολέσας
1261 2829 1522 2899 πατρίδα,
1551 2829 1599 2882 εί
1627 2830 1717 2883 ἐπ’
1757 2830 1852 2884 ἆλ-

271 2926 360 2995 λην
396 2923 725 2994 Ἐκκλησίαν
761 2923 1041 2991 ἐλήλυθεν,
1071 2921 1488 2992 ἀνεπιτίμητος.

336 3016 401 3072 κ’.
433 3017 768 3078 ’Ἐπίσκοπος
795 3017 944 3082 ξένον
984 3017 1248 3087 κληρικὺν
1273 3016 1677 3086 είσδεξάμενος,
1710 3020 1851 3088 μετὰ

270 3107 359 3160 τοῦ
385 3107 664 3176 δεχθέντος
687 3107 799 3174 ἕξει
837 3107 897 3160 τὸ
929 3107 1318 3178 ἀκοινώνητον.

337 3201 445 3256 κα’.
486 3201 878 3271 ’Δδοκίμαστος
918 3200 1180 3273 κληρικὺς
1218 3201 1252 3272 ἢ
1311 3202 1497 3265 λαῖκός
1550 3203 1852 3257 ἐπισκόπου

273 3296 611 3366 κατηγορῶν,
647 3295 1027 3358 ἀνεπίδεκτος.

334 3388 438 3461 κβ’.
486 3392 543 3442 Ὀ
575 3391 639 3456 ἐξ.
662 3388 966 3461 ἀνθρώπων
1001 3390 1305 3442 ἐπισκόπου
1353 3393 1756 3463 γεγενημένου,
1787 3394 1856 3447 τὰ

271 3485 470 3537 ἱκείνου
493 3483 781 3553 ἁρπάζων,
821 3482 912 3535 τοῦ
947 3481 1160 3554 βαθμοῦ
1202 3483 1610 3554 ἁμαρτήσεται.

337 3584 443 3647 κγ’.
484 3580 548 3630 0i.
601 3577 908 3631 ἐπισκόπου
969 3575 1093 3646 δίχα
1152 3579 1218 3646 τῇ
1282 3578 1857 3634 Κωνσταντινουπόλει

271 3672 656 3740 διατρίϐοντες,
693 3671 790 3723 καὶ
814 3671 1062 3745 ταραχὰς
1092 3670 1498 3744 ἀνεγείροντες,
1523 3673 1620 3743 τῆς
1648 3674 1855 3739 πόλεως

275 3765 708 3818 ὲλαυνέσθωσαν.

338 3857 437 3914 κδ’.
471 3859 858 3929 Μοναστήριον
883 3858 1188 3911 ἐπισκόπου
1210 3857 1404 3929 γνώμῃ
1441 3860 1615 3925 παγὲν
1645 3860 1858 3928 μενέτω

273 3955 676 4026 ἀμεταποίητον
703 3970 716 3983 ·
761 3954 855 4007 καὶ
885 3955 912 4008 ὅ
939 3973 990 4008 τι
1017 3956 1194 4023 τούτῳ
1234 3955 1520 4023 ἀνήκοιτο.
1551 3957 1852 4027 ἀνεκποὶη-

273 4071 380 4109 τον.
424 4054 485 4106 '0
513 4054 556 4106 δ’
595 4052 774 4115 ἄλλως
799 4050 1124 4123 ἐπιχειρῶν,
1155 4052 1256 4106 οὐκ
1287 4049 1604 4114 ἀνεύθυνος.

341 4243 438 4299 κε’.
475 4245 619 4298 Ετσω
650 4242 840 4314 μηνῶν
871 4242 1041 4314 τριῶν
1069 4241 1126 4294 αἱ
1152 4240 1262 4293 τῶν
1290 4238 1611 4294 ἐπισκόπων
1639 4238 1860 4291 τελοῦν-

277 4354 363 4391 ται
393 4337 770 4408 χειροτονίαι·
805 4337 1134 4405 παρατείνει
1169 4335 1225 4388 δὲ
1274 4333 1367 4388 τὸν
1416 4333 1612 4404 χρόνον
1642 4333 1858 4401 ἀνάγκη

277 4449 352 4493 τις
376 4431 781 4501 ἀπαραίτητος.
823 4431 886 4482 Εἰ
914 4429 969 4480 δὲ
1005 4427 1108 4498 μὴ,
1148 4429 1175 4480 6
1213 4425 1536 4499 χειροτονῶν
1582 4425 1643 4479 τὸ
1685 4424 1859 4477 ἐπιτί-

1833 1760 1848 1784 ⁹
1885 1761 1926 1816 Β

1954 511 2161 578 bonore
2207 511 2458 566 fruantur
2515 522 2746 579 tantum,
2799 525 2854 569 et
2899 516 2990 585 qui
3045 516 3242 570 ibidem
3291 527 3540 571 versatur

1953 605 2237 672 cpiscopus
2266 625 2278 662 :
2310 607 2357 660 ei
2403 622 2535 662 vero
2577 610 2669 679 qui
2724 624 2852 664 vere
2903 612 3358 680 metmpolitanus
3417 619 3528 676 est,

1954 699 2170 764 propria
2208 710 2609 753 conserventur
2638 701 2784 771 jura.

2027 788 2389 844 15.Clericus
2432 793 2638 860 absque
2697 793 3159 847 commendatitiis
3229 794 3425 848 litteris
3481 794 3545 846 in

1954 880 2091 936 alius
2121 883 2272 937 urbis
2304 887 2741 940 communionem
2774 903 2877 940 non
2906 887 3189 954 recipitur.

2027 978 2112 1030 t4.
2141 976 2344 1031 Cantor
2364 989 2417 1032 et
2451 978 2620 1032 lector
2645 995 2674 1033 a
2710 989 2854 1034 recta
2887 980 2990 1033 fide
3025 981 3249 1041 alienus,
3285 979 3330 1033 si
3373 979 3533 1033 ducta

1956 1086 2123 1125 uxore
2157 1073 2353 1128 liberos
2385 1075 2691 1138 sustulerit,
2725 1091 2818 1130 eos
2849 1076 2914 1128 ad
2951 1075 3389 1129 communionem
3437 1076 3533 1126 ad-

1955 1167 2124 1227 ducit,
2155 1168 2421 1236 siquidem
2458 1168 2656 1222 ibidem
2685 1169 2939 1236 baptizati
3007 1166 3248 1221 fuerint:
3304 1168 3349 1218 si
3402 1182 3532 1219 vero

1955 1259 2189 1313 nomium
2230 1260 2339 1314 sint
2393 1261 2674 1330 baptizati,
2742 1276 2845 1312 non
2902 1260 3134 1328 amplius
3188 1259 3532 1325 baptizantnr

1954 1349 2094 1417 apud
2126 1350 2432 1405 haereticos.

2029 1442 2115 1495 15.
2148 1441 2484 1508 Diacouissa,
2519 1443 2617 1497 nisi
2655 1442 3010 1512 quadraginta
3048 1456 3219 1494 annos
3259 1448 3380 1494 nata
3423 1457 3530 1494 non

1955 1535 2236 1587 ordinatur
2274 1535 2362 1589 :ei
2395 1544 2574 1588 autem
2609 1551 2725 1601 qua:
2758 1534 2890 1587 inito
2954 1531 3324 1597 matrimonio,
3380 1548 3536 1586 Sacro

1957 1626 2168 1680 muneri
2201 1628 2437 1681 dedecus
2478 1627 2744 1688 attulerit,
2777 1628 3092 1681 anathema.

2031 1719 2117 1772 i6.
2154 1719 2400 1773 Monacbi
2427 1729 2517 1774 aut
2552 1720 2818 1774 moniales
2852 1720 3254 1774 matrimoainm
3306 1734 3371 1773 ne
3401 1734 3538 1772 cun-

1957 1809 2218 1863 trahant:
2278 1810 2546 1880 siquidem
2607 1813 2712 1864 hoc
2766 1811 3534 1878 fecerint,excomruunicen-

1959 1913 2066 1958 lUl‘.

2028 1999 2113 2052 17.
2152 1997 2444 2052 Rusticana
2470 1999 2706 2068 parmcia
2737 2015 2828 2053 seu
2865 1999 3158 2068 pagicuria,
3201 2000 3245 2053 si
3310 1998 3533 2067 triginta

1961 2106 2133 2144 annos
2164 2104 2426 2158 possessze
2477 2090 2697 2152 fuerint,
2755 2091 3186 2158 possideantur:
3243 2091 3288 2142 si
3353 2100 3535 2142 autem

1958 2183 2100 2235 intra
2135 2182 2263 2234 illud
2308 2193 2539 2250 tempus,
2570 2181 2676 2234 sint
2702 2181 2903 2249 judicio
2934 2181 3150 2234 obnoxii
3176 2195 3362 2235 earum
3412 2193 3538 2247 pos-

1958 2290 2225 2328 sessores.
2265 2275 2321 2329 Si
2359 2290 2486 2328 vero
2523 2276 2869 2343 imperatoris
2903 2273 3058 2341 jussu
3095 2273 3224 2328 urbs
3277 2283 3537 2328 renovata

1960 2366 2146 2426 fuerit,
2186 2366 2322 2420 ordo
2346 2381 2409 2421 ac
2458 2365 2629 2419 forma
2666 2364 2923 2419 Ecclesia:
2987 2364 3296 2434 parmcialis
3348 2363 3537 2417 civiles

1959 2475 2022 2514 ac
2049 2459 2290 2525 publicas
2320 2459 2694 2512 ordinationes
2726 2466 3006 2525 sequatur.

2031 2553 2118 2606 18.
2149 2551 2345 2606 Clerici
2381 2565 2445 2604 ac
2481 2550 2729 2605 monachi
2755 2551 2800 2604 si
2837 2548 3096 2618 comperti
3158 2547 3358 2602 fuerint
3408 2561 3538 2599 con-

1958 2646 2224 2700 venticula
2261 2648 2459 2700 habere
2496 2660 2560 2698 ac
2611 2645 2897 2712 coniurare
2952 2653 3137 2697 contra
3201 2641 3539 2720 episcopum,

1960 2741 2215 2811 gradibus
2241 2739 2354 2793 suis
2383 2739 2661 2793 excidant.

2027 2834 2117 2888 l9.
2147 2833 2244 2900 Qui
2273 2832 2470 2886 amissa
2503 2831 2674 2900 patria
2694 2831 2761 2884 ad
2792 2828 2950 2883 aliam
3008 2826 3308 2881 Ecclesiam
3379 2838 3541 2878 vene-

1959 2927 2049 2992 rit,
2076 2926 2588 2996 irreprehensibilis.

2028 3021 2117 3075 20.
2157 3021 2455 3090 Episcopus
2486 3019 2577 3087 qui
2609 3026 2929 3072 extraneum
2964 3013 3222 3069 clericum
3278 3025 3535 3081 suscepe-

1879 3117 1924 3177 c
1958 3112 2050 3172 rit,
2083 3126 2204 3163 cum
2242 3118 2498 3176 suscepto
2532 3103 3118 3159 excommunicabitur.

2032 3203 2120 3256 2|.
2168 3202 2408 3256 Clericus
2453 3208 2545 3252 aut
2588 3198 2756 3252 laicus
2810 3212 2916 3250 non
2967 3193 3225 3263 probatus
3277 3204 3542 3245 accusans

1960 3299 2292 3365 episcopum,
2320 3291 2665 3360 rejiciendus.

2029 3387 2120 3440 22.
2146 3384 2251 3451 Qui
2280 3383 2533 3452 episcopo
2558 3380 2668 3432 vita
2714 3377 2920 3442 functo,
2987 3375 3131 3429 illius
3184 3374 3324 3426 bona
3380 3369 3537 3439 rapit,

1963 3480 2132 3551 gradu
2162 3477 2465 3543 dejicietur.

2030 3569 2119 3624 23.
2147 3568 2246 3633 Qui
2279 3566 2483 3636 injussn
2519 3562 2755 3634 epiSCOpi
2783 3556 3250 3626 Constantinopoli
3299 3568 3540 3612 couuuo-

1965 3674 2178 3724 rantur,
2207 3677 2269 3714 ac
2305 3659 2493 3714 turbas
2527 3658 2791 3720 excitant,
2831 3654 2964 3709 urbe
2991 3651 3354 3722 expellantur.

2031 3848 2123 3902 24.
2173 3840 2558 3901 Monasterium
2603 3839 2667 3894 de
2721 3836 2989 3892 sententia
3031 3831 3269 3903 episcopi
3332 3841 3542 3884 exstru-

1963 3953 2133 4005 ctum,
2163 3948 2375 3994 maneat
2409 3932 2745 3989 immutabile
2780 3949 2794 3984 :
2849 3942 2903 3984 et
2934 3925 3192 3998 quidquid
3255 3925 3320 3978 ad
3366 3923 3542 3992 ipsum

1963 4036 2219 4106 pertinet,
2244 4048 2311 4086 ne
2339 4030 2623 4084 alienetur.
2651 4024 2752 4091 Qui
2785 4037 2911 4078 vero
2945 4035 3104 4076 secus
3132 4018 3309 4073 facere
3352 4029 3541 4086 aggre-

1963 4132 2162 4194 dictur,
2183 4141 2299 4180 non
2329 4125 2434 4180 erit
2459 4120 2732 4176 innoxius.

2032 4243 2123 4297 ‘25.
2157 4241 2302 4294 Intra
2333 4244 2441 4291 tres
2474 4249 2688 4290 menses
2739 4232 3114 4302 episcOporum
3172 4227 3550 4282 ordinationes

1965 4336 2354 4406 perficiantur:
2393 4340 2607 4395 tempus
2635 4340 2765 4379 vero
2795 4333 3049 4392 prorogat
3089 4319 3384 4375 necessitas
3440 4318 3541 4370 ali-

1967 4445 2070 4499 qua
2107 4425 2456 4482 inevitabilis.
2484 4423 2540 4477 Si
2569 4436 2726 4475 secus
2761 4420 2877 4480 fiat,
2905 4417 3165 4472 ordinans
3221 4427 3392 4480 panis:
3440 4410 3548 4462 erit

284 4543 398 4595 μιον
447 4524 658 4577 είσεται
688 4538 702 4552 ·
747 4524 783 4593 ἡ
822 4521 1008 4592 μέντοι
1057 4519 1321 4592 πρόσοδος
1365 4519 1576 4590 μενέτω
1604 4516 1682 4588 τῷ
1713 4517 1852 4570 οἶκον

1972 4520 2261 4576 obnoxius.
2295 4515 2522 4570 Reditus
2553 4523 2730 4566 tamen
2766 4523 2930 4577 penes
2966 4506 3394 4574 dispensatorem
3427 4515 3544 4552 ma-

282 4637 438 4691 νόμῳ.

343 4730 456 4797 κς¹.
487 4731 781 4800 Οἶκονόμος
813 4728 919 4783 ἀνὰ
962 4728 1143 4791 πάσας
1177 4727 1322 4780 Ιστω
1365 4726 1465 4789 τὰς
1531 4725 1860 4792 Ἐκκλησίας

277 4826 377 4878 ἀπὸ
404 4825 499 4878 τοῦ
529 4824 734 4895 κλήρου
761 4839 774 4853 °
797 4825 825 4876 6
851 4824 905 4875 δὲ
927 4821 1119 4874 τούτου
1149 4821 1513 4890 καταφρονῶν
1536 4820 1858 4882 ἐπίσκοπος,

279 4919 373 4970 οὐκ
398 4917 758 4986 ἀνέγκλητος.

343 5031 447 5099 κζ’.
499 5030 780 5102 Κληρικὸς
831 5030 1100 5102 ἁρπάζων
1158 5030 1434 5095 γυναῖκα,
1495 5025 1860 5094 ἀνεκκλησία-

284 5141 427 5189 στοςο
463 5126 490 5179 6
518 5123 578 5176 δὲ
609 5122 798 5186 λαῖκδς
823 5120 966 5175 ἔστω
1001 5119 1263 5189 ἀνάθεμα
1289 5135 1303 5152 ·
1343 5119 1485 5173 κατᾶ
1511 5119 1670 5171 τοῦτο
1707 5122 1803 5172 καὶ
1832 5119 1861 5171 6

281 5214 560 5270 συναινῶν.

343 5329 447 5403 κη’.
495 5331 560 5384 Ὀ
585 5330 685 5399 τῆς
737 5330 866 5390 νέας
912 5327 1212 5391 ἐπίσκοπος
1254 5325 1476 5394 Ῥώμης
1517 5323 1595 5392 τῷ
1628 5325 1726 5394 τῆς
1756 5343 1862 5379 πα‹

281 5423 558 5493 λαιστέρας
602 5422 889 5494 ὁμότιμος,
924 5420 1019 5474 διὰ
1047 5422 1146 5493 τὴν
1191 5419 1302 5472 τῶν
1356 5420 1656 5488 σκήπτρων
1691 5417 1861 5487 μετάσο

287 5533 490 5572 στασιθ.

348 5612 448 5666 κθ’.
483 5612 546 5665 Οί
588 5609 823 5673 Πόντου,
872 5607 967 5662 καὶ¹
1019 5606 1227 5671 Ἀσίας,
1272 5606 1367 5659 καὶ
1414 5605 1655 5678 Θρᾴκης,
1692 5606 1860 5658 κα“ιοῑ

292 5702 554 5776 Βὰρὸαροι
581 5701 662 5774 τῷ
691 5703 790 5773 τῆς
826 5703 1244 5761 Κωνσταντίνου
1273 5698 1766 5770 κεχειροτόνηνται.

353 5801 412 5854 λ’.
457 5799 512 5852 Ὀ
551 5796 940 5861 καταϐιϐάζων
995 5796 1296 5848 ἐπίσκοπον
1347 5794 1426 5856 είς
1461 5791 1856 5862 πρεσϐύτερον,

1972 4621 2156 4668 neunt.

2040 4725 2129 4780 26.
2159 4725 2510 4793 Dispensator
2543 4721 2594 4773 in
2651 4715 2908 4769 omnibus
2963 4710 3219 4765 Ecclesiis
3288 4709 3355 4763 de
3400 4708 3548 4762 clero

1965 4818 2372 4873 constituatur:
2405 4813 2496 4881 qui
2546 4825 2674 4864 vero
2725 4810 2830 4861 hoc
2885 4804 3185 4860 contemnit
3235 4805 3545 4871 episcopus,

1965 4911 2192 4966 crimine
2221 4923 2326 4961 non
2358 4914 2526 4959 caret.

2037 5025 2131 5078 27.
2165 5022 2411 5076 Clericus
2443 5017 2720 5071 mulierem
2769 5011 3014 5082 rapiens,
3063 5006 3302 5062 Ecclesia
3360 5003 3548 5071 ejicia-

1967 5133 2086 5186 tur;
2120 5119 2291 5171 laicus
2324 5129 2454 5169 vcro
2488 5113 2559 5166 sit
2591 5110 2922 5170 anathema;
2951 5105 3120 5173 etqui
3173 5101 3256 5158 bis
3314 5115 3544 5156 consen-

1967 5215 2049 5278 tit,
2087 5212 2264 5265 eideut
2308 5222 2480 5278 ptena:
2516 5202 2815 5270 subiaceat.

2030 5331 2122 5385 28.
2157 5326 2318 5381 Nova:
2359 5322 2545 5376 Roma:
2574 5318 2858 5387 episcopus
2907 5314 3092 5369 eodem
3152 5326 3274 5364 cum
3341 5307 3539 5361 veteris

1968 5425 2150 5478 Romae
2192 5419 2450 5490 episcopo
2502 5415 2706 5470 honore
2760 5411 2994 5474 fruatur,
3059 5414 3280 5478 prOpter
3327 5400 3546 5470 imperil

1966 5513 2392 5586 translationem.

2031 5604 2121 5658 29.
2157 5602 2332 5667 Ponti,
2359 5581 2502 5655 Asia:
2529 5594 2885 5661 Thraciaeque
2913 5589 3150 5658 episcopi
3184 5602 3248 5641 ac
3306 5581 3544 5642 Barbarl

1964 5714 1991 5752 a
2014 5692 2614 5761 Constantinopolitano
2641 5676 2984 5740 ordinentur.

2037 5788 2126 5845 30.
2163 5786 2265 5852 Qui
2293 5785 2605 5846 cpiscouum
2639 5779 2706 5834 ad
2737 5774 3038 5842 presbyteri
3071 5775 3296 5837 gradum
3337 5766 3542 5823 demit‘
