3968 6234
465 291 530 360 91
1727 285 2098 349 ARISTENI
2138 285 2486 348 MONACHI

3664 286 3750 349 92

471 407 558 472 tit,
595 405 932 476 sacrilegus:
969 405 1085 475 ipse
1108 405 1253 460 enim
1297 404 1469 474 culpa:
1522 403 1796 459 obnoxius
1858 413 1913 458 et
1965 419 2050 458 sa-

2210 400 2435 469 ρόσυλος
2467 417 2480 430 ·
2520 403 2546 453 6
2579 401 2686 472 γὰρ
2725 400 2994 464 ὑπαίτιος,
3043 399 3136 453 καὶ
3178 400 3416 469 ἀνίερος.
3459 398 3519 453 Ὀ
3547 399 3602 454 δὲ
3631 419 3743 456 κα-

471 499 710 554 cerdmio
751 500 1023 569 indignus.
1060 498 1161 565 Qui
1198 514 1327 553 vero
1385 499 1571 553 insons
1622 498 1870 569 dcjectus
1939 504 2048 562 cst,

469 593 539 643 sit
561 592 872 659 episcopus.

543 684 631 737 51.
663 681 774 736 Mos
802 692 884 736 est
934 682 1225 753 Aigyptiis,
1289 682 1388 737 nisi
1437 683 1879 752 :ircliiepiscOpus
1926 697 2050 752 per-

472 776 699 834 misetit,
729 792 829 827 non
871 777 1129 830 scribere.
1169 760 1285 841 Qun
1324 776 1380 828 ﬁt
1421 786 1479 828 ut
1525 777 1749 829 minimc
1791 775 2046 846 culpandi

473 868 608 929 sint,
640 868 959 922 t'lttItSbIICil
991 868 1190 922 Leonis
1235 867 1476 936 epistolae
1533 883 1638 921 non
1705 864 2048 936 subscripse-

474 960 600 1017 rint.
633 960 803 1013 donec
837 959 1279 1030 artbiep’scopus
1309 971 1526 1013 creatus
1550 959 1734 1013 luerit.

578 1072 896 1127 Sanctorum
936 1073 1155 1127 Patrum
1201 1074 1442 1130 Sordicw
1482 1085 1943 1144 congregatarum.

549 1189 600 1242 Ι.
665 1188 960 1257 Episcopus
1011 1203 1074 1242 ex
1148 1189 1350 1258 majore
1395 1190 1613 1244 civitate
1675 1192 1726 1243 ir.
1790 1191 2052 1243 minorem

470 1281 713 1335 transire
743 1296 844 1334 non
877 1283 1233 1350 Comperitur.
1260 1282 1360 1348 Qui
1411 1283 1578 1354 igitur
1609 1299 1674 1338 ex
1707 1283 1894 1338 linmili
1926 1285 2054 1338 sede

475 1375 532 1432 in
590 1376 960 1429 sublimiorem
1016 1378 1288 1443 transilit,
1359 1387 1616 1447 tanquam
1681 1393 1945 1445 arrogans
2001 1386 2055 1431 et

477 1483 678 1521 avarus
712 1480 1047 1538 compertus,
1075 1486 1169 1538 per
1197 1479 1366 1525 totum
1392 1472 1554 1524 vitam
1605 1468 2050 1525 exconnnunica-

480 1569 584 1615 tur.

546 1653 604 1708 2.
629 1653 930 1724 Episcopus
961 1653 1012 1709 in
1042 1654 1181 1710 alius
1203 1657 1443 1725 episcopi
1480 1656 1668 1710 urbem
1702 1671 1771 1710 ne
1814 1664 2058 1709 transeat

2152 496 2510 560 ταὸιόασθεὶς
2548 496 2818 559 ἀναίτιος,
2850 495 2990 548 ἔστω
3023 497 3348 558 ἐπίσκοπος.

2223 675 2327 729 λα’.
2370 676 2614 730 Εἴθισται
2645 678 2758 740 τοῖς
2788 675 3132 744 Αἰγυπτίοις,
3175 677 3222 728 εἰ
3264 674 3338 746 μὴ
3383 675 3750 747 ἀρχιεπίσκο-

2154 786 2254 832 πος
2289 769 2599 835 ἐπιτρέποι,
2645 771 2719 839 μὴ
2755 771 3012 840 γράφειν.
3045 768 3332 822 Ἐντεῦθεν
3354 769 3635 839 ἄμεμπτοι
3669 771 3749 841 μὴ

2153 860 2594 930 ἐπιγεγραφότες
2627 862 2693 929 τῇ
2732 859 2999 932 ἐπιστολῇ
3041 858 3140 914 τοῦ
3168 860 3319 913 ὁσίου
3358 860 3609 925 Λέοντος,
3639 861 3753 925 ἓως

2154 951 2589 1021 ἁρχιεπίσκοπος
2614 951 2864 1019 γενηται.

2681 1059 2804 1114 Τῶν
2835 1060 2906 1115 ἐν
2937 1058 3221 1129 Σαρὸικῇ.

2227 1175 2297 1234 α’.
2348 1175 2801 1247 Ἀνεξερεύνητος
2869 1176 3170 1239 ἐπίσκοπος
3225 1175 3287 1229 ἐκ
3349 1176 3597 1246 μείζονος
3651 1174 3755 1227 ἐπὶ

2160 1272 2349 1343 μείονα
2371 1273 2526 1325 πόλιν
2547 1288 2559 1302 ο
2594 1273 2622 1324 6
2649 1272 2831 1322 τοίνυν
2857 1273 2921 1324 ἐκ
2954 1271 3224 1340 ταπεινῆς
3267 1270 3355 1340 ἐφ’
3405 1269 3755 1340 ὑψηλοτέραν

2159 1364 2512 1437 μεταπηδῶν,
2547 1365 2624 1429 ὡς
2650 1362 2866 1430 ἀλαζὼν
2893 1364 2987 1417 καὶ
3033 1363 3368 1435 πλεονέκτης
3433 1363 3754 1417 ὑποϐλεπό-

2160 1475 2343 1530 μενος,
2382 1458 2471 1511 διὰ
2506 1457 2624 1528 βίου
2670 1457 2868 1521 παντὸς
2893 1455 3286 1527 ἀκοινώνητος.

2233 1633 2298 1706 β’.
2344 1634 2677 1689 Ἐπισκόπου
2716 1634 2796 1697 είς
2832 1633 2985 1687 πόλιν
3016 1631 3249 1703 ἄκλητος
3298 1635 3373 1704 μὴ
3419 1631 3755 1685 διαϐαινέτω

479 1763 586 1801 non
619 1747 917 1804 invitatus:
949 1765 1011 1803 ac
1039 1731 1341 1820 provinciae
1369 1753 1661 1820 cpiscopus
1708 1750 1752 1804 si
1811 1750 2050 1818 aliquam

2202 1728 2461 1790 ιτίσκοπος
2496 1742 2509 1756 ·
2553 1726 2650 1778 καὶ
2689 1727 2717 1778 ὁ
2755 1722 3104 1796 ἐπαρχιὼτ-ης
3138 1725 3188 1776 εί
3224 1726 3316 1776 ἐπί
3354 1742 3405 1777 τι
3448 1723 3751 1788 δικάζοιτο.

483 1839 628 1893 litem
655 1839 872 1906 habeat,
898 1840 1104 1896 alienos
1139 1843 1425 1913 episcopos
1471 1858 1536 1897 ne
1581 1853 1793 1902 evocet,
1829 1854 2057 1908 praetcr-

481 1949 640 2001 quain
677 1950 704 1986 τι
743 1931 988 1988 Romano
1025 1933 1308 2002 Pontiﬁce,
1337 1939 1382 1989 si
1415 1937 1669 2005 expedire
1707 1936 2058 2004 iudicaverit.

555 2027 607 2080 5.
638 2025 903 2096 Episcopo
935 2029 1199 2097 deposito.
1239 2031 1281 2083 si
1315 2030 1547 2083 aliirmet
1572 2044 1628 2083 se
1679 2030 2052 2084 defensionem

482 2118 792 2184 allaturum,
845 2135 952 2173 non
1010 2121 1361 2176 constituitur
1409 2123 1567 2187 alius,
1607 2123 1706 2176 nisi
1766 2123 2055 2192 episcopus

484 2207 668 2263 [10mm
692 2209 980 2265 deliuicrit.
1016 2212 1274 2281 Dispiciet
1302 2211 1445 2266 enim
1493 2211 1914 2280 depositionem,
1966 2221 2062 2265 aut

481 2316 580 2369 per
615 2302 853 2365 nuntios,
886 2311 982 2356 aut
1007 2318 1102 2371 per
1137 2303 1370 2360 litteras.

556 2394 613 2451 4.
640 2395 695 2450 Si
723 2396 877 2452 1.ιίοίε
901 2396 1210 2464 petentibus
1254 2397 1586 2465 episcopum,
1635 2395 1873 2464 episcopi
1929 2411 2064 2462 prae-

486 2499 671 2543 sentes
702 2490 833 2552 sint.
873 2504 1012 2545 unus
1038 2505 1166 2544 vero
1202 2492 1417 2559 quidem
1451 2492 1614 2551 absit,
1647 2503 1863 2546 vocetur
1897 2492 2058 2544 etiam

489 2580 597 2637 ille.
629 2579 682 2632 Si
706 2595 836 2632 vero
874 2589 1101 2635 vocatus
1147 2596 1322 2648 neque
1367 2583 1629 2648 scribere,
1682 2598 1856 2652 neque
1911 2598 2061 2638 acce-

487 2671 616 2725 dere
647 2664 901 2738 voluen’t,
934 2673 978 2726 is
1001 2673 1092 2742 qui
1119 2674 1343 2742 petitur,
1382 2675 1690 2731 ordinetur.

561 2849 614 2902 ὅ.
649 2848 782 2901 Cum
817 2850 1270 2918 metropolitanus
1304 2854 1677 2919 constituitur,
1705 2855 1866 2911 vicini
1902 2857 2065 2914 etiam

496 2939 735 3009 episcopi
761 2941 1078 2994 accersendi
1113 2953 1258 2998 sunt.

567 3034 619 3086 6.
653 3032 705 3084 in
738 3048 900 3103 parva
944 3036 1076 3088 urbe
1108 3043 1163 3088 et
1202 3051 1361 3104 pago,
1407 3037 1490 3091 cui
1546 3054 1687 3093 unus
1724 3041 1918 3095 suilicit
1948 3057 2070 3111 pre-

2161 1820 2478 1887 ἀλλοτρίους
2506 1818 2840 1881 ἐπισκόπους
2864 1819 2964 1871 ιύκ
2998 1817 3375 1884 ἐκκαλέσεται,
3405 1819 3437 1888 ἦ
3470 1821 3619 1889 παρὰ
3651 1817 3753 1870 τοῦ

2172 1912 2414 1982 Ῥώμης,
2454 1913 2504 1964 εἰ
2537 1910 2835 1980 ἐπικρίνοι.

2232 2013 2302 2073 γ’.
2355 2007 2688 2059 Ἐπισκόπου
2722 2006 3172 2077 καθαιρεθέντος,
3204 2005 3301 2058 καὶ
3327 2003 3762 2075 διαϐεϐαιουμέ-

2163 2120 2254 2155 νου
2296 2101 2485 2172 φέρειν
2533 2101 2854 2169 ἀπολογίαν,
2893 2102 2940 2154 εί
2993 2102 3067 2173 μὴ
3097 2102 3125 2153 ὁ
3171 2100 3390 2171 Ῥώμης
3439 2100 3640 2173 ὀρίζοι,
3685 2101 3754 2154 οὐ

2164 2193 2485 2264 καθίδρυται
2523 2195 2733 2262 ἕτερος.
2771 2196 3144 2264 Διασκοπήσει
3185 2193 3294 2265 γὰρ
3335 2194 3434 2265 τὴν
3487 2193 3761 2262 καθαίρει-

2166 2303 2251 2340 σιν
2336 2287 2676 2350 ἀποστόλοις,
2708 2288 2739 2358 ἦ
2766 2287 3113 2358 γράμμασιν.

2238 2377 2299 2435 δ’.
2360 2381 2420 2432 Εἰ
2468 2379 2576 2432 τῶν
2630 2379 2838 2432 λαῖκῶν
2887 2369 3299 2447 ἐπιζητούντων
3339 2380 3662 2442 ἐπίσκοπον,
3700 2384 3761 2435 οἱ

2165 2471 2454 2524 ἐπίσκοποι
2500 2473 2984 2542 παρονσιάζουσιν,
3020 2465 3102 2534 εἷς
3129 2473 3186 2525 δέ
3217 2490 3301 2536 τις
3335 2474 3591 2540 ἐλλείποι,
3620 2492 3766 2545 προο

2166 2564 2440 2618 καλείσθω
2499 2567 2748 2628 κάκεῖνος
2805 2581 2819 2595 ³
2879 2567 2927 2617 εί
2980 2565 3038 2618 δὲ
3101 2565 3580 2638 προσκαλούμενος
3627 2567 3762 2620 οὔτε

2167 2660 2426 2729 γράφειν,
2467 2657 2586 2712 οὒτε
2629 2658 2884 2729 ἐνδημεῖν
2919 2657 3189 2728 βούλοιτο,
3217 2661 3244 2712 6
3275 2659 3605 2731 ζητούμενος
3635 2678 3759 2732 χει-

2170 2750 2516 2818 ροτονείσθω.

2240 2849 2301 2896 ε’.
2339 2843 2755 2915 Μητροπολίτου
2791 2845 3219 2916 καθισταμένου,
3252 2845 3347 2900 καὶ
3375 2849 3422 2900 οἱ
3447 2847 3763 2918 πλησιόχωο

2171 2952 2254 3006 ροι
2292 2936 2675 3005 μετάπεμπτοι
2709 2934 2941 2991 ἔσοιντο.

2243 3034 2316 3092 ς’,
2353 3029 2444 3092 Εἰς
2478 3029 2666 3100 ὀλίγην
2698 3029 2872 3094 πόλιν,
2903 3029 3001 3082 καὶ
3035 3029 3249 3100 κώμην,
3363 3032 3456 3085 καὶ
3501 3026 3582 3095 εἷς
3621 3034 3765 3085 αύτ-

497 3126 701 3196 sbyter,
734 3126 1019 3194 cpiscopus
1057 3143 1162 3179 non
1191 3129 1542 3182 constituitur
1573 3147 1586 3182 :
1629 3131 1673 3185 si
1705 3146 1835 3184 vero
1867 3133 2062 3200 populo

2209 3139 2346 3190 ρκης
2395 3122 2796 3191 πρεσϐύτερος,
2839 3124 3140 3186 ἐπίσκοπος
3209 3125 3270 3177 ού
3312 3125 3670 3179 καθίσταται·
3711 3126 3768 3178 εί.

497 3215 932 3287 frequentissima
966 3220 1034 3271 sit
1070 3219 1218 3284 urbs,
1255 3235 1360 3273 non
1395 3222 1609 3292 indigna
1653 3234 1737 3278 est
1779 3225 2060 3295 episeopo.

570 3333 620 3386 7.
662 3331 717 3386 Si
742 3332 997 3403 pupillus,
1027 3345 1079 3388 et
1117 3335 1302 3402 vidua,
1335 3347 1386 3390 et
1433 3337 1523 3406 qui
1572 3346 1749 3393 tutore
1793 3351 1962 3402 caret,
2023 3341 2070 3395 vi

498 3424 904 3494 opprimantur,
963 3426 1029 3480 iis
1080 3429 1358 3496 snppetias
1407 3427 1548 3481 feret
1596 3432 1913 3500 episcopus.
1969 3433 2073 3488 Ve-

501 3526 805 3570 rumtamen
837 3534 904 3572 ne
935 3518 1203 3587 ejusmodi
1239 3530 1501 3590 prmtcxtu
1535 3523 1586 3576 in
1613 3525 1871 3578 comitatu
1925 3529 2074 3597 regio

504 3619 772 3673 versetur,
805 3610 935 3678 quin
966 3613 1146 3680 potius
1178 3612 1435 3669 diaconus
1465 3617 1732 3670 mittatur.

576 3700 629 3754 8.
663 3699 733 3754 lis
767 3702 857 3770 qui
887 3703 952 3756 ad
981 3703 1278 3758 Ecclesium
1310 3705 1632 3778 confugiunt
1670 3710 1796 3764 totis
1861 3712 2072 3769 viribus

505 3792 956 3844 sucmtrrenduin.

575 3881 628 3936 9.
657 3880 712 3935 Si
755 3883 922 3936 frater
964 3883 1030 3937 ad
1097 3883 1316 3939 fratrem
1371 3887 1573 3950 mittat,
1630 3893 2079 3960 metropolitanus

507 3975 757 4028 nuntium
796 3974 994 4029 litteris
1037 3977 1149 4030 suis
1202 3980 1430 4042 muniat,
1493 3984 1802 4053 scribatque
1849 3988 1914 4040 ad
1965 4003 2078 4056 eos,

505 4083 641 4137 quos
671 4069 957 4139 episcopus
989 4083 1142 4142 rogat
1173 4083 1228 4125 ut
1256 4075 1505 4128 nuntium
1534 4088 1834 4148 protegant.

580 4246 968 4313 lt).Forensis,
1017 4248 1399 4311 scholasticus.
1461 4264 1552 4308 aut
1614 4256 1762 4311 dives
1824 4259 1926 4313 nisi
1988 4276 2084 4330 per

507 4357 695 4397 sacros
727 4340 945 4397 ordines
993 4344 1286 4410 transierit,
1347 4362 1450 4399 non
1509 4360 1724 4402 creatur
1769 4353 2078 4422 episcopus.

2171 3215 2229 3268 δὲ
2262 3215 2802 3285 πολυανθρωποτὰτη
2832 3218 3055 3287 γένηται
3087 3215 3268 3283 πόλις,
3292 3218 3394 3271 οὐκ
3424 3219 3666 3285 ἀνάξιον.

2248 3318 2312 3380 ζ’.
2346 3316 2638 3388 Ὀρφανοῦ,
2673 3317 2768 3370 καὶ
2819 3319 3018 3390 χήρας,
3060 3319 3155 3371 καὶ
3189 3320 3532 3390 ἀπροστάτου
3575 3319 3766 3390 βιαζο-

2179 3413 2376 3481 μένων,
2409 3413 2487 3474 είς
2521 3410 2776 3482 βοήθειαν
2803 3413 3210 3483 κατατολμήσει
3245 3412 3548 3473 ἐπίσκοπος
3572 3427 3585 3442 ⁸
3619 3412 3765 3466 ἀλλὰ

2176 3506 2240 3573 τῇ
2282 3503 2376 3576 [ίσ.
2418 3504 2491 3572 μὴ
2543 3503 2631 3575 τῇ]
2681 3503 2908 3576 τοιαύτη
2955 3505 3230 3576 προλοάσει
3279 3505 3550 3575 διατρίϐοι
3583 3509 3671 3569 είς
3702 3507 3770 3559 τὸ

2180 3602 2564 3672 στρατόπεδον,
2609 3601 2742 3655 ἀλλὰ
2780 3604 2982 3669 μᾶλλον
3008 3602 3256 3667 διάκονος
3288 3602 3582 3657 στέλλοιτο.

2250 3700 2318 3763 η’.
2352 3695 2475 3756 Τοῖς
2508 3694 2599 3745 ἐπὶ
2633 3695 2729 3765 τὴν
2776 3694 3109 3766 Ἐκκλησίαν
3155 3697 3568 3766 προσφεύγουσι
3599 3699 3774 3752 παντὶ

2182 3787 2357 3840 σθένει
2398 3786 2715 3856 βοηθητέον.

2252 3878 2316 3932 θ’.
2356 3878 2611 3946 ’Λδελφοῦ
2654 3878 2791 3950 πρὸς
2835 3880 3066 3948 ἀδελφὸν
3097 3881 3544 3949 ἀποστέλλοντος,
3576 3885 3603 3938 6
3663 3903 3775 3957 μη-

2181 3971 2507 4040 τροπολίτης
2556 3973 2648 4023 τὸν
2684 3971 2984 4025 ἀπόστολον
3036 3973 3289 4043 ίσχυέτω,
3341 3977 3439 4028 καὶ
3497 3978 3773 4046 γραφέτω

2183 4065 2322 4134 πρὸς
2363 4065 2512 4129 τοὺς,
2559 4066 2617 4116 ἐν
2656 4060 2742 4127 οἷς
2786 4067 2818 4136 ἠ
2874 4064 3102 4129 ἀξίωσις
3153 4066 3245 4119 τοῦ
3279 4068 3609 4133 ἐπισκόπου,
3672 4070 3773 4123 τοῦ

2185 4159 2486 4213 ἀποστόλου
2511 4159 3033 4229 ἀντιλαμϐάνεσθαι.

2259 4250 2312 4306 ι’.
2371 4253 2682 4322 Ἀγοραῖος,
2748 4252 3128 4320 σχολαστικὸς,
3187 4254 3219 4322 ἢ
3281 4253 3556 4320 πλούσιος,
3601 4256 3648 4307 εί
3694 4256 3774 4328 μὴ

2185 4346 2313 4406 τοὺς
2343 4344 2522 4414 ἱεροὺς
2548 4343 2749 4396 διέλθοι
2785 4343 3054 4413 βαθμοὺς.
3089 4347 3390 4408 ἐπίσκοπος
3416 4348 3476 4400 ού
3508 4348 3774 4401 καθίστα-

507 4435 782 4493 Graduum
814 4445 991 4489 autem
1031 4437 1380 4491 interstitium
1438 4455 1506 4491 ne
1565 4442 1724 4496 nimis
1773 4445 1938 4497 breve
1989 4448 2068 4511 sit,

2202 4457 2296 4491 ται.
2322 4438 2395 4490 Τὸ
2421 4438 2474 4490 δέ
2503 4437 2612 4489 τῶν
2641 4436 2866 4507 βαθμῶν
2890 4437 3195 4508 διάστημα,
3228 4439 3287 4490 ού
3313 4440 3432 4493 λίαν
3452 4441 3733 4508 ὀλιγοστόν
3755 4455 3774 4473 ο

509 4543 614 4595 quo
646 4526 817 4597 [ηε]οτ
847 4526 974 4582 ﬁdei
1027 4543 1349 4598 morumque
1386 4532 1670 4599 probitatis
1727 4537 1841 4604 ejus
1891 4540 2084 4606 proba-

513 4618 586 4671 tio
635 4618 820 4672 baberi
875 4619 1070 4689 possit.
1123 4619 1226 4688 Qui
1287 4623 1431 4677 enim
1496 4625 1654 4680 aliter
1706 4631 2082 4695 constituitur,

515 4711 816 4777 neopbytus
855 4723 960 4766 cst.

585 4801 672 4854 11.
700 4800 996 4873 Episcopus
1022 4807 1088 4858 ab
1121 4808 1371 4876 episcopo
1412 4811 1734 4878 accersitus,
1796 4813 1840 4866 si
1897 4814 1940 4866 is
1995 4814 2088 4884 qui

515 4898 744 4949 accersit
769 4897 1050 4966 imperitus
1077 4901 1166 4966 sit,
1204 4919 1268 4955 ne
1322 4903 1487 4957 nimis
1542 4906 1764 4961 assidue
1791 4909 2086 4961 cencioue-

517 4998 649 5040 tur:
723 4989 824 5043 hoc
888 4991 1031 5044 enim
1085 4992 1337 5060 imperito
1386 4997 1490 5050 erit
1550 4998 1824 5060 dedecori,
1893 4999 2088 5069 illeque

518 5082 889 5151 cpisc0patum
925 5084 1131 5139 ambire
1163 5085 1456 5155 videbitur,
1526 5104 1587 5144 ac
1629 5102 1858 5159 utraque
1904 5107 2090 5161 repre-

519 5172 820 5230 bendenda.

593 5265 679 5320 12.
706 5266 833 5320 Sine
863 5269 1011 5339 gravi
1048 5270 1379 5325 necessitate
1410 5272 1716 5328 diutissime
1779 5275 2092 5346 episcOpum

521 5371 549 5410 ι
585 5374 678 5410 sua
708 5359 1170 5442 abesscl'icclesia
1197 5376 1361 5430 grave
1389 5372 1471 5415 cst

599 5540 684 5592 l5.
722 5539 1016 5611 Episcopus
1077 5543 1164 5612 qui
1217 5544 1589 5612 possessiones
1646 5554 1798 5599 extra
1844 5549 2095 5603 dioeceSts

435 5705 437 5707 ι
524 5648 636 5687 sua:
691 5631 891 5688 limites
947 5634 1134 5700 habet,
1194 5636 1239 5692 si
1283 5651 1376 5691 eas
1433 5638 1704 5691 imisurus
1749 5639 1838 5703 sit,
1879 5656 1943 5694 ne
1978 5652 2088 5698 tres

525 5726 757 5796 amplius
788 5727 1093 5787 Dontitticas
1123 5741 1382 5787 moretur.
1416 5728 1507 5786 Sic
1535 5731 1679 5786 enim
1742 5732 1907 5802 ipsius
1965 5749 2094 5803 grex

2187 4528 2253 4581 δι’
2279 4520 2338 4580 οὗ
2372 4531 2431 4579 τὸ
2460 4528 2706 4596 δοκίμιον
2753 4529 2853 4598 τῆς
2901 4531 3160 4594 πίστεως,
3213 4534 3306 4584 καὶ
3355 4533 3776 4599 καλοκάγαθίας

2189 4620 2355 4674 αὑτοῦ
2395 4619 2770 4690 δοκιμάζοιτο.
2806 4620 2867 4674 Ὀ
2899 4621 3006 4691 γὰρ
3043 4623 3268 4694 ἑτέρως,
3298 4626 3579 4694 νεόφυτος.

2264 4813 2354 4860 ια’.
2390 4807 2448 4859 ὐ
2481 4805 2956 4876 προσκαλούμενος
2984 4807 3282 4860 ἐπίσκοπον
3307 4807 3416 4880 [ton
3447 4810 3775 4885 ἐπίσκοπος]

2192 4900 2251 4964 ἐξ
2282 4899 2604 4963 ἐπισκόπου,
2640 4897 2733 4950 τοῦ
2767 4897 3250 4968 προσκαλουμένου
3305 4902 3516 4954 ἰδιώτου
3562 4905 3776 4975 τυγχάι

2192 5012 2396 5055 νοντος,
2435 4993 2508 5063 μὴ
2555 4994 2948 5062 συνεχέστερον
2997 4993 3363 5065 δημηγοροίη.
3411 4994 3620 5064 Μῶμος
3663 4999 3779 5069 γὰρ

2193 5089 2372 5150 τοῦτο,
2421 5085 2515 5138 τοῦ
2561 5086 2796 5149 ἰδιώτου,
2861 5084 2954 5138 καὶ
3010 5087 3277 5156 μνηστεία
3326 5087 3427 5156 τῆς
3459 5089 3779 5157 ἐπισκοπῆς

2197 5180 2415 5248 ἐκείνῳο
2449 5179 2543 5230 καὶ
2573 5178 2860 5246 ἀμφότερα
2895 5178 2993 5230 ούκ
3026 5177 3328 5249 ἀμώμητοι.

2271 5269 2358 5340 ιβ’.
2405 5269 2675 5337 Ἀνάγκης
2744 5269 2866 5338 δίχα
2929 5267 3180 5340 βαρείας,
3240 5271 3503 5342 δυσχερὲς
3564 5272 3624 5324 τὸ
3686 5276 3783 5327 ἐπὶ

2199 5362 2448 5414 πλεῖστον
2511 5360 2601 5412 τὸν
2655 5360 2953 5412 ἐπίσκοπον
3017 5361 3117 5430 τῆς
3179 5363 3385 5426 οίκείας
3448 5364 3784 5435 Ἐκκλησίας

2200 5451 2702 5522 ἀπολιμπάνεσθαι.

2274 5551 2362 5614 ιγ’.
2415 5545 2746 5608 Ἐπίσκοπος
2782 5546 3008 5616 κτήσεις
3063 5547 3398 5617 κεκτημένος
3429 5548 3784 5618 ὑπερορίους,

2203 5642 2249 5693 εί
2281 5639 2464 5710 μέλλοι
2495 5638 2724 5703 ταύταις
2746 5640 2904 5704 ίέναι,
2941 5638 3240 5710 χρονιζέτω
3266 5640 3342 5711 μὴ
3379 5642 3541 5694 πλέον
3575 5643 3790 5712 Κυρια-

2203 5733 2316 5789 κῶν
2363 5732 2534 5805 τριῶν
2569 5733 2936 5804 διαστήματος
2959 5749 2973 5764 ο
3003 5730 3144 5784 οὕτω
3183 5732 3289 5801 γὰρ
3327 5733 3358 5800 ἡ
3405 5734 3580 5787 οἰκεία
3617 5737 3782 5788 αύτοτ
