4084 6194
544 325 640 392 lli

1372 329 1742 394 ABISTENI
1785 328 2135 394 MONACHI
2170 324 2534 392 SYNOPSIS
2572 321 2963 388 CANONUM.

3696 322 3796 389 llZ

606 445 700 499 26.
729 441 898 499 Filius
930 448 1101 510 patris
1123 440 1379 508 potestati
1405 439 1675 509 subditus,
1691 450 1746 496 et
1769 454 1962 496 servus
1981 439 2113 495 citra

2291 439 2405 510 κς’.
2440 440 2506 497 ’0
2533 442 2861 510 ύπεξούσιος
2891 440 3030 507 υίὸς,
3066 440 3162 494 καί
3197 436 3385 502 δοῦλος
3413 437 3534 510 δίχα
3563 437 3673 493 τῶν
3699 455 3797 491 κυ-

533 536 879 592 dominorum
912 541 1278 600 consensum,
1320 535 1725 590 matrimonium
1759 535 2111 601 contrahens,

531 628 702 698 culpa
728 627 945 684 obnoxii
969 635 1119 682 sunt.

583 718 694 776 .27.
754 718 859 788 Qui
914 704 1249 788 percusserit
1291 717 1361 774 ad
1410 725 1675 784 mortem.
1747 725 1862 776 tum
1907 717 1999 789 qui
2031 715 2112 771 la-

529 811 713 878 cessit,
733 819 844 863 tum
875 811 966 880 qui
1003 809 1316 876 ulciscitur,
1356 809 1649 866 homicida.

599 900 694 958 28.
747 901 1069 956 Diaconissa
1113 918 1238 955 cum
1294 901 1482 972 gentili
1532 901 1832 964 fornicata,
1880 916 1946 956 ac
1992 915 2110 973 pa:-

530 995 758 1051 nitentia
831 997 989 1051 ducta
1030 1033 1045 1059 .
1098 996 1380 1063 septennia
1456 993 1788 1065 poenitentia:
1846 993 2109 1065 subjicia—

529 1098 635 1144 tur.

603 1179 696 1234 29.
758 1177 1102 1234 Christianus
1155 1177 1484 1233 contumelia
1518 1176 1796 1232 Christum
1830 1176 2106 1247 afﬁciens,

519 1273 735 1327 'nulinm
781 1271 1014 1326 t‘rnctnm
1058 1284 1122 1325 ex
1159 1270 1442 1324 vocatione
1471 1286 1570 1326 sua
1601 1273 1885 1342 percipiat.

598 1369 686 1423 50.
710 1367 901 1436 Nupsit
928 1368 1172 1437 quzedam
1194 1381 1287 1438 per
1317 1368 1679 1436 ignorantiam
1704 1370 1820 1423 viro
1845 1369 2105 1435 dimisso;

529 1462 729 1516 deinde
783 1460 950 1530 priori
1005 1461 1119 1530 ipse
1175 1459 1460 1516 restitutus
1516 1470 1634 1527 est;
1681 1462 1797 1530 ipsa
1852 1476 1978 1518 vero
2020 1462 2107 1516 di-

528 1555 691 1607 missa
717 1590 733 1618 ,
767 1564 1006 1608 scortum
1044 1561 1324 1622 rvputatur
1375 1568 1469 1622 per
1521 1551 1882 1623 ignorantiam
1904 1592 1921 1619 ,
1950 1569 2014 1609 ac
2059 1555 2103 1610 si

530 1645 660 1701 Velit
681 1685 694 1710 ,
729 1645 933 1700 nubere
970 1655 1167 1716 potesr,
1199 1644 1394 1699 melius
1426 1659 1578 1709 vero,
1613 1647 1660 1701 si
1693 1661 1798 1701 non
1831 1645 2017 1702 nubat.

597 1739 689 1794 51.
717 1737 1067 1804 Ειιετοιίιιδο,
1109 1737 1521 1807 Sarcophoros,
1551 1747 1713 1806 atque
1762 1737 2103 1807 Apotactitas

525 1834 703 1890 denuo
742 1833 1064 1903 baptizabis.
1120 1831 1378 1899 Quamvis
1403 1832 1548 1885 enim
1600 1831 1782 1887 dicant
1814 1847 1874 1887 se
1903 1831 1956 1886 in
1999 1831 2102 1886 Pa-

523 1936 700 1993 trem,
754 1936 809 1982 et
865 1925 1094 1991 Filium,
1128 1933 1182 1978 et
1229 1921 1498 1994 Spiritum
1545 1933 1794 1978 sanctum
1839 1937 1961 1979 esse
2009 1926 2103 1979 ba-

524 2020 789 2089 ptizatos,
813 2026 1186 2072 verumtamen
1220 2008 1491 2085 quoniam'
1516 2016 1781 2070 malorum
1823 2026 2101 2071 auctorem

527 2114 693 2167 Deum
724 2111 885 2180 impie
910 2117 1162 2164 asserunt
1186 2107 1338 2177 juxta
1379 2104 1710 2162 Marcionem
1737 2147 1755 2172 ,
1786 2109 1890 2163 nisi
1926 2109 2103 2164 denuo

522 2204 886 2275 baptizentnr,
919 2216 1025 2255 non
1057 2207 1185 2254 sunt
1216 2197 1532 2268 recipiendi.

590 2296 683 2351 32.
717 2295 847 2362 Qua:
879 2309 906 2349 a
941 2294 1058 2349 viro
1087 2290 1313 2347 dimissa
1338 2297 1442 2357 est,
1479 2289 1560 2346 sic
1585 2301 1837 2359 maneat;
1880 2293 1926 2349 si
1955 2293 2100 2349 enim

525 2389 852 2452 mcechetur,
882 2387 1036 2457 juxta
1074 2384 1285 2442 Domini
1329 2397 1661 2449 sermonem,
1687 2385 1823 2441 alius
1857 2400 2102 2442 commu-

521 2484 684 2536 nione
712 2481 1041 2538 excluditur.

594 2573 685 2629 33.
725 2571 1016 2644 Correptio
1046 2591 1140 2645 per
1188 2557 1294 2631 νίιιι
1327 2577 1565 2634 admissa
1594 2616 1610 2644 ,
1662 2576 1890 2633 crimine
1922 2584 2098 2642 vacat,

522 2676 685 2736 atque
731 2665 928 2724 ancilla
973 2666 1021 2724 si
1074 2668 1181 2724 vim
1230 2669 1479 2741 patiatur
1521 2684 1552 2724 a
1593 2669 1857 2738 domino,
1907 2669 2100 2726 insons

519 2768 626 2818 08L

593 2853 688 2910 56.
724 2852 828 2922 Qui
861 2852 1078 2909 tertium
1123 2853 1532 2910 matrimonium
1567 2855 1878 2922 contrahit,
1903 2865 2096 2911 contra

519 2947 667 3018 leges
715 2955 926 3018 peccat.
977 2945 1144 3002 Prout
1185 2956 1366 3003 autem
1423 2947 1676 3005 Ecclesia:
1733 2964 1824 3005 res
1857 2964 2002 3005 nunc
2035 2963 2098 3005 se

520 3037 723 3094 habent
752 3077 769 3105 ,
817 3034 1086 3107 ejusmodi
1133 3035 1372 3094 facinora
1399 3078 1417 3104 ,
1467 3039 1514 3094 si
1575 3054 1683 3095 non
1714 3039 1931 3109 publice
1986 3049 2098 3094 tra-

521 3131 793 3186 ducantur
821 3171 839 3198 ,
896 3128 1155 3185 dissoluta
1194 3129 1564 3186 fornicatione
1615 3130 1975 3188 tolerabiliora
2003 3131 2090 3203 ju-
2119 3159 2164 3221 α

516 3225 786 3281 dicantur.

942 3309 1195 3383 Ejusdem
1225 3314 1447 3384 epistola
1493 3317 1670 3373 tertia.

590 3408 644 3462 1.
694 3405 890 3462 Clerici
939 3407 1030 3476 qui
1083 3406 1137 3460 in
1183 3406 1438 3462 delictum
1490 3408 1784 3475 incidunt,
1820 3408 2098 3477 'gradilms

515 3499 865 3573 dejiciuntur,
894 3498 1011 3554 sive
1041 3499 1369 3566 ministrent,
1403 3501 1517 3555 sive
1547 3499 1782 3555 ordinati
1814 3501 1942 3557 sint.

585 3682 644 3738 Ξ.
679 3681 810 3748 Qua:
844 3682 1013 3737 fetum
1046 3681 1363 3751 neglexerit,
1414 3693 1697 3754 propterea
1729 3687 1872 3755 quod
1907 3689 2097 3745 amicis

518 3779 793 3845 rebusque
835 3775 903 3829 ad
955 3773 1116 3828 vitam
1161 3777 1489 3831 necessariis
1527 3776 1786 3833 destituta
1831 3781 1904 3835 sit
1931 3819 1948 3845 ,
1991 3784 2098 3840 cri-

519 3868 680 3924 minis
709 3883 902 3936 expers
935 3875 1036 3922 est.

588 3962 644 4016 3.
700 3959 820 4016 Non
873 3977 1126 4034 magnum
1172 3964 1380 4021 crimen
1429 3978 1516 4022 est
1562 3969 1774 4027 ancilla:
1807 3971 2016 4040 vidum,
2048 3973 2095 4030 si

520 4055 587 4109 ad
614 4053 880 4110 secundas
910 4056 1128 4126 nuptias
1151 4057 1429 4127 rapiatur:
1460 4059 1712 4131 bigamize
1736 4077 1861 4118 vero
1879 4079 2092 4134 poenam

518 4145 685 4199 Subit.

592 4237 646 4294 4.
694 4235 1104 4292 liomicidarum
1156 4252 1331 4309 pennae
1359 4279 1374 4305 ,
1429 4255 1528 4310 pro
1557 4240 2092 4302 circumstantiarum

517 4330 748 4393 ratiOne,
768 4339 1034 4399 augentur
1065 4340 1157 4384 aut
1194 4332 1528 4390 minuuntur.

587 4421 641 4477 5.
677 4419 1024 4476 Voluntarius
1061 4420 1330 4476 homicida
1379 4423 1569 4494 viginti
1606 4441 1781 4482 annos
1820 4431 2092 4497 ptenitcn-

2131 1798 2178 1858 B

2216 536 2352 608 ρίων
2379 533 2769 608 ζευγνύμενος,
2789 536 2890 590 οὐκ
2916 533 3228 591 ἀνεύθυνοι.

2276 715 2380 785 κζ’.
2429 717 2487 771 '0
2515 716 2730 789 πλήξας
2755 718 2895 790 πρὸς
2926 717 3184 785 θάνατον,
3213 717 3310 774 καὶ
3341 715 3669 790 ἀρχόμενος,
3702 716 3800 770 καὶ

2211 810 2583 881 ἀμυνόμενος,
2612 811 2967 883 ἀνδροφόνος.

2280 901 2388 973 κη’.
2408 906 2668 968 Διάκονος
2695 904 2922 975 ’Έλληνι
2939 901 3321 975 πορνευθεὼα,
3339 901 3435 956 καὶ
3451 900 3796 974 μεταγνοῦσα

2211 995 2510 1049 ἑπταετίαν
2540 995 2922 1050 ὑποπιπτέτω.

2275 1180 2382 1234 κθ’.
2426 1179 2697 1250 ’Υὸρίζων
2738 1181 3068 1250 Χριστιανὸς
3092 1181 3184 1233 τὸν
3211 1180 3471 1252 Χριστὸν,
3537 1179 3644 1232 ἀπὸ
3693 1180 3794 1249 τῆς

2210 1274 2456 1344 κλήσεως
2479 1274 2851 1346 ἀνωφέλητος.

2270 1367 2334 1423 λ’.
2363 1369 2495 1440 Ἐγή
2507 1367 2646 1440 ματό
2669 1387 2754 1431 τις
2811 1368 2966 1441 ἀνδρὶ
3017 1367 3161 1422 κατὰ
3212 1369 3440 1437 ἄγνοιαν
3490 1368 3592 1435 ἁφε
3603 1367 3750 1437 μένῳ
3775 1381 3794 1399 ⁸

2210 1456 2333 1515 εἶτα
2361 1465 2428 1532 τῇ
2463 1461 2711 1534 προτέρᾳ
2740 1463 3013 1532 ἀνέφηνεν
3042 1461 3058 1492 δ
3094 1462 3128 1532 ὴ
3161 1460 3207 1514 δ’
3229 1460 3431 1531 ἀφείθη
3465 1474 3480 1490 ·
3507 1461 3682 1530 πόρνη
3706 1459 3796 1510 λο-

2209 1558 2429 1628 γίζεται
2487 1559 2631 1612 κατά
2654 1561 2904 1628 ἄγνοιαν,
2965 1556 3065 1612 καὶ
3115 1555 3165 1610 εί
3220 1554 3389 1622 θελοι,
3452 1551 3790 1623 ζεύγνυται*

2209 1651 2433 1704 κάλλιον
2453 1651 2534 1714 δὲ,
2554 1653 2601 1705 εί
2641 1650 2716 1723 μὴ
2749 1651 3067 1721 ζεύγνυται.

2270 1744 2374 1799 λα’.
2418 1745 2930 1816 Ἐγκρατίτας.καὶ
2979 1743 3380 1817 σαρκοφόρους,
3436 1741 3532 1797 καὶ
3582 1741 3794 1796 ἀποτα-

2207 1841 2398 1901 κτίτας
2428 1837 2823 1899 ἀναῦαπτίσεις
2850 1849 2865 1867 ο
2897 1837 2947 1890 εί
3009 1837 3118 1905 γὰρ
3174 1836 3271 1890 καὶ
3319 1835 3530 1903 λέγοιεν
3583 1834 3666 1889 δτι
3708 1835 3794 1899 είς

2206 1931 2448 2001 Πατέρα,
2485 1931 2580 1984 καὶ
2614 1930 2763 1994 Υἱδν,
2823 1931 2918 1984 καὶ
2970 1929 3130 1998 ἀγιον
3179 1927 3410 1998 Πνεῦμα
3461 1926 3795 1997 ἐϐαπτίσθη-

2205 2041 2329 2090 σαν,
2386 2023 2504 2077 ἀλλ’
2559 2022 2684 2076 ἐπεὶ
2718 2021 2910 2077 κακῶν
2965 2020 3201 2091 ποιητὴν
3260 2018 3354 2073 τὸν
3443 2016 3579 2073 Θεὸν
3628 2017 3793 2086 βλασο

2205 2118 2451 2189 φημοῦσι
2515 2117 2659 2171 κατὰ
2735 2117 3067 2187 Μαρκίωνα,
3130 2117 3207 2188 μὴ
3260 2111 3791 2180 ἀναϐαπτιζόαενοι,

2202 2212 2297 2266 ἅδε
2305 2230 2450 2267 κτοι.

2259 2301 2363 2373 λβ..
2401 2301 2468 2356 Ἦ
2515 2302 2650 2372 παρο
2699 2301 2895 2373 ἀνδρδς
2951 2299 3244 2369 ἀφεθεῖσα,
3303 2298 3519 2370 μενέτω
3571 2297 3786 2361 οὕτως·

2202 2395 2383 2468 είγάρ
2425 2394 2875 2468 μοιχᾶται,κατά
2896 2397 2989 2448 τιν
3009 2393 3104 2448 τοῦ
3173 2392 3384 2465 Κυρίου
3447 2391 3633 2462 λόγον,
3682 2391 3788 2463 τῆς

2201 2489 2343 2561 πρὸς
2371 2491 2562 2562 ἕτερον
2589 2489 2834 2544 κλείεται
2865 2487 3181 2551 κοινωνίας.

2257 2577 2363 2651 λγ’.
2418 2580 2603 2653 Φθορὰ
2648 2579 3178 2652 κατηναγκασμένη,
3267 2578 3604 2642 ἀνεύθυνοςσ
3684 2575 3786 2631 καὶ

2200 2671 2365 2744 δούλη
2446 2669 2750 2744 βιαζομένη
2840 2670 2999 2741 παρά
3079 2670 3372 2738 δεσπότου,
3465 2667 3785 2731 ἀνεύθυνος.

2265 2856 2371 2914 λό’..
2404 2857 2463 2912 '0
2488 2857 2783 2930 τρίγαμος,
2807 2857 3008 2928 ἄνομος
3036 2874 3048 2886 ·
3077 2856 3155 2921 ὡς
3209 2857 3269 2912 δὲ
3320 2856 3481 2929 piaret
3511 2855 3614 2929 τῆς
3653 2853 3786 2911 Ἕκα

2198 2949 2428 3023 κλησίας
2458 2951 2525 3006 τὰ
2543 2949 2776 3006 τοιαῦτα
2797 2949 3134 3022 βλεπόμενα,
3162 2949 3530 3021 ἀστηλίτιυτα
3546 2951 3785 3025 κρείττω

2196 3045 2296 3118 τῆς
2326 3047 2621 3119 ἀνειμένης
2649 3045 2909 3120 πορνείας
2942 3045 3266 3118 κρινόμενα.

2575 3319 2685 3378 Τοῦ
2718 3319 2909 3376 αὑτοῦ
2930 3320 3228 3392 ἐπιστολή
3258 3321 3448 3392 τρίτη.

2254 3413 2322 3468 α’.
2361 3415 2424 3469 Oi
2451 3413 2708 3489 κληρικοὶ
2737 3414 3217 3487 παραπίπτοντες,
3256 3415 3365 3470 τῶν
3391 3416 3622 3488 βαθμῶν
3644 3420 3784 3474 ἀπο-

2199 3507 2520 3573 πίπτουσιν,
2576 3498 2696 3562 εττε
2782 3507 3172 3581 ὑπηρετοῦσιν,
3260 3509 3371 3564 είτε
3468 3512 3783 3583 κεχειροτό-

2198 3618 2411 3674 νηνται.

2259 3694 2328 3764 β’.
2365 3695 2431 3748 Ἦ
2488 3695 2819 3768 ἀμελήσασα
2863 3695 2960 3750 τοῦ
2997 3698 3280 3767 κυήματος
3346 3696 3418 3749 δι’
3478 3695 3777 3769 ἐρημίανῆ

2198 3786 2437 3861 ἀπορίαν
2458 3789 2569 3843 τῶν
2597 3789 2948 3862 ἀπιτηδείων,
2975 3789 3289 3856 ἀνεύθυνος.

2266 3965 2340 4038 γ’.
2374 3969 2450 4022 Ού
2479 3969 2626 4040 μέγα
2655 3972 2908 4041 πταῖσμα
2941 3975 3004 4042 τῇ
3059 3975 3205 4044 χήρᾳ
3233 3971 3397 4045 δούλῃ
3420 3971 3560 4044 πρὸς
3588 3969 3774 4028 δεύτε-

2200 4076 2293 4133 ρον
2323 4060 2505 4130 γάμον
2533 4061 2897 4134 ἀρπαζομὲνη
2919 4081 2934 4093 ·
2965 4062 3029 4117 τὸ
3049 4063 3108 4117 δὲ
3159 4064 3259 4136 τῆς
3281 4063 3548 4136 διγαμίας
3587 4065 3771 4121 ἔπιτε-

2201 4169 2326 4220 μιον
2357 4151 2490 4216 ἕξοι.

2254 4247 2320 4305 δ’,
2341 4249 2464 4302 Τῶν
2493 4249 2839 4318 φονευόντων
2873 4252 2942 4306 τά
2970 4254 3248 4324 ἐπιτίμια,
3282 4254 3425 4312 κατὰ
3452 4255 3513 4308 τὸ
3572 4255 3771 4330 ἰδίωμα

2195 4341 2297 4408 τῆς
2329 4343 2707 4410 περιστάσεως
2739 4342 3095 4411 ἐπιτείνεται,
3130 4347 3164 4418 ἢ
3197 4346 3441 4418 ὑφίεται.

2258 4429 2321 4487 ε’.
2365 4431 2424 4485 Ὀ
2450 4431 2698 4497 ἑκούσιος
2723 4435 2988 4506 φονευτὴς
3012 4436 3354 4493 είκοσαετίαν
3375 4442 3733 4496 ὑποπιπτέτω
3750 4459 3769 4474 ο

519 4513 608 4567 tias
657 4513 1020 4580 subjiciatur;
1054 4513 1479 4576 involuntarins.
1513 4518 1697 4573 decem
1741 4534 1946 4584 annos;
1981 4521 2088 4576 [οι-ι
2120 4505 2135 4559 Ῑ

2199 4525 2221 4576 6
2263 4521 2524 4587 ἀκούσιος
2570 4523 2857 4581 δεκαετίαν
2885 4541 2904 4562 ⁶
2964 4529 2994 4582 6
3050 4533 3251 4603 πόρνος
3339 4533 3636 4590 ἑπταετίαν
3665 4551 3682 4570 ο
3710 4538 3769 4589 αι

512 4604 749 4671 aleator,
801 4603 1165 4675 septennium.
1221 4603 1469 4677 Virgines
1525 4620 1644 4677 post
1699 4612 2084 4678 professionem

511 4692 696 4763 lapse,
730 4695 1038 4762 quindecim
1077 4710 1269 4751 annos.

588 4786 642 4843 6.
672 4786 776 4852 Qui
806 4789 1018 4843 iuratus
1060 4799 1144 4846 est
1179 4805 1241 4844 ac
1273 4791 1533 4859 reslpuit,
1568 4809 1768 4849 annum
1817 4799 2091 4866 perniten—

515 4881 646 4934 tiam
685 4889 833 4950 agat,
857 4881 1142 4936 convictus
1175 4896 1323 4948 vero,
1356 4882 1495 4937 duos
1524 4900 1715 4940 annos.

583 4975 636 5027 7.
695 4972 1056 5028 Masculorum
1108 4975 1450 5041 coiicubitor,
1499 4977 1640 5031 sicut
1697 4977 1928 5032 adulter.
1986 4979 2086 5047 Qui

511 5077 701 5122 contra
739 5067 1006 5120 rationem
1040 5076 1294 5121 versatus
1323 5077 1405 5122 est
1433 5109 1448 5134 ,
1504 5071 1776 5124 similiter.
1808 5070 2084 5140 l’erjurus,

506 5160 794 5214 decennio.
846 5159 1160 5214 ineantator
1201 5173 1255 5215 et
1316 5162 1634 5228 veneﬁcus,
1687 5174 1746 5218 ut
1793 5165 2081 5223 homicida.

507 5250 609 5315 Qui
641 5253 890 5319 sepulcra
942 5253 1301 5322 deprendatur,
1336 5255 1617 5310 decennio.
1671 5253 1772 5322 Qui
1818 5273 1939 5312 cum
1993 5275 2086 5316 so-

509 5357 633 5396 rore
688 5344 967 5409 miscetur,
1015 5355 1073 5398 ut
1123 5345 1413 5402 homicida.
1452 5348 1790 5403 Prohibitum
1849 5351 1903 5406 in
1950 5368 2086 5406 con-

2195 4618 2644 4691 πχραπίπτουσαι
2668 4622 2805 4691 μετὰ
2828 4622 2929 4693 τὴν
2956 4623 3254 4694 ὁμολογίαν
3283 4628 3569 4698 παρθένοι,
3600 4631 3769 4685 πέντε

2199 4713 2296 4763 καὶ
2328 4710 2614 4766 δεκαετίαν
2636 4713 3269 4791 [πεντακαιδεκαετίανῙ.

2249 4809 2326 4870 ς’.
2366 4806 2426 4858 '0
2443 4805 2645 4875 κλέψας
2667 4808 2763 4863 καὶ
2812 4810 3142 4880 μεταγνοὺς,
3167 4813 3419 4868 ἐνιαυτόν
3449 4815 3770 4887 ’ἐλεγχθεὶς

2193 4897 2271 4963 δὲ,
2304 4897 2494 4967 ἕτερον
2519 4898 2638 4954 ἕνα.

2243 4991 2312 5056 ζ’.
2367 4994 2802 5067 Ἀρσενοκοίτης,
2847 4995 2924 5060 ὡς
2979 4999 3189 5070 μοιχός.
3226 5000 3286 5054 Ὀ
3344 5002 3766 5074 ἀλογευόμενος,

2190 5084 2394 5153 ὁμοίως
2420 5101 2435 5116 ·
2455 5085 2485 5137 6
2505 5084 2788 5156 ἐπίορκος,
2808 5086 3100 5144 δεκαετίαν
3131 5109 3148 5123 υ
3201 5093 3230 5144 6
3283 5093 3416 5165 γόης
3447 5098 3539 5150 καί
3563 5098 3592 5148 6
3622 5115 3764 5167 cpap~

2195 5176 2391 5247 μακὸς,
2425 5176 2551 5236 ὡςό
2593 5179 2814 5248 φονεύς.
2856 5180 2918 5237 ’0
2963 5184 3356 5258 τυμϐωρύχος,
3416 5187 3707 5244 δεκαετίαν
3739 5206 3756 5224 ⁸

2188 5271 2217 5320 ὁ
2247 5267 2666 5340 ἀδελφόμικτος,
2693 5273 2767 5335 ὡς
2797 5276 2992 5343 φονεύς
3012 5291 3027 5306 °
3063 5279 3090 5330 6
3116 5279 3494 5352 ἀπειρημένος
3521 5284 3578 5335 ὲν
3627 5298 3762 5353 συγ·

2198 5362 2388 5433 γενείᾳ
2419 5362 2617 5433 γάμος,
2652 5368 2790 5420 κατὰ
2815 5369 3025 5439 μοιχόν.

509 5436 874 5504 saugninitate
906 5439 1308 5492 matrimonium
1334 5477 1351 5505 ,
1381 5441 1571 5496 cadent
1620 5457 1727 5513 qua
1755 5445 2080 5503 adulterium
2121 5465 2281 5522 paena
2317 5457 2637 5513 vindicatur.

573 5531 629 5586 8.
673 5528 868 5588 Lector
901 5536 990 5602 qui
1029 5546 1152 5590 ante
1181 5538 1397 5605 nuptias
1431 5553 1540 5593 rem
1575 5539 1883 5596 habetcum
1912 5558 2078 5613 spon-

502 5639 584 5684 sa.
620 5636 836 5680 maneat
884 5626 1074 5693 lector,
1122 5628 1195 5682 ita
1232 5636 1290 5681 ut
1342 5629 1408 5684 ad
1445 5629 1678 5699 majores
1722 5635 1924 5701 gradus
1967 5651 2076 5691 non

503 5726 885 5784 promereatur
936 5721 1074 5788 :qui
1136 5735 1262 5778 vero
1295 5721 1553 5779 furtivum
1606 5724 1727 5779 iniit
1781 5727 2067 5783 matrimo—

502 5809 674 5876 nium,
714 5811 1035 5881 expellatur.

2257 5558 2330 5617 η’.
2370 5553 2429 5606 '0
2460 5553 2568 5625 πρὸ
2592 5555 2775 5628 γάμου
2806 5560 3201 5616 συναλλάσσων
3231 5565 3592 5638 ἀναγνώστης
3623 5585 3763 5640 μνη-

2185 5646 2306 5715 στῇ,
2343 5646 2554 5715 μενέτω
2607 5650 2963 5725 ἀναγνώστης
3016 5656 3331 5727 ἀπρόκοπος
3362 5677 3379 5690 ο
3414 5659 3760 5734 κλεψίγαμος

2182 5737 2239 5790 δὲ
2269 5738 2453 5793 ἁπωθε
2467 5739 2618 5796 ίσθω.
