3968 6234
479 280 582 344 135

1903 270 2339 336 THEORIANI

3641 261 3752 327 135

467 393 607 449 Num
664 406 828 449 unum
883 389 1047 446 veluti
1114 389 1370 461 quiddam
1407 387 1772 457 compositum
1828 385 2053 457 ﬁngitis,

2180 385 2282 450 πῶς
2313 384 2379 439 ἄν
2407 401 2554 448 τινες
2591 381 2961 452 συμφρονοῖεν
3000 376 3226 448 μᾶλλον,
3257 374 3354 428 καὶ
3384 374 3442 428 τὸ
3485 372 3620 426 αὐτὸ
3655 374 3760 427 λέκ

470 484 614 554 quod
661 494 771 536 tres
817 482 995 534 vultus
1039 490 1133 534 aut
1189 480 1480 534 humanam
1533 478 1759 533 omnino
1812 476 2052 534 formam

472 576 710 630 haheat?
741 572 848 627 Vos
889 588 1102 642 quoque
1157 569 1546 634 reclamabitis,
1592 571 1772 623 absit:
1814 584 1912 624 nec
1960 568 2055 624 Dci

473 668 686 729 faciem,
714 680 1069 735 quascumque
1091 666 1306 717 tandem
1347 661 1437 716 illa
1461 670 1570 725 est,
1594 676 1830 728 unquam
1851 658 2056 723 videat,

471 757 563 827 qui
596 759 666 809 ita
700 756 884 810 sentit.
917 754 1056 820 Quid
1097 769 1225 823 ergo
1269 751 1414 822 (nam
1458 760 1508 806 et
1561 751 1663 806 hoc
1715 751 2059 819 interrogare

471 849 638 918 lubet)
672 855 764 901 aut
793 846 948 901 nobis
991 847 1313 917 hypostases
1346 845 1605 899 denotant
1637 853 1730 897 aut
1761 842 1912 898 vobis
1939 859 2061 910 per-

472 941 664 996 sona}?
706 939 964 992 nimirum
1017 953 1137 993 esse
1199 939 1322 1001 tria,
1376 953 1499 1006 quae
1549 937 1898 999 dividantur;
1954 953 2058 989 non

473 1032 704 1098 naturis,
724 1031 815 1086 scd
841 1028 1541 1100 proprietatibus.0ptime.
1564 1028 1681 1098 Quo
1709 1040 1866 1096 pacto
1891 1029 2060 1098 magis

474 1123 641 1193 aliqui
676 1122 1046 1185 consentiant,
1089 1129 1143 1174 et
1177 1123 1318 1177 idem
1367 1123 1569 1185 dicant,
1605 1136 1770 1190 quam
1811 1135 1934 1175 cum
1987 1120 2062 1174 ita

474 1217 731 1280 sentiunt,
765 1215 965 1285 alioqui
1001 1216 1224 1285 syllabis
1273 1217 1666 1284 discrepantes.
1707 1213 1976 1268 Similiter
2011 1224 2064 1266 et

477 1309 528 1361 iu
561 1309 806 1362 oratione
856 1323 959 1377 qua
1011 1307 1194 1361 laudat
1249 1307 1628 1371 Athanasium,
1682 1307 2065 1361 Alexandrinae

478 1401 656 1454 lumen
689 1401 934 1455 ecclesia
960 1413 974 1458 :
1001 1400 1136 1455 Cum
1177 1401 1348 1467 enim,
1391 1400 1484 1465 ait,
1524 1414 1626 1452 una
1661 1399 1984 1465 substantia,
2012 1410 2066 1454 ct

482 1502 592 1548 tres
620 1494 943 1564 hypostases
972 1510 998 1548 a
1034 1492 1190 1547 nobis
1236 1491 1325 1563 pie
1361 1491 1707 1558 dicerentur,
1750 1491 1894 1561 quod
1927 1489 2063 1544 alte-

482 1598 600 1638 rum
624 1584 918 1638 divinitatis
949 1593 1227 1649 naturam,
1250 1581 1484 1666 alterum
1514 1597 1868 1652 personarum
1904 1582 2062 1636 trium

481 1674 841 1746 proprietates
869 1676 1143 1746 .declaret,
1183 1690 1245 1729 ac
1303 1673 1466 1728 simili
1513 1674 1731 1743 quidem
1791 1675 1952 1728 modo
1995 1674 2064 1728 ab

2156 496 2328 549 γοιεν,
2366 479 2399 549 ἢ
2440 476 2614 539 οὕτως
2649 475 2889 545 ἔχοντες,
2921 470 3024 525 κᾶν
3062 472 3186 533 ταῖς
3211 469 3504 531 συλλαϐαῖς
3556 468 3759 536 διαφέ-

2159 587 2377 643 ρωσιν;.
2411 570 2647 639 Ὁμοίως
2698 567 2792 619 καὶ
2841 566 2900 617 ὲν
2966 557 3048 626 οἷς
3103 560 3444 632 ἐγκωμιάζει
3502 560 3596 614 τὸν
3643 559 3758 628 τῆς

2171 659 2573 732 ’Δλεξανδρέων
2623 657 2891 728 φωστῆρα
2919 653 3217 723 γενόμενον
3255 651 3600 714 Ἀθανάσιον,
3639 652 3757 704 πᾶα

2163 753 2247 807 λιν
2275 752 2414 824 φησί
2432 769 2447 784 ο
2481 752 2600 822 Τῆς
2627 753 2737 821 γὰρ
2769 751 2900 820 μιᾶς
2923 746 3136 810 οὐσίας,
3162 747 3254 800 καὶ
3278 746 3388 798 τῶν
3411 744 3582 815 τριῶν
3613 745 3761 798 ὐπο-

2163 843 2406 898 στὰσεων
2441 841 2756 911 λεγομένων
2789 838 2880 909 ὑφ’
2910 837 3067 908 ὑμῶν
3112 836 3358 900 εὐσεϐῶς
3396 836 3478 906 (τὸ
3502 837 3606 905 μὲν
3639 825 3762 906 γὰρ

2161 937 2262 1008 τὴν
2289 935 2452 1007 φύσιν
2493 933 2646 1005 δηλοῖ
2686 935 2786 1004 τῆς
2821 931 3099 1002 Θεότητος,
3142 931 3201 984 τὸ
3226 931 3284 985 δὲ
3312 929 3411 993 τὰς
3438 929 3549 984 τῶν
3578 929 3762 1000 τριῶν

2167 1029 2483 1099 ἰδιότητας),
2516 1028 2827 1098 νοουμένων
2845 1025 2940 1079 καὶ⁵
2959 1024 3114 1095 παρὰ
3133 1025 3244 1085 τοῖς
3273 1020 3498 1086 Ἰταλοῖς
3519 1019 3759 1091 ὁμοίως,

2163 1121 2282 1174 ἀλλ’
2322 1122 2383 1173 οὐ
2415 1119 2732 1190 δυναμένων
2760 1118 2848 1171 διὰ
2875 1117 2977 1186 τὴν
3007 1114 3304 1186 στενότητα
3338 1115 3436 1186 τῆς
3479 1111 3616 1186 παρ’
3651 1112 3766 1165 αὐ-

2164 1215 2277 1277 τοῖς
2306 1210 2576 1283 γλώττης,
2608 1214 2701 1264 καί
2727 1212 2828 1280 τὴν
2850 1211 2957 1263 τῶν
2989 1209 3271 1279 ὀνομάτων
3306 1207 3520 1274 πενίαν,
3549 1205 3765 1260 διελεῖν

2163 1304 2272 1358 ἀπὸ
2293 1307 2392 1375 τῆς
2422 1305 2614 1367 οὐσίας
2639 1304 2735 1374 τὴν
2765 1303 3086 1367 ὑπόστασιν,
3116 1301 3213 1354 καὶ
3228 1299 3317 1355 διὰ
3334 1298 3494 1354 τοῦτο
3524 1300 3761 1353 ἀντεισ-

2162 1395 2402 1464 αγούσης
2437 1395 2505 1448 τὰ
2539 1393 2828 1464 πρόσωπα,
2875 1392 2966 1445 ἵνα
3016 1392 3094 1463 μὴ
3131 1392 3287 1462 τρεῖς
3327 1390 3507 1444 οὐσίαι
3558 1406 3760 1461 παρα-

2161 1486 2448 1559 δεχθιῖηιν.
2487 1485 2705 1556 Ἀμέλει
2731 1485 2834 1538 κάν
2878 1483 2958 1555 τῷ
2988 1484 3072 1548 είς
3120 1483 3192 1540 τὰ
3222 1483 3382 1537 Φῶτα
3422 1482 3569 1554 λόγῳ
3605 1482 3767 1537 οὕτω

2164 1580 2298 1651 φησί
2323 1598 2338 1611 ο
2378 1579 2515 1635 Θεοῦ
2555 1580 2610 1633 δὲ
2654 1579 2785 1632 ὅταν
2812 1579 2972 1641 εἴπω.
3005 1578 3085 1633 ἑνὶ
3116 1577 3258 1645 φωτὶ
3295 1575 3766 1648 περιηστράφθην

2165 1673 2262 1726 καὶ
2316 1672 2485 1742 τρισί.
2535 1669 2698 1741 Τρισὶ
2747 1669 2848 1740 μὲν
2900 1669 3042 1724 κατᾶ
3094 1669 3194 1734 τὰς
3236 1669 3528 1740 ἰδιότητας,
3579 1668 3768 1739 ἤγουν

491 1765 637 1822 italis
673 1766 1122 1837 intelligerentur,
1155 1779 1342 1818 verum
1374 1765 1441 1818 ob
1475 1764 1668 1832 lingua:
1719 1764 1860 1819 illius
1899 1778 2071 1833 angu—

2180 1763 2502 1826 ὑποστάσεις
2531 1761 2972 1836 [ὑποστάσεσιν],
3009 1765 3037 1817 ὅ
3075 1779 3188 1816 τισι
3231 1761 3383 1832 φίλον
3413 1762 3626 1826 καλεῖν,
3655 1761 3769 1816 εἰτ’

482 1860 663 1920 stium,
699 1859 1096 1927 verborumque
1136 1857 1397 1926 inopiam,
1430 1856 1747 1927 hypostasin
1786 1855 1854 1910 ab
1883 1870 2064 1910 essen-

486 1953 555 2004 tia
591 1952 923 2021 distinguere
957 1967 1059 2005 non
1098 1960 1337 2020 possent,
1368 1964 1537 2020 eaque
1564 1950 1629 2002 de
1656 1963 1816 2002 causa
1844 1948 1895 2001 in
1921 1948 2064 2002 illius

486 2047 664 2097 locum
729 2059 1084 2114 personarum
1145 2041 1482 2096 induxissent
1551 2056 1769 2106 nomen,
1827 2056 1894 2094 ne
1955 2053 2066 2095 tres

483 2139 800 2192 substantia:
867 2138 1323 2201 admitterentur,
1372 2145 1428 2189 et
1490 2144 1706 2189 caztera.
1763 2134 1946 2188 ltidem
2010 2135 2064 2188 in

485 2230 736 2285 oratione
791 2233 854 2284 de
902 2229 1236 2294 aninibus,
1270 2228 1489 2297 inquit:
1538 2225 1708 2281 Deum
1755 2243 1876 2281 cum
1921 2228 2066 2290 dico,

488 2337 592 2375 uno
628 2322 830 2390 pariter
868 2332 920 2376 et
962 2322 1156 2392 triplici
1205 2321 1408 2375 lumine
1448 2318 1835 2392 persrringor;
1875 2319 2070 2389 triplici

488 2414 731 2482 quidem,
765 2423 1023 2483 quantum
1071 2414 1134 2466 ad
1172 2412 1556 2483 proprietates,
1588 2411 1701 2466 sive
1729 2412 2071 2482 bypostases,

491 2503 564 2557 uti
604 2505 823 2574 quidam
883 2504 1156 2573 appellare
1214 2504 1436 2567 malunt,
1465 2502 1578 2557 sive
1631 2516 1894 2572 personas
1939 2501 2072 2564 (nec

492 2597 636 2649 cnim
668 2597 732 2651 de
763 2598 1071 2651 nominibus
1123 2596 1524 2659 centendimus,
1567 2595 1804 2664 quandiu
1855 2596 2075 2666 syllabae

2164 1852 2259 1909 οὖν
2302 1855 2620 1924 προσώποις
2671 1855 2847 1926 (οὐδὲν
2903 1857 3010 1925 γὰρ
3060 1854 3190 1925 περὶ
3226 1855 3331 1908 τῶν
3354 1855 3638 1926 ὀνομάτων
3662 1852 3772 1918 Cu-

2166 1947 2550 2020 γομαχούμεν,
2596 1949 2700 2010 ἕως
2755 1948 2823 2002 ἂν
2885 1951 3023 2018 πρὸς
3069 1947 3170 2020 τὴν
3234 1949 3406 2020 αὐτὴν
3447 1947 3664 2004 ἔννοιαν
3697 1950 3763 2002 αἱ

2169 2043 2432 2097 συλλαϐαὶ
2457 2044 2721 2115 φέρωσιν)
2749 2059 2766 2075 ·
2793 2044 2873 2097 ἑνὶ
2905 2043 2986 2110 δὲ,
3024 2042 3168 2098 κατὰ
3201 2041 3292 2097 τὸν
3327 2042 3425 2113 τῆς
3450 2041 3640 2105 οὐσίας
3671 2042 3773 2094 λό-

2167 2152 2286 2203 γον,
2321 2137 2498 2189 είτουν
2545 2136 2820 2207 θεότητος.
2865 2136 3112 2202 ’1κανῶς,
3166 2130 3347 2205 οἶμαι,
3391 2135 3438 2188 οι
3482 2134 3775 2204 παρόντες

2168 2228 2557 2282 εὐκλεέστατοι
2624 2229 2943 2284 διδάσκαλοι
3004 2229 3137 2300 περὶ
3203 2227 3311 2281 τῶν
3370 2227 3774 2297 προκειμένων

2169 2324 2301 2393 ἡμῖν
2355 2322 2780 2392 ὲνομοοέτησαν,
2828 2323 3017 2388 οὐσίας
3067 2341 3127 2376 τε
3187 2324 3339 2394 πέρι,
3401 2325 3496 2378 καὶ
3537 2322 3772 2394 φύσεως

2172 2415 2531 2479 ὑποστάσεως
2553 2433 2612 2468 τε
2643 2418 2732 2469 καὶ
2759 2413 3054 2487 προσώπου
3079 2431 3093 2445 °
3128 2417 3317 2486 σαφῶς
3349 2435 3410 2471 τε
3437 2415 3773 2487 παραδεδώ-

2171 2523 2353 2573 κασιν,
2395 2508 2477 2560 ὃτι
2503 2506 2560 2560 αί
2591 2508 2690 2577 μὲν
2718 2508 2778 2562 τὸ
2807 2507 3040 2562 καθόλου
3074 2507 3438 2579 σημαίνουσιν
3459 2523 3475 2540 ο
3507 2507 3566 2561 αἱ
3595 2507 3681 2571 δὲ,
3704 2509 3774 2562 τὸ

2174 2596 2301 2651 καθ’
2337 2597 2592 2653 ἕκαστον.

493 2686 560 2738 ad
594 2688 837 2742 eamdem
873 2689 1193 2742 sententiam
1225 2687 1491 2757 tendunt),
1526 2703 1630 2742 uno
1691 2698 1892 2754 autem,
1962 2697 2224 2756 quantum
2291 2691 2358 2744 ad
2406 2689 2755 2758 substantiae,
2807 2692 2911 2747 hoc
2974 2699 3077 2760 est,
3125 2689 3422 2745 divinitatis
3467 2689 3771 2754 rationem,

495 2778 661 2842 Satis,
708 2781 922 2849 opinor,
955 2781 1009 2834 lii
1073 2782 1413 2838 celeberrimi
1471 2784 1721 2837 doctores
1779 2783 1845 2836 de
1905 2782 2065 2835 rebus
2104 2783 2263 2838 modo
2303 2783 2620 2855 propesitis,
2653 2786 2907 2841 nimirum
2963 2786 3031 2841 de
3099 2785 3403 2840 substantia
3437 2796 3493 2840 et
3527 2797 3764 2850 natura,

493 2875 561 2925 de
623 2872 894 2940 hypostasi
947 2882 999 2923 et
1057 2888 1308 2941 persona,
1368 2873 1522 2927 nobis
1580 2873 2065 2941 prtascripseruut;
2106 2882 2398 2948 aperteque
2468 2875 2830 2944 tradiderunt,
2895 2877 3013 2933 illas
3061 2877 3383 2934 universalis
3437 2878 3512 2934 rei
3543 2878 3770 2950 signiti-

496 2964 764 3018 rationem
799 2962 1020 3030 habere,
1053 2966 1149 3019 has
1176 2965 1485 3034 singularis.

568 3058 727 3114 GEN.
767 3057 886 3114 Jam
919 3068 1133 3129 tempus
1167 3059 1349 3127 fuerit,
1375 3070 1431 3114 ut
1463 3061 1813 3117 auctoritates
1857 3062 1910 3116 in
1953 3077 2064 3115 me:

2250 3061 2309 3119 '0
2337 3065 2498 3122 ΚΛΘ.
2532 3065 2735 3150 Καιρδς
2767 3067 2888 3139 ἤδη,
2919 3065 3018 3131 τὰς
3043 3069 3270 3140 χρήσεις
3299 3068 3379 3131 εἰς
3401 3066 3568 3136 μέσον
3587 3086 3762 3139 προσ·

496 3150 647 3207 dium
696 3150 982 3222 proferas,
1038 3153 1102 3207 de
1159 3153 1355 3222 quibus
1417 3164 1729 3208 sanctorum
1787 3152 2067 3206 hominum

499 3255 734 3300 mentem
790 3246 1208 3316 perspiciamus.
1265 3243 1474 3314 Quippe
1542 3247 1608 3300 de
1667 3245 1972 3304 substantia
2021 3255 2075 3300 et

496 3350 712 3405 natura,
735 3338 804 3394 de
827 3340 1102 3409 hypostasi
1132 3349 1185 3394 et
1215 3354 1467 3409 persona,
1493 3340 1900 3404 consentimus;
1929 3337 2072 3391 nulla

502 3435 720 3503 penitus
771 3431 825 3485 in
873 3446 933 3486 re
988 3433 1338 3487 dissidentes.
1395 3433 1528 3485 Nam
1582 3431 1670 3485 illa
1717 3430 1866 3501 prius
1910 3429 2074 3484 etiam

503 3541 663 3595 quam
695 3525 793 3579 abs
826 3536 877 3579 te
901 3526 1231 3589 dicerentur,
1259 3525 1697 3592 intelligebamus
1725 3541 1738 3580 :
1765 3523 1860 3578 sed
1889 3537 1955 3578 ex
1981 3537 2078 3578 ore

505 3627 600 3671 tuo
633 3617 853 3671 lubebat
893 3617 1103 3682 audire,
1141 3633 1390 3686 quaenam
1437 3618 1505 3670 de
1558 3615 1642 3670 his
1693 3622 1871 3669 vestra
1928 3623 2076 3669 esset

436 3729 443 3735 ·
504 3709 796 3763 sententia.
846 3707 1002 3763 Nunc
1046 3725 1172 3778 ergo
1224 3709 1412 3772 dicito,
1453 3708 1705 3777 quisnam
1762 3717 2074 3761 sanctorum

506 3800 726 3855 Patrum
760 3809 981 3854 naturas
1013 3802 1146 3854 duas
1192 3810 1317 3870 post
1362 3801 1657 3854 unitionem
1692 3801 1969 3854 statuerit.

580 3891 836 3947 THEOR.
865 3891 1127 3956 Primum,
1158 3909 1254 3947 ceu
1279 3902 1518 3961 tempore
1545 3892 1803 3962 primum,
1826 3908 2075 3962 maguum

508 3980 656 4035 illum
688 3983 1044 4035 Athanasium
1073 3982 1318 4050 proferre
1355 3999 1454 4051 par
1497 3991 1602 4047 est,
1633 3982 1789 4052 cujus
1821 3981 1936 4036 haec
1965 3982 2076 4051 ipsa

508 4073 674 4129 verba
707 4081 832 4126 sunt
886 4074 937 4126 in
984 4074 1208 4141 epistola
1243 4075 1309 4128 ad
1344 4074 1647 4144 Epictetum
1675 4073 1926 4130 Corinthi
1958 4074 2078 4143 epi-

508 4181 774 4237 scopum:
813 4166 888 4218 Ex
927 4165 1026 4220 hoc
1057 4167 1441 4221 absurditatem
1501 4167 1803 4239 perspicere
1832 4170 2077 4238 potestis.

511 4257 568 4312 Si
609 4272 788 4313 sermo
819 4256 978 4310 unius
1038 4268 1122 4311 est
1172 4258 1490 4313 substantiae
1545 4273 1665 4312 eum
1719 4272 1965 4328 corpore,
2015 4260 2082 4312 de

511 4359 656 4403 terra
695 4360 939 4402 naturam
1000 4363 1152 4400 suam
1203 4348 1478 4402 habente:
1524 4349 1679 4417 sique
1723 4349 2079 4401 consubstan-

2177 3155 2370 3224 θεῖναι,
2401 3159 2488 3213 ἵνα
2522 3146 2587 3234 ἐκ
2612 3159 2819 3214 τούτων
2854 3159 2945 3214 τὸν
2972 3160 3102 3214 νοῦν
3166 3160 3611 3231 καταθρήσωμεν
3639 3161 3764 3219 τῶν

2178 3247 2370 3315 ἁγίων.
2417 3249 2554 3320 Περὶ
2592 3251 2701 3320 γὰρ
2730 3252 2923 3314 οὐσίας
2979 3255 3077 3306 καὶ
3109 3251 3350 3320 φύσεως,
3393 3252 3763 3319 ὑποττάσεώς

2176 3354 2236 3391 τε
2268 3343 2363 3393 καὶ
2412 3339 2730 3411 προσώπου,
2771 3342 3051 3412 σύμφωνοί
3080 3342 3270 3412 ἐσμεν,
3306 3342 3430 3395 κατ’
3459 3343 3616 3396 οὐδὲν
3637 3345 3764 3399 οὐδ’

2177 3430 2314 3495 ὅλως
2341 3431 2752 3504 διαφερόμενοι.
2801 3434 2990 3490 Ταῦτα
3024 3435 3136 3506 γὰρ
3175 3437 3270 3490 καὶ
3307 3434 3414 3504 πρὸ
3443 3434 3538 3488 τοῦ
3585 3453 3645 3490 σε
3680 3438 3767 3490 εί-

2180 3525 2322 3592 πείν,
2379 3522 2792 3594 ὲγινώσκομενδ
2836 3527 2954 3579 ἀλλ’
3001 3527 3352 3598 ἠθελήσαμεν
3411 3527 3646 3584 ἀκοῦσαι
3695 3532 3769 3586 ὲκ

2175 3618 2271 3672 τοῦ
2322 3617 2591 3687 στόματός
2632 3634 2748 3683 σου,
2787 3617 2901 3681 πῶς
2935 3637 3066 3673 ποτε
3108 3621 3476 3692 περὶτούτων
3504 3623 3766 3693 φρονεῖτε

2180 3712 2360 3779 ὑμεῖς.
2398 3710 2513 3764 Νῦν
2541 3706 2634 3764 οὖν
2662 3712 2805 3775 είπὲ,
2837 3712 2921 3775 τίς
2945 3712 3055 3765 τῶν
3085 3713 3261 3781 ἁγίων
3282 3713 3377 3767 δύο
3395 3712 3588 3784 φύσεις
3616 3714 3773 3786 μετᾲ

2177 3804 2277 3874 την
2306 3802 2500 3855 ἕνωσιν
2531 3804 2924 3873 ὲδογμάτισεν;

2262 3892 2317 3946 Ὀ
2348 3895 2543 3949 ΘΕΩΡ.
2591 3897 2836 3965 Πρῶτον,
2881 3898 2958 3960 ὡς
3012 3897 3234 3968 πρῶτον
3285 3899 3362 3969 τῷ
3406 3900 3608 3972 χρόνῳ,
3666 3902 3773 3958 τὸν

2184 3988 2359 4058 μέγαν
2402 3987 2720 4041 Ἀθανάσιον
2773 3993 3215 4060 παρεισαγαγεῖν
3270 3990 3440 4056 ἄξιον,
3478 3991 3552 4055 ὼς
3582 3993 3644 4048 ἐν
3692 3999 3768 4067 τῇ

2181 4082 2316 4149 πρὸς
2334 4081 2656 4158 Ἐπίκτητον
2683 4083 2988 4136 ἐπίσκοπον
3008 4083 3278 4155 Κορίνθου
3301 4085 3558 4158 ἐπιστολῇ
3575 4088 3773 4143 τοιάδε

2181 4173 2459 4244 γράφοντα
2492 4175 2632 4226 κατὰ
2663 4174 2810 4238 λέξιν
2831 4189 2844 4203 ·
2877 4176 2987 4228 Καὶ
3018 4180 3127 4247 γὰρ
3159 4179 3222 4230 ὲκ
3252 4177 3446 4232 τούτου
3474 4179 3536 4232 τὸ
3559 4180 3774 4235 ἄτοπον

2182 4265 2571 4337 Οεωρεῖνήμᾶς
2605 4266 2837 4330 ἔξεστιν.
2872 4267 2933 4319 Εἰ
2965 4267 3249 4337 ὀμοοόσιος
3280 4272 3308 4322 ό
3341 4271 3516 4340 Λόγος
3547 4271 3626 4343 τῷ
3659 4275 3775 4328 σὼ..

2187 4376 2336 4427 ματι,
2380 4361 2441 4413 ἐκ
2486 4360 2587 4430 γῆς
2614 4362 2791 4429 ἔχοντι
2825 4360 2924 4431 τὴν
2964 4361 3158 4430 φύσιν·
3195 4363 3477 4433 ὀμοούσιος
3504 4365 3559 4419 δὲ
3597 4368 3628 4420 ό
3659 4368 3775 4423 A6-

510 4440 654 4496 tialis
682 4450 765 4493 est
791 4439 934 4493 Patri
959 4438 1172 4505 Sermo,
1195 4439 1348 4508 Juxta
1373 4439 1768 4494 cnufessiouem
1799 4439 2022 4493 Patrum
2055 4456 2068 4491 :

2180 4469 2282 4517 ,γος
2309 4451 2384 4521 τῷ
2440 4453 2634 4522 Πατρὶ,
2670 4453 2818 4505 κατὰ
2849 4454 2949 4522 τὴν
2992 4454 3103 4507 τῶν
3145 4456 3408 4526 Πατέρων
3438 4457 3770 4527 ὁμολογίαν·

510 4535 673 4587 etiant
715 4533 827 4602 ipse
877 4531 1037 4586 Pater
1078 4533 1238 4586 unius
1296 4533 1403 4586 erit
1444 4533 1765 4586 substantiae
1813 4548 1934 4586 cum
1965 4547 2085 4588 cor-

512 4640 641 4694 pore
689 4629 754 4680 de
806 4638 948 4681 terra
983 4625 1146 4681 iacto.
1189 4627 1252 4680 Et
1282 4641 1378 4679 cur
1425 4626 1644 4680 Arianis
1698 4625 2084 4698 indignarnini,

514 4718 704 4773 Filium
733 4721 1036 4777 dicentibus
1057 4737 1179 4777 esse
1213 4734 1544 4787 creaturam,
1574 4737 1694 4777 cum
1741 4722 1840 4788 ipsi
1871 4723 2085 4788 dicatis,

514 4811 728 4864 Patrem
771 4813 930 4868 unius
961 4830 1082 4870 cum
1117 4816 1385 4870 creaturis
1411 4831 1532 4869 esse
1579 4815 1934 4870 substantiae?

585 4899 746 4956 GEN.
780 4903 916 4968 Quid
947 4904 1012 4957 ad
1042 4920 1138 4962 nos
1161 4907 1361 4960 dictum
1394 4905 1559 4971 istud,
1586 4904 1945 4976 philosophe?

581 5104 842 5162 TIIEOR.
885 5104 1134 5160 Graviter
1185 5120 1278 5159 eos
1314 5103 1504 5174 tangit,
1527 5103 1619 5173 qui
1660 5104 1868 5168 dicunt,
1922 5117 2082 5157 unam

513 5218 633 5261 esse
659 5211 905 5255 naturam
941 5199 1220 5252 Sermonis
1239 5207 1293 5252 et
1326 5197 1528 5252 carnis.
1556 5204 1633 5251 Ac
1658 5198 1801 5259 vide,
1834 5197 2083 5262 obsecro,

514 5312 678 5367 quam
717 5293 1025 5350 admirabili
1088 5293 1299 5347 ratione
1357 5300 1574 5346 sanctus
1622 5290 1706 5344 vir
1755 5290 2086 5345 Athanasius

517 5392 572 5445 in
627 5391 786 5444 tertia
839 5389 1009 5456 ﬁgura
1053 5387 1423 5458 syllogismum
1475 5393 1674 5440 nectat.
1729 5382 1937 5450 Quippe
1973 5382 2085 5452 jam

513 5490 671 5537 antea
715 5494 812 5549 pro
848 5477 1099 5534 confesso
1153 5479 1406 5543 habetur,
1460 5489 1799 5544 quaecunque
1842 5477 1906 5529 de
1955 5476 2085 5529 sub-

517 5574 719 5630 stantia
752 5571 980 5626 dicenda
1012 5569 1253 5634 veniant,
1296 5569 1487 5623 eadem
1520 5577 1576 5622 et
1625 5577 1834 5622 naturae
1868 5581 2086 5624 accom-

513 5665 808 5721 modanda.
842 5662 1079 5718 iloccine
1113 5664 1165 5716 in
1194 5662 1444 5717 confesso
1472 5669 1576 5730 est,
1604 5675 1670 5717 au
1698 5660 1839 5717 non?

585 5755 742 5812 (ΖΕΝ.
786 5757 1019 5814 Omnino
1052 5757 1104 5813 id
1141 5757 1383 5826 quidem.

2187 4541 2470 4610 ὁμοούσιος
2508 4540 2658 4594 ἔσται
2712 4543 2807 4594 καὶ
2835 4542 2998 4605 αὐτὸς
3043 4542 3072 4595 ό
3098 4545 3290 4615 Πατὴρ
3319 4545 3395 4616 τῷ
3422 4546 3663 4618 σώματι,
3687 4551 3770 4621 τῷ

2187 4637 2252 4685 ἐκ
2310 4634 2412 4704 γῆς
2463 4636 2839 4706 γεγενημένῳ.
2901 4637 3013 4689 Καὶ
3059 4637 3111 4689 τί
3162 4638 3244 4690 ἔτι
3315 4640 3600 4710 μέμφεσθε
3653 4648 3772 4709 τοῖς

2188 4726 2515 4796 Ἀρειανοῖς,
2547 4726 2763 4794 λέγουσι
2797 4726 2889 4781 τὸν
2913 4727 3042 4781 Υίὸν
3071 4728 3302 4799 κτίσμα,
3326 4731 3574 4800 λέγοντες
3606 4736 3770 4791 αὐτοὶ

2188 4820 2283 4872 καὶ
2314 4819 2404 4871 τὸν
2443 4820 2660 4888 Πατέρα
2696 4819 2978 4891 ὁμοούσιον
3007 4824 3122 4885 τοῖς
3147 4825 3408 4892 κτίσματι
3436 4843 3451 4888 ;

2271 4912 2328 4963 Ὀ
2361 4911 2520 4966 ΚΑΘ.
2557 4913 2667 4966 Καὶ
2695 4914 2746 4965 τί
2774 4913 2912 4984 πρὸς
2943 4915 3090 4984 ἡμᾶς
3125 4918 3158 4985 ἡ
3191 4917 3385 4986 χρῆσις
3416 4916 3582 4988 αὕτη,
3617 4919 3775 4990 φιλό-

2191 5021 2356 5073 σοφε;

2275 5099 2331 5148 Ὀ
2356 5097 2551 5152 ΘΕΩΡ.
2578 5098 2789 5168 Σφόδρα
2820 5083 3295 5153 καθάπτεται-τῶν
3328 5101 3605 5170 λεγόντων
3633 5105 3771 5175 μίαν

2191 5189 2351 5256 φύσιν
2381 5190 2475 5242 τοῦ
2502 5192 2677 5257 Λόγου
2701 5192 2792 5243 καὶ
2822 5191 2923 5259 τῆς
2951 5192 3173 5262 σαρκός.
3208 5193 3318 5246 Καὶ
3348 5193 3450 5262 δρα
3497 5195 3615 5256 πῶς
3639 5196 3775 5249 θαυ-

2193 5284 2402 5350 μασίως
2433 5284 2626 5336 mem
2654 5285 2742 5336 τὸν
2773 5284 3132 5354 συλλογισμὸν
3166 5287 3222 5338 ἐν
3248 5285 3420 5358 τρίτῳ
3451 5288 3701 5359 σχήματι
3741 5291 3770 5344 ὁ

2191 5379 2246 5427 ἐν
2278 5377 2454 5446 ἁγίοις
2485 5377 2824 5441 Ἀθανὰσιος.
2879 5381 3336 5448 Προομολογεῖται
3363 5382 3493 5451 γὰρ,
3538 5381 3624 5436 ὅτι
3671 5383 3775 5438 ὅσα
3817 5360 3826 5367 ”

2190 5469 2321 5538 περὶ
2348 5469 2449 5538 τῆς
2497 5469 2686 5532 οὐσίας
2718 5469 3080 5540 λεχθήσεσϐαι
3111 5471 3319 5541 μέλλει,
3362 5471 3536 5526 ταῦτα
3576 5475 3675 5529 καὶ
3701 5477 3776 5549 τῇ

2191 5561 2350 5630 φύσει
2383 5563 2856 5633 προσαρμοστέον.
2898 5561 3282 5636 Ὦμολόγηται,
3314 5565 3346 5637 ἢ
3378 5565 3439 5620 οὗ
3468 5581 3483 5634 ;

2277 5749 2332 5799 '0
2371 5748 2522 5801 ΚΛΘ.
2565 5748 2711 5801 Πάνυ
2748 5749 2847 5818 μὲν
2876 5747 2987 5802 οὐν.
