4084 6194
505 289 620 358 ’143

1934 289 2368 350 THEORIANI

3684 291 3785 354 144

511 420 679 464 tatem
727 403 993 462 divinitati
1061 403 1315 470 equidem
1355 398 1615 466 attribuo,
1674 411 1913 454 creatum
1967 417 2094 455 vero

2203 400 2274 471 τῷ
2307 399 2594 458 Βασιλείαν
2644 397 2836 470 βιϐλίῳ
2860 397 2981 468 Ικαὶ
3017 397 3077 452 τὸ
3111 397 3397 452 Βασιλείου
3434 397 3644 474 βιϐλίον
3668 401 3776 472 τδι.

516 505 812 556 humanam
867 498 934 552 ad
990 505 1239 550 naturam
1275 491 1584 548 referimus.
1641 491 1927 546 Audistine
1984 507 2092 561 quo

513 607 671 667 pacto
706 605 761 648 et
795 593 882 647 hic
915 591 1131 646 divinus
1165 590 1252 642 t'ir
1278 588 1443 652 dicat,
1472 586 1582 641 duo
1629 602 1726 641 nos
1761 586 1830 640 de
1875 585 2093 640 Christo

507 700 837 758 agnoscere,
863 687 962 739 hoc
990 684 1258 745 divinum,
1295 681 1424 734 illud
1474 679 1812 734 humanum?
1869 679 2090 745 Deinde,

511 797 677 836 unum
711 787 903 832 natura
936 775 1204 840 divinum,
1238 775 1439 843 inquit.
1476 774 1537 827 Et
1581 788 1903 843 progressus
1954 771 2093 825 ulte-

511 875 675 929 rius-z
712 871 991 935 Creatnm,
1030 869 1130 936 ait,
1167 868 1459 922 humanam
1496 867 1560 920 ad
1607 852 1854 920 naturam
1887 865 2092 917 referi-

511 986 654 1025 mus.
689 967 826 1023 Ecce
857 967 1096 1021 divinam
1125 965 1177 1017 in
1212 962 1431 1017 Christo
1458 970 1735 1024 naturam,
1761 967 2092 1014 conaturam

514 1065 806 1118 humanam
833 1060 1121 1114 manifeste
1147 1056 1460 1112 confitetur.
1485 1053 1624 1121 Quin
1658 1064 1711 1108 et
1743 1052 1927 1107 Basilii
1958 1052 2095 1105 liber

511 1159 776 1211 adversus
808 1152 1132 1207 Eunontium
1189 1149 1460 1218 scriptus,
1492 1148 1683 1201 eadem
1725 1145 1947 1207 docens,
1982 1146 2094 1196 ham

510 1249 675 1303 verba
721 1246 964 1300 continuet
999 1261 1012 1297 :
1047 1242 1397 1295 Mcdiatorent
1452 1241 1601 1293 illurn
1655 1237 1750 1292 Dei
1799 1249 1854 1292 et
1917 1239 2092 1290 Immi—

512 1357 666 1405 num,
696 1341 836 1395 sicut
860 1353 889 1392 a
921 1352 1117 1406 magno
1149 1336 1239 1388 illo
1273 1333 1535 1404 Apostolo
1561 1333 1864 1402 appellatur
1885 1331 1926 1396 ¹,
1962 1329 2094 1393 nihil

512 1437 583 1489 ita
623 1435 985 1496 demonstrat,
1029 1442 1084 1483 ut
1117 1429 1237 1481 Filii
1287 1442 1482 1480 nomen
1519 1427 1733 1494 utrique
1755 1436 1983 1490 natura},
2007 1424 2090 1479 di-

512 1533 654 1583 vinae
686 1542 748 1581 ac
795 1527 1065 1587 hurnanaa,
1099 1537 1163 1574 ex
1196 1536 1352 1590 aequo
1398 1519 1894 1572 accommodatum.
1946 1516 2093 1571 ldem

512 1626 736 1689 enimet
772 1623 863 1676 Dei
910 1619 1080 1675 Filius
1125 1629 1242 1684 est,
1282 1629 1332 1670 et
1363 1615 1530 1671 Filius
1568 1616 1802 1669 hominis
1836 1629 1930 1683 per
1976 1615 2093 1669 dis-

513 1717 889 1789 pensationem
931 1711 1109 1767 factus
1159 1721 1260 1766 est.
1295 1710 1485 1776 Vides,
1534 1709 1610 1763 uti
1657 1709 1792 1763 duas
1848 1716 2094 1773 naturas,

514 1814 752 1868 divinam
782 1819 836 1863 et
859 1808 1182 1871 humanam,
1209 1803 1534 1859 confitetur?
1563 1802 1762 1856 Eadem
1804 1800 2093 1854 facientem

515 1907 699 1959 videre
736 1905 862 1956 licet
915 1902 969 1953 in
1021 1907 1218 1967 quarto
1267 1895 1512 1958 ejusdem
1567 1893 1878 1960 argumenti
1929 1891 2091 1957 libro,

515 1999 606 2052 ubi
645 2000 755 2049 hac
785 1995 948 2048 verba
982 2003 1146 2046 sunt:
1180 1990 1391 2058 Ubique
1429 1985 1918 2057 temperamentum
1952 1986 2091 2055 ejus,

515 2092 658 2163 quod
691 2091 988 2144 hum-tuum
1024 2096 1140 2151 est,
1175 2099 1294 2137 cum
1330 2083 1420 2137 illo
1453 2083 1595 2153 quod
1640 2081 1901 2144 divinum,
1951 2097 2093 2152 pra:-

516 2186 705 2237 dicaus
760 2178 1053 2248 Apostolus
1112 2175 1466 2230 nihilominus
1527 2176 1578 2227 in
1630 2185 1892 2242 utroque,
1948 2174 2094 2242 quod

515 2276 708 2344 cuique
736 2273 1015 2345 proprium
1053 2283 1158 2333 est,
1195 2269 1478 2339 perspicit.
1529 2267 1627 2323 llic
1676 2279 1732 2323 et
1768 2271 1831 2322 de
1879 2271 1941 2323 iis
1974 2284 2094 2338 qua:

515 2369 733 2438 utrique
782 2376 988 2420 naturae
1042 2364 1260 2433 prOpria
1305 2372 1451 2428 sunt,
1497 2361 1693 2429 tradit;
1753 2362 1918 2417 veluti
1973 2377 2095 2431 quae

516 2476 706 2530 reapse
741 2461 872 2522 sint,
913 2468 966 2510 et
1000 2457 1164 2509 animi
1217 2457 1664 2511 consideratione
1697 2457 2089 2527 percipiantur.

2192 493 2274 562 τῷ
2323 493 2464 563 πρὸς
2521 494 2613 546 τὸν
2655 492 2924 562 Εὐνόμιον
2969 492 3040 545 τὰ
3086 493 3226 545 αὐτὰ
3273 491 3546 557 διδάσκον,
3603 496 3778 562 φησί·

2197 590 2300 642 Τὸν
2335 589 2564 660 μεσίτην
2589 587 2728 641 Θεοῦ
2757 589 2852 650 καὶ
2886 586 3194 657 ἀνθρώπων
3225 586 3413 650 οάθὼς
3442 585 3732 655 ὠνόμασεν
3754 588 3783 638 ὁ

2197 684 2374 753 μέγας
2406 683 2728 747 ἀπόστολος,
2767 682 2921 735 οὐδὲν
2964 678 3141 744 οὕτως
3169 679 3246 745 ὠς
3285 680 3345 734 τὸ
3369 680 3464 733 τοῦ
3503 679 3634 743 Υἱοῦ
3663 680 3777 732 δεί-

2195 794 2384 829 κνυσιν
2429 776 2623 846 ὄνομα,
2675 775 2914 846 ἑκατέρᾳ
2944 775 3009 844 τῇ
3068 774 3264 843 φύσει,
3307 777 3374 844 τῇ
3412 771 3534 843 θείᾳ
3576 791 3636 827 τε
3685 773 3782 826 καὶ

2196 869 2536 940 ἀνθρωπίνῃ,
2567 873 2709 921 κατὰ
2737 868 2829 921 τὸν
2875 864 2990 920 ἴσον
3047 867 3520 938 ὲφαρμοζόμενον.
3573 865 3632 919 Ὀ
3669 866 3782 936 γάρ

2194 963 2360 1026 αὐτὸς
2397 962 2495 1015 καὶ
2520 961 2656 1014 Θεοῦ
2687 961 2815 1024 Υἱός
2843 962 2982 1024 ἐστι,
3039 961 3134 1013 καὶ
3161 959 3285 1021 Υίὸς
3323 959 3616 1029 ἀνθρώπου
3653 957 3786 1011 κατ’

2193 1058 2510 1127 οἰκονομίαν
2543 1056 2783 1124 ἐγένετο.
2824 1055 2987 1126 Ὁρᾷς
3022 1053 3140 1116 πῶς
3169 1053 3264 1106 δύο
3293 1052 3504 1121 φύσεις,
3536 1051 3689 1104 θείαν
3717 1068 3783 1103 τε

2199 1150 2290 1202 καὶ
2313 1159 2322 1161 "
2341 1147 2696 1218 ἀνθρωπίνην
2747 1145 3046 1216 ὁμολογεῖς
3097 1145 3178 1198 Τὰ
3219 1145 3266 1197 δ’
3295 1145 3434 1197 αὑτὰ
3465 1144 3784 1214 πράττοντα

2199 1245 2299 1295 κάν
2329 1242 2406 1312 τῷ
2435 1243 2686 1312 τετάρτῳ
2732 1240 2874 1309 λόγῳ
2921 1239 3022 1311 τῆς
3053 1238 3227 1307 αὐτῆς
3267 1238 3659 1308 πραγματείας
3694 1234 3784 1298 ἔξ-

2199 1351 2350 1386 εστιν
2402 1333 2565 1387 αὐτὸν
2613 1332 2915 1404 θεωρῆσαι.
2955 1329 3240 1400 Πανταχοῦ
3291 1330 3420 1397 γὰρ,
3480 1329 3633 1398 φησὶ,
3679 1326 3783 1396 τὴν

2195 1425 2291 1478 τοῦ
2317 1423 2666 1497 ἀνθρωπίνου
2697 1424 2832 1493 πρὸς
2859 1423 2921 1476 τὸ
2947 1422 3094 1475 θεῖον
3129 1422 3436 1487 άνὰκρασιν
3467 1421 3494 1473 ὁ
3519 1420 3782 1472 ’Δπόστο-

2195 1519 2282 1581 λος
2312 1519 2627 1588 κηρύσσων,
2652 1517 2806 1569 οὐδὲν
2831 1511 2994 1588 ἦττον
3028 1516 3086 1566 ἑν
3114 1515 3361 1583 ἐκατέρῳ
3391 1513 3451 1566 τὸ
3481 1511 3612 1564 ι’διον
3641 1510 3782 1564 καθ-

2194 1616 2317 1686 ορᾷ.
2355 1613 2623 1667 Ἐνταῦθα
2651 1614 2745 1665 καὶ
2775 1612 2905 1680 περὶ
2935 1610 3040 1663 τῶν
3073 1609 3221 1662 ῑδίων
3248 1609 3520 1676 ἑκατέρας
3561 1604 3785 1675 φύσεως

2203 1711 2334 1779 ἡμῖν
2375 1707 2694 1771 διετάξατο,
2742 1705 2817 1768 ὡς
2862 1703 3220 1774 ὑπαρχόντων
3252 1719 3309 1755 τε
3352 1700 3542 1770 καὶῗτῇ
3574 1698 3785 1769 θεωρίᾳ

2203 1804 2658 1874 λαμϐανομένων.
2693 1799 2826 1855 Εἶτα
2855 1798 3085 1871 προῖὼν,
3115 1798 3232 1868 μετ’
3255 1797 3438 1865 ὀλίγον
3466 1795 3600 1865 φησί
3625 1811 3639 1824 ⁸
3674 1793 3789 1846 Καὶ

2205 1900 2277 1962 ὡς
2302 1899 2368 1952 ἂν
2393 1899 2468 1968 μή
2502 1915 2584 1960 τις
2615 1899 2680 1967 τῇ
2714 1896 2938 1966 ἀκράτῳ
2971 1893 3132 1961 φύσει
3164 1892 3224 1945 τὸ
3250 1891 3393 1945 κατὰ
3420 1890 3512 1942 τὸν
3547 1891 3784 1958 σταυρὸν

2204 1991 2375 2055 πάθος
2436 1989 2845 2062 προστρίὸοιτο,
2913 1988 2982 2042 δι’
3033 1988 3238 2056 ἑτέρων
3297 1983 3645 2053 τρανὼτερον
3683 1980 3787 2049 τὴν

2203 2085 2462 2156 τοιαύτην
2492 2083 2897 2155 ἐπανορθοῦται
2935 2081 3168 2150 πλάνην,
3201 2081 3427 2149 μεσίτην
3457 2078 3619 2130 αὐτὴν
3641 2072 3785 2128 Θεοῦ

2202 2183 2297 2234 καὶ
2331 2180 2661 2249 ἀνθρώπων,
2707 2177 2802 2230 καὶ
2830 2175 2964 2228 Θεὸν
3008 2173 3315 2244 ὀνομάζων,
3365 2173 3453 2225 ἵνα
3483 2173 3548 2224 ὲκ
3577 2169 3672 2223 τοῦ
3711 2168 3787 2222 τὰ

2203 2275 2296 2328 δύο
2322 2275 2450 2344 περὶ
2481 2273 2541 2326 τὸ
2572 2271 2630 2324 ἓν
2663 2270 2955 2339 λέγεσθαι,
2990 2269 3050 2322 τὸ
3085 2269 3400 2338 πρόσφορον
3443 2268 3616 2319 νοείτο
3654 2267 3792 2336 περὶ

2203 2369 2488 2437 ἑκάτερον.
2523 2365 2850 2432 Σαφέστατα
2887 2362 3124 2418 ἐνταῦθα
3153 2362 3248 2415 δύο
3280 2362 3411 2433 περὶ
3453 2361 3514 2413 τὸ
3547 2359 3606 2412 ἓν
3627 2360 3790 2426 λέγε-

2205 2463 2328 2514 σθαι
2357 2457 2512 2530 φησὶ,
2545 2458 2787 2528 δηλονότι
2818 2456 3036 2524 φύσεις.

517 2554 653 2609 Hinc
681 2552 839 2623 paulo
867 2562 986 2622 post
1028 2550 1252 2620 suhjicit
1291 2551 1415 2606 :Ac
1448 2564 1514 2605 ne
1542 2551 1665 2620 quis
1707 2563 1915 2607 natura:
1949 2556 2362 2621 temperamenti
2414 2554 2625 2622 experti
2688 2552 2992 2622 passionem
3049 2550 3102 2603 itt
3157 2564 3323 2604 cruce
3367 2547 3650 2611 attribuat,
3688 2563 3792 2618 per

516 2649 620 2701 alia
667 2643 865 2701 clarius
906 2651 1148 2700 errorem
1184 2645 1493 2715 huiusmodi
1523 2647 1771 2716 corrigit,
1799 2646 2151 2703 Mediatorem
2193 2666 2315 2704 eum
2351 2649 2441 2703 Dei
2481 2661 2535 2704 et
2567 2649 2869 2712 hominum,
2925 2655 2982 2699 et
3013 2645 3177 2699 Deum
3213 2646 3498 2714 appellans
3532 2657 3610 2706 ut,
3650 2656 3794 2712 quo-

518 2743 664 2797 niam
738 2741 843 2794 duo
881 2741 947 2793 de
997 2754 1105 2793 nuo
1137 2739 1411 2804 dicantur,
1464 2739 1532 2794 de
1589 2751 1820 2810 utroque
1871 2745 2014 2813 quod
2049 2745 2265 2810 utrique
2307 2747 2586 2814 cotnpetit,
2625 2730 2974 2812 intelligatur.
3032 2739 3130 2793 llic
3180 2739 3525 2810 apertissime
3577 2739 3684 2793 duo
3716 2737 3792 2790 de

517 2852 624 2890 uno
658 2834 763 2888 dici
801 2833 1081 2903 praedicat,
1110 2834 1366 2887 nimirum
1402 2845 1629 2888 naturas
1658 2839 1815 2889 duas.

588 2926 850 2981 Similiter
905 2935 958 2978 et
1005 2925 1058 2979 in
1093 2927 1345 2980 oratione
1399 2926 1466 2980 de
1501 2926 1640 2982 Filio
1679 2930 1941 2998 secunda,
1982 2920 2099 2985 cla-

518 3021 630 3074 rius
681 3019 819 3077 idem
879 3022 1101 3072 duarttm
1142 3027 1457 3073 naturarum
1496 3022 1877 3092 praprietates,
1934 3026 2094 3080 etiam

517 3123 637 3180 post
691 3109 1018 3166 ineffabilem
1081 3110 1226 3165 illam
1283 3113 1732 3178 evacuationem,
1811 3117 1990 3172 salvas
2041 3129 2097 3173 et

516 3205 760 3274 integras
826 3215 947 3255 esse
1001 3202 1166 3255 tradit
1200 3215 1216 3255 :
1251 3199 1554 3266 Credimus,
1591 3203 1785 3271 inquit,
1843 3205 1894 3257 itt
1930 3221 2091 3258 unum

2291 2933 2524 3003 Ὁμοίως
2581 2931 2637 2985 δὲ
2696 2932 2799 2985 κάν
2829 2931 2906 3002 τῷ
2939 2931 3183 3003 δευτέρῳ
3227 2930 3371 3002 λόγῳ
3419 2931 3549 3005 περὶ
3583 2930 3717 2984 Υἱοῦ
3757 2933 3792 2986 ὁ

2204 3035 2368 3098 αὐτὸς
2405 3035 2744 3103 σαφέστερον
2791 3032 2925 3100 ἡμῖν
2965 3029 3076 3082 τῶν
3107 3029 3200 3080 δύο
3246 3028 3470 3098 φύσεων
3524 3029 3597 3084 τὰ
3645 3025 3792 3081 i626)-

2209 3144 2354 3197 ματα
2388 3122 2663 3188 σώζεσθαι
2707 3122 3046 3192 παραδῶωσι
3079 3121 3172 3172 καὶ
3205 3122 3342 3188 μετὰ
3373 3121 3472 3190 τὴν
3503 3120 3791 3190 ἄφραστον

2206 3223 2458 3274 κένωσιν.
2491 3219 2833 3288 Πιστεύομεν
2860 3219 2967 3289 γάρ
3018 3219 3097 3280 εἰς
3128 3216 3225 3269 ’ένα
3259 3217 3419 3279 Θεὸν,
3463 3218 3618 3285 φησὶ,
3669 3216 3791 3267 ηα-

520 3268 686 3349 Deuin
769 3290 982 3349 Patrem
1039 3292 1371 3362 ingenitum,
1454 3303 1507 3346 et
1571 3292 1623 3346 in
1667 3268 1840 3346 unum
1903 3294 2095 3349 Filium

2207 3268 2458 3274 ---------
2493 3268 2796 3288 --ηηηπ
2872 3268 2958 3289 ,υτ
3024 3268 3148 3280 ν
3405 3268 3418 3279 .
3477 3268 3536 3285 .,
3607 3268 3617 3281 ,

2204 3317 2337 3382 τέρα
2374 3312 2695 3382 ἀγέννητον,
2728 3311 2824 3364 καὶ
2855 3312 2933 3372 εἰς
2965 3309 3063 3362 ἕνα
3099 3310 3364 3378 γεννητὸν
3407 3309 3534 3361 Υίῦν
3574 3306 3792 3382 Ὶησοιᾷθ

515 3389 756 3460 genitum
827 3384 1010 3440 Jesunt
1065 3386 1391 3448 Christum,
1464 3386 1703 3455 ejusdem
1788 3389 2102 3442 substantim

516 3495 640 3538 cum
695 3477 859 3532 Patre
926 3477 1220 3530 secundum
1279 3477 1645 3543 divinitatem,
1703 3491 1756 3533 et
1814 3481 2098 3533 nobiscum

519 3575 816 3630 secundum
859 3588 1077 3626 carnetn
1133 3589 1148 3626 :
1195 3588 1307 3627 non
1357 3574 1510 3639 duos,
1559 3577 1650 3628 sed
1687 3591 1848 3627 unum
1885 3577 2099 3642 Filium,

520 3667 683 3722 salvis
738 3678 1058 3720 naturarum
1123 3666 1568 3735 proprietatibus.
1605 3667 1743 3732 Quin
1772 3678 1823 3723 et
1879 3651 2102 3735 ntagnus

519 3761 859 3828 Ambrosius,
903 3761 1387 3818 Mediolancnsinm
1460 3763 1723 3832 pontifex,
1774 3765 1838 3816 ad
1902 3764 2102 3832 Apolli-

521 3855 730 3909 narium
759 3856 1022 3919 scribens,
1050 3856 1128 3910 sic
1150 3855 1224 3908 ait
1253 3872 1267 3908 :
1297 3855 1591 3910 Discrimen
1622 3857 1802 3909 carnis
1826 3870 1877 3910 et
1901 3858 2100 3910 divmi-

521 3949 648 4002 tatis
708 3963 1007 4002 servemus.
1052 3947 1200 4003 Unus
1258 3949 1308 4000 itt
1363 3957 1594 4016 utroque
1626 3948 1862 4018 loquitur
1911 3949 2098 4013 Filius,

518 4040 777 4111 quoniam
828 4050 1056 4110 utraque
1093 4050 1290 4094 natura
1339 4044 1392 4096 in
1430 4042 1546 4109 ipso
1594 4053 1676 4096 est
1709 4059 1724 4097 :
1757 4057 1940 4096 verum
1975 4043 2103 4096 licet

524 4136 663 4186 idem
721 4132 992 4199 loquatur.
1059 4147 1160 4185 non
1219 4147 1326 4185 uno
1391 4142 1566 4187 tamen
1625 4136 1783 4188 modo
1842 4133 2100 4202 loquitur.

520 4223 655 4279 Nam
704 4226 854 4277 vides
881 4227 961 4294 sin
1024 4239 1087 4278 eo
1137 4240 1278 4278 nunc
1318 4226 1534 4295 quidem
1594 4226 1684 4281 Dei
1741 4228 2100 4298 maiestatem,

522 4334 664 4372 nunc
698 4326 878 4371 autem
939 4319 1217 4384 passiones
1278 4319 1532 4374 hominis.
1575 4319 1948 4374 Consentanca
1975 4336 2104 4375 vero

520 4410 628 4479 iam
671 4411 829 4464 dictis
880 4417 933 4464 et
977 4410 1028 4462 in
1084 4412 1320 4465 secundo
1351 4411 1416 4465 ad
1449 4411 1766 4466 Gratianum
1801 4418 2100 4484 Augustum

524 4503 657 4557 libro
710 4505 874 4557 tradit
908 4520 922 4556 :
960 4502 1130 4558 Homo
1159 4502 1314 4560 Jesus
1341 4504 1610 4572 Christus,
1651 4506 1906 4560 Dominus
1932 4508 2103 4578 maje-

2202 3415 2294 3463 τὸν
2347 3409 2609 3480 Χριστὸν,
2663 3405 2953 3476 όμοούσιον
2987 3405 3064 3476 τῷ
3116 3405 3294 3475 Πατρὶ
3344 3406 3488 3459 κατὰ
3518 3406 3617 3475 τὴν
3665 3404 3791 3458 0εὸ-

2202 3521 2362 3572 τητα,
2397 3505 2492 3556 καὶ
2521 3504 2656 3571 ἡμῖν
2684 3502 2741 3555 δὲ
2781 3501 2921 3554 κατὰ
2943 3500 3042 3570 τὴν
3070 3501 3250 3573 σάρκα
3273 3516 3285 3528 ·
3320 3502 3380 3552 οὑ
3413 3499 3666 3562 δ’ὶο,άλλ’
3689 3499 3788 3552 ἕνα

2204 3597 2350 3660 Υίδν,
2389 3596 2716 3665 σωζομένων
2747 3595 2857 3647 τῶν
2882 3593 3194 3664 ἰδιωμάτων
3223 3593 3331 3644 τῶν
3362 3592 3602 3660 φύσεων.
3621 3589 3787 3644 Ἀλλὰ
3817 3619 3831 3629 ·

2205 3693 2297 3744 καὶ
2331 3692 2358 3744 ό
2393 3692 2567 3762 μέγας
2603 3689 2954 3762 ’Λμὸρόσιος,
3010 3691 3038 3742 ὁ
3069 3691 3418 3743 Μεδιολάνων
3465 3689 3564 3759 τὴν
3593 3689 3787 3758 ἀρχιε-

2207 3786 2456 3855 ρωσύνην
2492 3783 2696 3848 λαϐὼν,
2740 3785 2877 3853 πρὸς
2914 3783 3296 3853 Ἀπολινάριον
3348 3784 3596 3852 γράφων,
3637 3782 3785 3835 οὕτω

2205 3877 2373 3946 φησί’
2425 3877 2740 3946 Φυλάξομεν
2773 3876 2873 3944 τὴν
2925 3877 3195 3945 διαφορὰν
3243 3876 3445 3946 σαρκὸς
3473 3875 3565 3927 καὶ
3598 3873 3790 3943 θεότη-

2204 3989 2315 4032 τος.
2339 3965 2430 4027 Εἷς
2458 3973 2514 4022 ἐν
2537 3971 2784 4038 ἐκατέρῳ
2816 3971 2969 4023 λαλεῖ
2992 3974 3019 4023 ὁ
3046 3971 3194 4032 Υἱδς,
3221 3971 3521 4040 ἐπειδήπερ
3546 3967 3788 4039 ἑκατέρα

2207 4065 2368 4134 φύσις
2402 4064 2553 4117 ἐστὶν
2579 4066 2635 4116 ἐν
2667 4065 2819 4135 αὐτῷ
2842 4082 2855 4095 ·
2891 4065 3006 4117 ἀλλ’
3040 4067 3087 4117 εί
3124 4065 3217 4117 καὶ
3251 4065 3279 4114 ὁ
3306 4064 3465 4126 αὐτὸς
3492 4062 3788 4128 λαλεῖ,οὐκ

2206 4161 2287 4213 ἐνὶ
2325 4161 2578 4229 μέντοιγε
2608 4161 2728 4230 τρό;
2751 4176 2797 4231 ῳ
2843 4161 3015 4213 λαλεῖ.
3068 4161 3233 4230 Ὁρᾷς
3277 4159 3386 4228 γὰρ
3417 4159 3476 4212 ἐν
3506 4159 3658 4229 αὑτῷ
3688 4160 3788 4212 νῦν

2210 4255 2309 4323 μὲν
2341 4252 2499 4317 δόξαν
2524 4250 2685 4314 Θεοῦ,
2736 4251 2832 4304 νῦν
2865 4252 2919 4304 δὲ
2957 4251 3106 4320 πάθη
3136 4235 3790 4321 ονθρώπου.”Ἀκό).ουθα

2206 4346 2262 4399 δὲ
2293 4348 2407 4409 τοῖς
2450 4347 2766 4415 εἰρημένοις
2816 4347 2916 4397 κάν
2964 4345 3041 4414 τῷ
3069 4346 3308 4414 δευτέρῳ
3344 4344 3437 4397 τοῦ
3475 4345 3612 4415 πρὸς
3646 4345 3787 4415 ι’ρα·

2207 4437 2389 4490 ttatva
2437 4438 2529 4499 τὸν
2586 4436 2811 4506 βασιλέα
2844 4436 3230 4506 συντάγματος
3251 4435 3427 4509 «λέγει.
3464 4436 3789 4508 Ἀνθρωπος

2221 4529 2430 4598 Ἰησοῦς
2465 4529 2701 4599 Χριστὸς
2749 4530 2777 4581 ὁ
2830 4529 3034 4598 Κύριος
3059 4532 3156 4600 τῆς
3184 4529 3343 4598 δόξης
3404 4530 3790 4600 ἐσταυρῶσθαι

521 4602 698 4667 statis,
743 4600 938 4654 dicitur
996 4599 1311 4666 crucifixus,
1367 4601 1492 4670 quia
1534 4615 1760 4666 consors
1815 4603 2096 4672 utriusque

2211 4620 2450 4688 λέγεται,
2489 4619 2758 4690 ἑκατέρας
2791 4620 3058 4692 ὑπάρχων
3087 4620 3303 4688 φύσεως
3334 4624 3613 4687 κοινωνὸς,
3641 4641 3794 4678 τουτ-

520 4708 752 4754 natura},
801 4694 851 4745 td
893 4705 995 4758 est,
1030 4694 1276 4746 humanae
1308 4702 1466 4761 atque
1531 4692 1746 4748 divinat.
1802 4693 1906 4747 Sed
1943 4705 1997 4748 et
2049 4695 2098 4747 in

522 4784 658 4838 libro
716 4786 787 4840 ad
857 4786 1116 4838 Sabinum
1190 4785 1502 4854 t-piscupum
1550 4785 1687 4839 idem
1735 4787 1816 4838 vir
1865 4789 2102 4839 sanctis-

520 4878 692 4931 simus
746 4879 862 4930 ait:
905 4880 1035 4931 Cum
1092 4879 1322 4932 essetin
1393 4880 1722 4946 proprietate
1778 4880 2099 4947 divinitatis,

521 4973 822 5026 exinanit'it
872 4988 951 5034 se,
988 4983 1038 5026 et
1094 4974 1300 5040 accepit
1349 4973 1738 5040 plenitudinem
1798 4986 2000 5027 natura:
2050 4987 2101 5030 et

521 5058 905 5134 pe"rfectionem
965 5067 1214 5119 humana:
1277 5083 1288 5117 :
1343 5068 1482 5119 sicut
1540 5068 1646 5120 Deo
1699 5068 1829 5121 nihil
1894 5071 2097 5134 deerat,

521 5157 595 5209 ita
622 5172 726 5212 nec
757 5158 988 5210 hominis
1042 5160 1529 5226 coitsutnmationi;
1567 5171 1624 5212 ut
1650 5173 1792 5214 esset
1828 5165 2096 5228 perfectus

521 5254 572 5304 in
609 5253 839 5317 utraque
895 5261 1106 5306 natura.

591 5341 748 5399 GliN.
784 5343 1041 5414 Equidem
1073 5346 1310 5410 arbitror
1362 5358 1486 5401 ante
1511 5337 1716 5403 'ntultos
1753 5365 1925 5406 annos
1953 5368 2098 5408 cura:

522 5437 614 5491 tibi
641 5434 830 5502 fuisse,
873 5437 1037 5492 libros
1061 5440 1136 5492 uti
1168 5425 1469 5510 colligeres,
1511 5453 1931 5514 sanctorumque
1959 5448 2100 5500 viro-

520 5545 638 5584 IUm
668 5530 1024 5586 auctoritates
1047 5534 1110 5586 de
1145 5536 1349 5588 naturis
1379 5535 1584 5590 duabus
1609 5553 1952 5608 excerperes.

591 5619 845 5676 THEOB.
881 5623 950 5678 Ea
982 5641 1109 5682 vero
1140 5629 1318 5683 multa:
1341 5645 1504 5694 curae,
1537 5631 1800 5701 multique
1839 5636 2097 5704 temporis

589 5717 610 5748 ²
639 5715 655 5770 l
686 5713 824 5774 Tim.
863 5735 919 5783 ιι,
959 5718 1009 5775 5.

2212 4712 2362 4764 ἐστιν
2393 4704 2770 4783 ἀνθρωπίνης
2820 4715 2915 4766 καὶ
2958 4712 3110 4776 θείας
3159 4715 3353 4785 ἀμέλει
3388 4718 3492 4769 κάν
3531 4716 3610 4786 τῷ
3653 4718 3793 4786 πρὸς

2211 4803 2437 4856 Σαϐῖνον
2466 4807 2554 4858 τὸν
2583 4805 2891 4859 ἐπίσκοπον
2925 4806 3068 4876 λόγῳ
3099 4807 3265 4861 αὑτοῦ
3299 4809 3325 4859 ὁ
3357 4809 3518 4872 αὺτξς
3543 4809 3790 4876 ἁγιώτα-

2208 4916 2295 4962 τος
2338 4899 2476 4973 ἀνὴρ
2505 4901 2672 4970 φησίν
2699 4919 2709 4932 ·
2756 4902 2844 4954 Ἐν
2890 4902 2968 4971 τῷ
3013 4901 3128 4973 ἰδίῳ
3151 4904 3247 4974 τῆς
3283 4903 3534 4975 θεότητος
3563 4903 3637 4957 ὢν
3668 4907 3791 4960 ἐκέ-

2209 5010 2379 5044 νωσεν
2436 4993 2652 5058 ἑαυτὸν,
2702 4996 2798 5048 καὶ
2845 4995 3005 5048 ἔλαϐε
3041 4997 3101 5048 τὸ
3131 4997 3338 5048 τέλειον
3381 4996 3481 5068 τῆς
3541 5001 3663 5051 κατ’
3696 4998 3791 5052 άν-

2213 5085 2431 5154 θρωπον
2453 5084 2667 5153 φύσεως
2691 5086 3013 5158 ὀλόκληρον·
3037 5088 3112 5151 ὡς
3149 5090 3302 5142 οὐδὲν
3332 5089 3514 5142 ἔλειπε
3546 5091 3623 5161 τῷ
3647 5092 3789 5162 Θεῷ,

2210 5175 2379 5232 οὕτως
2407 5177 2526 5229 οὐδὲ
2552 5176 2626 5247 τῷ
2669 5178 3030 5249 καταρτισμῷ
3071 5181 3302 5250 τῴ,κατ’
3357 5182 3667 5254 ἄνθρωπον,
3701 5186 3790 5240 ἵνα

2209 5269 2412 5330 τέλειος
2449 5274 2503 5322 ὲν
2530 5272 2768 5343 ἑκατέρᾳ
2795 5274 2955 5341 φύσει
2984 5277 3248 5350 τυγχάνῃ.

2295 5360 2350 5414 'O
2385 5363 2546 5416 ΚΑΘ.
2616 5365 2769 5435 Ἐμοί
2810 5367 2962 5419 δοκεῖ
3019 5367 3100 5420 ὅτι
3159 5371 3264 5438 πρὸ
3329 5371 3539 5424 πολλῶν
3579 5377 3789 5445 χρόνων

2209 5451 2363 5522 ἔσχες
2396 5455 2717 5524 ἐπιμέλειαν
2744 5459 2840 5510 τοῦ
2895 5466 3228 5530 συναγαγεῖν
3266 5464 3471 5533 βιὸλὶα,
3509 5470 3606 5521 καὶ
3647 5488 3787 5544 παρ-

2209 5546 2462 5598 εκϐαλεῑν
2491 5553 2712 5619 χρήσεις
2747 5552 2917 5620 ἁγίων
2954 5556 3083 5622 περὶ
3112 5556 3217 5609 τῶν
3244 5558 3338 5611 δύο
3365 5559 3609 5628 φύσεων.

2292 5641 2350 5692 '0
2383 5640 2580 5696 ΘΕΩΡ.
2625 5643 2837 5699 Ἐκεῖνα
2886 5646 3096 5701 δέονται
3129 5649 3330 5723 πολλῆς
3371 5657 3654 5726 φροντίδοθ
3692 5663 3789 5716 νισί
