4084 6194
279 325 382 389 145

1630 317 2090 382 ΠΙΞΡΠΤΑἩΟ
2128 316 2178 374 Ῐ.

3435 292 3540 361 146

276 437 492 508 χρόνον,
547 437 649 489 ὅσα
714 436 918 492 σπάνιὰ
972 437 1078 490 εἰσι
1132 437 1226 490 καὶ
1264 436 1583 507 δυσεύρετα.
1636 437 1770 504 Πεςῦ⁹
1806 434 1862 485 δὲ

1986 441 2145 499 rgum,
2186 443 2303 497 qute
2338 441 2456 479 rara
2480 433 2624 489 sunt,
2663 431 2716 477 et
2748 421 2966 475 inventu
3001 413 3260 471 diﬂlcllia.
3287 413 3364 470 De
3395 411 3536 468 du»

279 530 387 583 τῶν
442 529 538 581 δύο
592 529 833 596 φύσεων,
883 531 943 582 οὐ
978 532 1216 595 σπάνις,
1265 531 1401 583 ἀλλὰ
1429 531 1661 592 πλοῦτος
1691 530 1861 600 ὑπερ-

278 624 496 686 ϐολικδς
522 624 616 676 καὶ
637 623 893 691 δαψίλεια
919 625 978 676 ἐν
997 624 1151 695 πάσῃ
1185 627 1251 695 τῇ
1274 625 1626 694 θεοπνεύστῳ
1646 625 1862 694 Γραφῇ,

282 716 381 784 ὅση
411 716 574 784 ἀέρος
611 716 791 786 χύσις.
839 717 901 769 Εἰ
931 712 1028 771 οὖν
1059 719 1152 771 καὶ
1185 719 1450 771 πλειόνων
1478 719 1596 789 δέῃ,
1631 719 1866 787 ἑτοίμως

282 807 392 879 ἔχω
423 809 521 862 καὶ
560 809 730 870 ἄλλας
784 813 1159 878 παραγαγεῖν.
1216 810 1428 864 Λύτίκα
1466 811 1600 879 γοῦν
1655 811 1868 876 ἔξεστιν

283 901 524 955 ἀκοῦσαι
557 903 653 954 καὶ
698 902 792 955 τοῦ
852 903 1093 972 μεγάλου
1136 903 1428 971 φιλοσόφου
1459 904 1552 956 καὶ
1587 902 1869 973 μάρτυρος

292 994 614 1061 Ἰούστίνου,
675 997 807 1067 περὶ
864 997 976 1050 τῶν
1025 997 1209 1049 αὐτῶν
1240 995 1493 1064 λέγοντος
1519 998 1576 1048 ἐν
1611 994 1688 1064 τῷ
1729 995 1872 1063 Περὶ

291 1086 542 1153 τριάδος
570 1088 938 1157 συντάγματι,
979 1090 1120 1141 κατὰ
1151 1090 1209 1142 τὸ
1240 1088 1306 1152 ιζ’
1343 1088 1642 1158 κεφάλαιον
1674 1088 1868 1153 οὕτως’

281 1179 458 1233 Ὅταν
515 1180 760 1253 ἀκούσῃς
795 1181 926 1252 περὶ
975 1181 1071 1234 τοῦ
1112 1182 1234 1245 ἑνὸς
1281 1182 1413 1236 Υἱοῦ
1477 1183 1576 1243 τὰς
1623 1180 1872 1245 ἐναντίας

287 1274 503 1338 φωνὰς,
535 1273 658 1348 κατ’
697 1274 949 1344 ἀλλήλων
998 1275 1192 1346 μέριζε
1237 1278 1361 1340 ταῖς
1393 1275 1586 1346 φύσεσι
1618 1275 1686 1330 τὰ
1723 1275 1875 1343 λεγό-

282 1366 564 1434 μεναοᾶν
624 1367 726 1436 μέν
783 1383 837 1420 τι
911 1370 1056 1438 μέγα
1106 1369 1205 1422 καὶ
1252 1368 1417 1432 θεῖον,
1459 1371 1525 1439 τῇ
1561 1368 1681 1438 Θείᾳ
1709 1367 1874 1436 φύσει

282 1458 625 1533 προσνέμων
649 1475 665 1488 ο
708 1458 775 1514 ἂν
813 1458 872 1512 δέ
917 1477 970 1513 τι
1005 1461 1206 1532 μικρὸν
1246 1460 1342 1514 καὶ
1395 1460 1765 1531 ἀνθρώπινον,
1807 1462 1874 1531 τῇ

280 1551 609 1624 ἀνθρωπεία
632 1551 986 1623 λογιζόμενος
1021 1554 1205 1623 φύσει.
1231 1553 1392 1609 Οὕτω
1422 1554 1531 1624 γὰρ
1563 1555 1658 1608 καὶ
1684 1553 1746 1608 τὸ
1766 1552 1878 1606 τῶν

284 1644 488 1714 φωνῶν
527 1647 864 1717 ἀσύμφωνον
897 1647 1195 1716 διαφεύξη,
1256 1648 1499 1716 ἑκάστης
1560 1646 1597 1701 ἃ
1661 1647 1877 1714 πέφυκε

280 1732 582 1802 δεχόμενος
613 1735 861 1804 φύσεωςο
885 1738 982 1792 καὶ
1002 1737 1093 1791 τὸν
1123 1737 1252 1792 Υίδν
1281 1737 1379 1791 ἕνα
1401 1737 1498 1790 καὶ
1529 1738 1636 1809 πρὸ
1657 1739 1878 1792 πάντων

1969 528 2069 580 bus
2101 535 2279 576 autem
2312 520 2518 574 naturis
2556 533 2658 573 non
2685 515 2931 586 penuria,
2983 512 3076 566 sed
3124 523 3290 579 supra
3319 506 3537 562 modum

1970 618 2161 683 ingens
2219 611 2545 668 abundantia
2601 609 2876 686 copiaque
2921 603 3190 672 reperitur
3241 600 3295 654 in
3335 596 3540 654 omnia

1970 707 2175 774 Spiritu
2216 705 2306 760 Dei
2338 704 2577 774 profecta
2637 699 2943 770 Scriptura,
2973 705 3174 767 quanta
3224 691 3432 748 scilicet
3459 699 3542 746 cst

1971 804 2115 854 aeris
2146 797 2455 855 Iatediﬂ’usi
2481 796 2801 866 amplitudo.
2833 792 3014 859 Quare
3040 789 3083 845 si
3111 789 3274 845 etiam
3300 784 3547 855 pluribus

1969 910 2104 964 Opus
2138 894 2232 955 sit,
2287 901 2506 963 paratus
2539 905 2657 945 sum
2690 895 2744 942 et
2776 887 2908 941 alias
2936 883 3204 950 proferre.
3233 881 3300 935 Et
3327 877 3542 950 quidem

1971 1001 2097 1042 mox
2157 986 2284 1041 licet
2335 986 2622 1039 audiamus
2654 996 2905 1051 magnum
2964 978 3113 1031 illum
3167 974 3543 1044 philosophum

1973 1089 2133 1149 atque
2185 1088 2473 1147 martyrem
2509 1074 2804 1137 Justinum,
2828 1074 2893 1128 de
2923 1071 3112 1126 iisdem
3148 1068 3456 1134 loquentem
3495 1062 3546 1116 in

1971 1176 2110 1231 libro
2145 1176 2217 1229 De
2274 1173 2555 1238 Trinitate,
2611 1172 2790 1239 capite
2843 1167 3053 1221 decimo
3109 1163 3341 1234 septimo
3375 1160 3548 1215 :Cum

1975 1271 2232 1333 audieris,
2262 1268 2454 1336 inquit,
2485 1268 2549 1320 de
2573 1281 2678 1319 uno
2714 1263 2850 1319 Filio
2884 1274 3041 1314 voces
3063 1257 3388 1318 contrarias.
3417 1268 3554 1310 cono

1975 1363 2257 1417 venienter
2291 1361 2497 1429 partire
2556 1359 2766 1413 naturis
2815 1371 2878 1409 ea
2942 1368 3062 1424 quae
3124 1351 3373 1405 dicentur
3426 1365 3441 1402 :
3507 1338 3560 1398 si

1980 1469 2232 1524 magnum
2263 1468 2327 1507 ac
2381 1452 2625 1504 divinum
2673 1447 2896 1516 aliquid,
2929 1444 3128 1498 divinae
3161 1450 3366 1495 naturze
3397 1436 3557 1492 attri-

1979 1545 2182 1608 buens;
2244 1543 2326 1597 sin
2384 1543 2634 1613 exiguum
2681 1549 2734 1592 et
2787 1539 3104 1599 humanum,
3160 1533 3224 1586 ad
3259 1531 3555 1586 humanam

1979 1645 2227 1689 naturam
2302 1632 2563 1686 referens.
2628 1629 2718 1683 Sic
2754 1628 2898 1681 enim
2956 1634 3008 1678 et
3062 1625 3302 1694 ipsarum
3359 1634 3554 1674 vocum

1981 1723 2409 1793 discrepantiam
2457 1720 2673 1782 vitabis,
2707 1727 2898 1771 natura
2925 1712 3165 1785 qualibet
3194 1710 3298 1766 sibi
3326 1709 3564 1779 cognata

282 1797 531 1890 altiavwv,
568 1797 662 1881 καὶ
701 1797 1040 1898 πρόσφατον,
1091 1830 1235 1884 κατὰ
1298 1833 1399 1893 τὰς
1440 1797 1592 1895 θείας
1650 1832 1876 1902 Γραφὰς

1986 1817 2319 1884 recipiente:
2350 1824 2404 1869 et
2440 1829 2605 1866 nnutn
2661 1811 2856 1864 Filium
2896 1817 3004 1860 tam
3057 1812 3184 1859 ante
3233 1799 3416 1855 omnia
3454 1812 3560 1852 tta:-

280 1921 677 1990 όμολογήσεις.
699 1923 806 1974 Kal
833 1923 1006 1977 ταῦτα
1034 1925 1134 1994 μὲν
1160 1927 1187 1978 ό
1224 1926 1366 1988 θεῖος
1407 1923 1719 1989 Ἰουστίνος.
1742 1927 1798 1981 ’0
1825 1927 1881 1980 δὲ

281 2015 531 2084 χρυσοῦς
575 2016 674 2086 τὴν
712 2017 963 2085 γλῶτταν
1004 2019 1263 2088 Ἰωάννης
1291 2022 1346 2072 ἐν
1376 2022 1442 2089 τῇ
1477 2020 1748 2091 ἑρμηνείᾳ
1781 2020 1881 2088 τῆς

291 2109 434 2175 πρὸς
468 2108 740 2178 Τιμόθεον
776 2109 1122 2182 Ἐπιστολῆς,
1158 2112 1300 2166 οὕτω
1337 2113 1503 2181 φησίν
1525 2115 1618 2166 "0
1653 2113 1881 2182 μεσίτης

285 2202 640 2273 ἀμφοτέροις
674 2208 944 2269 κοινωνεῖ,
972 2199 1048 2259 ὧν
1085 2207 1202 2258 ἐστι
1238 2205 1750 2274 μεσίτης.Μεσίτου
1772 2207 1882 2276 γὰρ

283 2294 456 2348 τοῦτό
495 2298 634 2361 ἐστι,
667 2298 727 2351 τὺ
750 2299 1018 2369 ἐκατέρου
1047 2299 1329 2369 ἐχόμενον,
1368 2293 1442 2353 ὧν
1476 2302 1593 2354 ἐστι
1627 2301 1881 2370 μεσίτης,

285 2392 606 2443 κοινωνεῖν.
638 2392 749 2444 Kal
777 2393 892 2462 μετ’
928 2391 1140 2460 ὀλίγον’
1169 2393 1231 2445 Ei
1257 2391 1440 2446 τοίνυν
1476 2392 1550 2465 μὴ
1579 2393 1763 2465 ἔχεται
1785 2394 1884 2465 τῆς

283 2481 384 2535 τοῦ
433 2484 656 2555 Πατρὸς
686 2483 938 2553 φύσεως,
979 2485 1080 2538 οὐκ
1129 2483 1246 2538 ἔστι
1296 2487 1546 2556 μεσίτης,
1597 2486 1735 2540 ἀλλὰ
1780 2489 1885 2541 ἀπ-

283 2575 650 2646 εσχοίνισται.
692 2576 902 2646 Ὠσπερ
930 2576 1039 2646 γάρ
1079 2577 1179 2646 τῆς
1210 2575 1520 2648 ἀνθρώπων
1548 2578 1732 2646 ἔχεται
1772 2578 1878 2646 φύ-

284 2681 464 2728 σεως,
506 2664 697 2734 ἐπειδὴ
733 2664 871 2735 πρὸς
902 2663 1228 2736 ἀνθρώπους
1275 2667 1516 2734 ἤρχετο·
1585 2665 1730 2719 οὕτω
1789 2669 1884 2720 καὶ

283 2759 385 2825 τῆς
437 2756 538 2809 τοῦ
573 2757 735 2823 Θεοῦ,
781 2759 969 2831 ἐπειδὴ
1020 2758 1175 2829 παρὰ
1210 2759 1345 2812 Θεοῦ
1391 2761 1615 2830 ἤρχετο.
1661 2759 1884 2821 Τούτοις

282 2856 402 2915 τοῖς
434 2852 617 2921 ἁγίοις
643 2853 894 2923 Πατρὰσι
925 2854 1300 2924 συμφωνοῦσα
1322 2857 1354 2923 ἡ
1386 2855 1519 2922 ἁγία
1553 2855 1762 2924 μεγάλη
1786 2853 1886 2908 καὶ

282 2945 666 3017 οίκουμενικὴ
685 2945 909 3009 σύνοδος
941 2947 973 3014 ἡ
1008 2947 1066 2998 ὲν
1090 2945 1405 3016 Χαλκηδόνι
1433 2945 1886 3016 συναθροισθεῖσα

285 3039 430 3094 θεοῦ
477 3037 739 3109 νεύματι,
782 3039 876 3093 καὶ
932 3038 1150 3092 εὐσεϐεῖ
1201 3039 1471 3108 βασιλέων
1525 3038 1884 3107 θεσπίσματι,

286 3130 389 3186 ῐνα
423 3132 524 3185 καὶ
553 3133 649 3185 τὸν
679 3133 845 3186 αὑτὸν
873 3133 1132 3205 Χριστὸν,
1163 3133 1317 3195 Υἱὸν,
1348 3133 1553 3200 Κύριον
1589 3134 1880 3202 μονογενῆ,
1912 3159 1954 3216 c

286 3228 346 3280 έν
383 3227 488 3279 δύο
518 3225 752 3298 φύσεσιν
785 3227 1140 3296 ἀσυγχύτως.
1174 3227 1503 3295 ἀτρέπτως,
1534 3225 1881 3295 ἀδιαιρέτως,

289 3319 635 3391 ἀχωρίστως
669 3319 1080 3389 γνωριζόμενον
1108 3321 1492 3389 ἐδογμάτισεν,
1521 3317 1762 3388 οὐδαμοῦ
1786 3318 1887 3387 τῆς

286 3411 403 3463 τῶν
440 3410 664 3480 φύσεων
693 3411 960 3480 διαφορᾶς
985 3411 1394 3481 ἀναιρουμένης
1429 3409 1519 3462 διὰ
1548 3411 1645 3480 τὴν
1668 3411 1881 3465 ἓνωσιν⁶

289 3503 624 3573 σωζομένης
675 3502 731 3556 δὲ
769 3503 972 3572 μᾶλλον
1003 3503 1103 3572 τῆς
1156 3502 1422 3571 ἰδιότητος
1468 3503 1740 3572 ἑκατέρας
1781 3504 1885 3571 φύ-

289 3613 464 3658 σεως.
495 3595 591 3648 καὶ
615 3597 693 3655 είς
718 3595 777 3647 ἒν
810 3596 1106 3666 πρόσωπον
1136 3595 1230 3650 καὶ
1268 3596 1402 3665 μίαν
1434 3595 1738 3649 ὑπόστασιν
1765 3613 1887 3648 συν-

288 3689 647 3760 τρεχοιῖισης⁹
690 3689 793 3742 οὐκ
846 3690 924 3752 είς
971 3688 1065 3746 δύο
1117 3689 1389 3759 πρόσωπα
1450 3689 1810 3758 μεριζόμενον
1849 3688 1882 3759 ἢ

286 3781 711 3853 διαιρούμενον,
761 3781 899 3838 ἀλλὰ
945 3782 1040 3835 ἕνα
1077 3782 1172 3835 καὶ
1225 3783 1316 3835 τὸν
1352 3782 1517 3835 αὐτὸν
1563 3782 1692 3835 Υἱὸν
1731 3799 1891 3853 μονο-

287 3877 459 3945 γενῆ,
494 3875 634 3928 Θεὸν
662 3876 860 3943 Λόγον,
897 3875 1104 3948 Κύριον
1142 3874 1353 3948 Ἰησοῦν
1394 3875 1652 3947 Χριστόν.

373 4142 445 4196 ⁸0
487 4141 657 4196 ΚΑΘ.
701 4141 880 4204 ὐλως
933 4140 993 4194 τὸ
1044 4139 1227 4210 λέγειν
1263 4141 1358 4196 δύο
1401 4141 1612 4211 φύσεις,
1650 4141 1891 4212 ἔμφασιν

289 4234 518 4307 εἰσάγει
553 4237 873 4308 διαιρέσεως
895 4253 908 4268 ο
943 4235 1037 4290 καὶ
1068 4235 1305 4300 δέδοικα,
1358 4237 1556 4306 μήπως
1596 4235 1891 4306 φεύγοντες

291 4337 356 4390 τὸ
399 4334 502 4389 τοῦ
539 4330 818 4403 Εὑτυχοῦς
862 4331 921 4384 τδ
957 4331 1089 4402 μίαν
1137 4329 1300 4400 φύσιν
1345 4329 1546 4398 λέγειν,
1594 4332 1674 4393 εἰς
1703 4329 1763 4382 τὸ
1792 4329 1890 4383 τοῦ

293 4426 610 4498 Νεστορίου
638 4424 969 4495 ἐμπέσωμεν
1001 4421 1294 4494 βάραθρον,
1333 4421 1421 4476 διὰ
1446 4423 1544 4486 τὰς
1576 4420 1670 4475 δύο
1694 4421 1890 4491 φύσεις

291 4522 392 4576 δύο
413 4523 694 4592 πρόσωπα
718 4516 1173 4587 παρεισάγοντος.

383 4615 452 4670 '0
491 4615 695 4670 ΘΕΩΡ.
749 4611 890 4673 Ἀλλ’
923 4612 951 4664 ό
1005 4609 1300 4680 Νεστόριος
1344 4609 1438 4663 δύο
1496 4608 1688 4678 φύσεις
1736 4607 1890 4673 ἔλεγε

291 4707 748 4778 κεχωρισμένας,
781 4704 880 4774 οὐχ
907 4703 1193 4774 ἡνωμένας
1224 4704 1301 4764 είς
1333 4703 1623 4773 πρόσωπον
1668 4702 1747 4756 ἓν.
1782 4702 1893 4754 Καὶ

289 4800 460 4856 τοῦτο
483 4798 666 4869 δηλῶν
692 4799 720 4851 ὁ
751 4801 808 4850 έν
836 4797 1011 4864 ἁγίοις
1044 4794 1358 4865 Κύριλλοςι,
1383 4797 1442 4847 ὲν
1467 4797 1529 4865 τῇ
1560 4795 1694 4865 πρὸς
1722 4793 1892 4847 Εὺλό-

290 4913 419 4967 γιον
456 4892 720 4962 ἐπιστολῇ
760 4907 957 4961 φησιν’
993 4891 1152 4944 Οὕτω
1192 4890 1286 4942 καὶ
1323 4889 1414 4942 ἐπὶ
1442 4890 1761 4959 Νεστορίου,
1791 4890 1892 4942 κᾶν

291 4991 453 5057 λέγει
485 4986 582 5041 δύο
613 4987 827 5056 φύσεις,
864 4984 1147 5055 σημαίνων
1172 4985 1272 5052 τὴν
1325 4983 1591 5054 διαφορὰν
1627 4984 1727 5051 τῆς
1761 5000 1894 5052 σαρ-

295 5085 396 5148 ace;
425 5081 525 5136 καὶ
551 5080 644 5134 τοῦ
673 5078 810 5134 Θεοῦ
835 5079 1034 5146 Λόγου,
1063 5076 1248 5148 (ἑτέρα
1271 5076 1381 5144 γὰρ
1406 5078 1436 5144 ἡ
1467 5075 1557 5128 τοῦ
1582 5075 1756 5142 Λόγου
1789 5074 1892 5141 φῦ..

297 5195 411 5243 σις,
469 5175 566 5229 καὶ
610 5173 777 5241 ἑτέρα
822 5172 855 5241 ἡ
900 5171 1003 5239 τῆς
1070 5169 1330 5239 σαρκὸςσ)
1387 5168 1502 5223 ἀλλ’
1558 5172 1742 5222 οὐκέτι
1787 5170 1885 5238 τὴν

286 5271 503 5326 ινωσιν
533 5265 791 5335 ὁμολογεῖ
822 5263 944 5333 μεθ’
975 5262 1151 5332 ἡμῶν.
1190 5263 1383 5332 Ἡμεῖς
1429 5262 1538 5331 γὰρ
1589 5263 1895 5323 ἑνώσαντες

290 5365 540 5425 ταύτας,
590 5361 687 5412 ἱνα
722 5357 983 5427 Χριστὸν,
1027 5356 1124 5408 ἕνα
1158 5355 1305 5417 Υίὺν,
1335 5356 1433 5408 ’ένα
1462 5355 1666 5426 Κύριον
1699 5356 1895 5426 ὁμολο-

300 5458 542 5527 γοῦμεν,
573 5453 670 5506 καὶ
718 5451 848 5522 μίαν
891 5450 1055 5520 φύσιν
1097 5448 1193 5502 τοῦ
1222 5449 1396 5517 Λόγου
1440 5449 1891 5520 σεσαρκωμένην.

302 5551 508 5615 Βάδζε
571 5544 665 5601 οὖν
705 5546 794 5610 σὺ,
834 5543 978 5597 κατᾶ
1033 5544 1134 5612 τὴν
1186 5542 1280 5595 τοῦ
1331 5542 1496 5610 σοφοῦ
1552 5541 1895 5612 Σολομῶντος

300 5647 721 5719 παραγγελίαν,
759 5643 896 5713 μήτε
926 5641 1005 5703 είς
1035 5639 1101 5694 τὰ
1137 5639 1309 5705 δεξιὰ,
1343 5639 1481 5710 μήτε
1537 5639 1616 5700 είς
1655 5637 1724 5690 τὰ
1774 5640 1896 5708 ἀρι-

304 5740 503 5812 στερὰ,
523 5738 664 5792 ἀλλὰ
685 5736 784 5807 τὴν
808 5733 981 5805 μέσην
1013 5733 1108 5786 καὶ
1140 5732 1430 5802 βασιλικὴν
1457 5733 1594 5786 ὁδόν.
1613 5732 1894 5802 Τέσσαρες

303 5839 420 5896 γάρ
457 5837 591 5888 εἰσιν
641 5831 883 5899 αἱρέσεις
918 5831 981 5883 ἐκ
1015 5829 1306 5897 διαμέτρου
1357 5827 1617 5896 ἀλλήλαις
1654 5829 1893 5898 μαχόμε-

1904 3770 1905 3773 ‘
1993 3771 2276 3829 perennant
2330 3766 2385 3811 et
2432 3771 2592 3809 unam
2641 3753 2955 3826 hypostasin
3013 3761 3242 3806 coeunte
3288 3767 3303 3804 :

1983 1908 2123 1970 cuia,
2149 1922 2308 1977 quam
2345 1920 2533 1959 recens
2563 1912 2742 1958 ortum
2761 1900 2913 1968 juxta
2942 1898 3183 1952 Litteras
3210 1907 3398 1949 sacras
3423 1905 3560 1944 con-

1987 2000 2252 2055 ﬁtebcris.
2283 1997 2410 2053 Hac
2439 1997 2656 2052 divinus
2691 1995 2778 2050 ille
2803 1992 3072 2049 Justinus.
3108 1988 3348 2046 Joannes
3380 1993 3560 2038 autem

1985 2095 2426 2166 Chrysostomus,
2475 2091 2528 2145 in
2569 2087 2821 2160 Epistolaa
2845 2087 2911 2140 ad
2944 2084 3291 2139 Timotheum
3345 2077 3563 2154 scriptae

1986 2187 2438 2258 interpretatione
2499 2185 2581 2240 sic
2629 2184 2704 2237 ait
2737 2199 2754 2237 :
2789 2180 3057 2236 Mediator
3093 2175 3377 2231 amborum
3429 2185 3566 2224 con-

1985 2296 2106 2336 sors
2133 2288 2252 2344 est,
2321 2293 2555 2349 quorum
2622 2275 2833 2332 scilicet
2882 2279 2964 2328 est
3016 2268 3301 2325 mediator.
3354 2264 3564 2332 Quippe

1986 2375 2299 2429 mediatoris
2332 2382 2432 2437 est,
2485 2381 2543 2426 ut
2576 2369 2897 2439 coniunctus
2931 2382 3119 2422 eorum
3163 2363 3396 2433 utrique,
3431 2375 3567 2431 quo-

1988 2484 2108 2522 rum
2161 2467 2427 2522 mediator
2467 2475 2573 2531 est,
2626 2462 2932 2534 participet.
2979 2460 3057 2515 Ac
3087 2457 3247 2528 paulo
3279 2463 3400 2526 post
3446 2471 3460 2508 :
3505 2454 3563 2508 Si

1986 2576 2117 2630 ergo
2175 2575 2282 2615 non
2322 2557 2643 2627 conjunctus
2674 2564 2757 2609 est
2787 2569 2912 2608 cum
2949 2561 3141 2610 natura
3196 2548 3400 2614 Patris,
3454 2562 3564 2602 non

1987 2659 2071 2706 est
2100 2650 2390 2716 mediator,
2450 2649 2543 2703 sed
2571 2656 2653 2701 est
2703 2647 2772 2700 ab
2830 2660 2895 2700 eo
2926 2650 3232 2708 separatus.
3289 2639 3568 2708 Quemad-

1992 2744 2208 2797 modum
2238 2742 2382 2797 enitn
2428 2757 2546 2795 cum
2580 2727 2858 2794 hominum
2887 2747 3084 2806 natura
3109 2734 3432 2804 coniunctus
3460 2726 3568 2802 est,

1989 2837 2245 2908 quoniam
2280 2835 2345 2888 ad
2385 2833 2632 2889 homines
2659 2832 2803 2886 venit
2831 2846 2845 2886 :
2881 2831 2952 2886 ita
2989 2837 3044 2884 et
3073 2843 3195 2884 cum
3229 2827 3320 2882 Dei
3349 2837 3567 2890 natura,

1991 2931 2247 2999 quoniam
2282 2942 2312 2980 a
2350 2926 2458 2982 Deo
2486 2926 2654 2981 venit.
2713 2925 2847 2980 Cum
2880 2923 3032 2978 hisce
3081 2922 3286 2976 sanctis
3316 2919 3566 2976 Palribtts

1988 3022 2335 3077 consentiens
2376 3028 2563 3073 sancta
2623 3016 2732 3080 illa,
2783 3027 3088 3082 magnaque
3133 3021 3186 3066 et
3242 3010 3574 3065 universalis
3628 3037 3633 3042 -

1989 3117 2248 3186 synodus,
2285 3111 2626 3167 Chalcedone
2655 3118 2784 3162 nutu
2843 3105 2935 3160 Dei
2984 3106 3180 3174 pioque
3206 3103 3425 3160 decreto
3457 3103 3569 3152 Au-

1989 3215 2266 3274 gustorum
2295 3208 2642 3270 congregata,
2687 3198 2878 3254 Statuit
2904 3211 3064 3248 unum
3088 3203 3143 3249 et
3174 3187 3422 3248 eumdem
3450 3206 3570 3244 esse

1989 3297 2286 3358 Christum,
2315 3292 2533 3357 Filium,
2571 3290 2880 3354 Dominum,
2915 3276 3237 3357 Unignenam,
3271 3284 3322 3336 in
3359 3281 3570 3338 naturis

1990 3389 2199 3442 duabus
2225 3387 2360 3441 citra
2393 3384 2791 3445 confusionem,
2817 3381 3188 3442 mutationem.
3219 3375 3564 3436 divisionem,

1991 3481 2389 3549 separatiOnem
2426 3478 2738 3549 adagnitutn
2791 3493 2806 3530 :
2860 3487 3200 3544 nequaquam
3253 3482 3568 3525 naturarum

1992 3575 2303 3630 discrimine
2354 3571 2564 3636 sublato
2618 3578 2839 3640 propter
2894 3567 3214 3630 unitionem,
3280 3563 3372 3618 sed
3422 3561 3570 3617 salva

1991 3666 2169 3733 potius
2221 3664 2551 3731 proprietate
2603 3661 2883 3729 utriusque
2929 3668 3154 3723 naturae,
3204 3671 3268 3712 ac
3304 3656 3357 3710 in
3408 3669 3568 3708 unam

3349 3765 3452 3802 non
3516 3748 3569 3802 in

1993 3852 2127 3904 duas
2161 3865 2419 3918 personas
2455 3848 2712 3916 partitum
2752 3845 2832 3902 vel
2885 3846 3142 3906 divisum,
3187 3846 3278 3899 sed
3315 3859 3481 3898 unum
3517 3853 3572 3898 et

1992 3944 2240 3998 eumdem
2269 3941 2465 3996 Filium
2498 3943 2810 4010 unigenam,
2865 3939 3030 3994 Deum
3077 3938 3422 4003 Sermonem,
3467 3937 3569 3994 Do-

1995 4039 2200 4094 minum
2231 4037 2414 4094 Jesum
2447 4036 2750 4092 Christum.

2066 4145 2225 4203 GEN.
2289 4145 2523 4201 Omnino
2553 4143 2718 4209 fduas
2783 4141 2967 4198 dicere
3015 4149 3276 4209 naturas,
3335 4143 3572 4211 speciem

1993 4242 2282 4312 quamdam
2308 4237 2590 4293 divisionis
2619 4235 2913 4292 introducit
2945 4252 2960 4289 :
2999 4251 3061 4290 ac
3092 4250 3276 4288 Vereor
3301 4234 3580 4305 equidem,

1994 4352 2063 4393 ne
2099 4335 2335 4392 devitato
2369 4331 2733 4404 Eutychetisis
2763 4331 3045 4396 barathro,
3093 4331 3236 4399 quod
3277 4339 3361 4384 est
3408 4345 3569 4383 unam

1995 4416 2242 4484 nat-uram
2282 4429 2484 4495 dicere,
2540 4428 2589 4480 in
2642 4425 2874 4482 Nestorii
2904 4425 3213 4480 barathrum
3248 4424 3570 4490 incidamus,

1916 4524 1969 4584 D
1998 4540 2095 4596 per
2122 4523 2256 4578 duas
2289 4533 2532 4585 naturas,
2558 4519 2694 4574 duas
2719 4535 2980 4589 personas
3010 4518 3434 4572 introducentes.

2066 4615 2323 4671 'I‘HEOR.
2371 4614 2655 4669 Nestorius
2686 4629 2815 4666 vero
2848 4613 2982 4665 duas
3021 4623 3246 4664 naturas
3296 4620 3582 4678 separatas

1994 4711 2194 4774 aiebat,
2246 4724 2348 4762 non
2402 4708 2581 4760 unitas
2627 4707 2678 4760 in
2728 4719 2886 4758 unam
2918 4717 3224 4772 personam.
3257 4703 3430 4772 Atque
3469 4699 3573 4758 hoc

1996 4819 2129 4858 sane
2185 4804 2451 4856 denotatis
2505 4797 2868 4856 sanetus‘ille
2925 4796 3265 4867 Cyrillus,lu
3318 4796 3571 4863 epistola,

1995 4914 2156 4967 quam
2193 4896 2257 4949 ad
2291 4895 2569 4965 Eulogium
2622 4893 2862 4961 scripsit,
2913 4895 3032 4945 ait:
3077 4889 3170 4944 Sic
3219 4900 3272 4944 et
3304 4891 3357 4943 in
3411 4904 3572 4944 causa

1995 4987 2252 5041 Nestorii.
2286 4986 2547 5052 Quamvis
2579 4987 2716 5038 duas
2749 4994 2994 5044 naturas,
3049 4982 3342 5036 discrimen
3395 4985 3574 5036 carnis

1996 5090 2051 5132 et
2085 5079 2367 5134 Sermonis
2406 5078 2744 5147 signiﬁcans,
2773 5077 2914 5130 dicat
2948 5077 3072 5146 (alia
3102 5093 3331 5145 namque
3377 5087 3578 5131 natura.

1997 5156 2280 5226 Sermonis
2301 5183 2404 5234 est,
2433 5171 2534 5224 alia
2559 5169 2782 5240 carnis),
2809 5169 3060 5224 unionem
3088 5179 3265 5224 tamen
3291 5169 3571 5223 nobiscum

1999 5282 2102 5317 tton
2138 5265 2444 5318 conﬁtetur.
2494 5262 2601 5318 Nos
2630 5263 2774 5315 enim
2809 5262 2892 5314 his
2935 5261 3132 5322 unitis,
3198 5277 3362 5314 unum
3415 5259 3574 5314 Citri-

1997 5366 2167 5420 Sltllll,
2220 5373 2381 5409 unum
2413 5353 2631 5418 Filium,
2667 5369 2831 5407 unum
2881 5352 3168 5405 Dominum
3214 5352 3572 5414 conﬁtentur;

1997 5466 2159 5504 unam
2212 5450 2441 5519 denique
2490 5458 2737 5501 naturam
2778 5446 3058 5500 Sermonis
3104 5447 3466 5501 incantatam.
3494 5440 3574 5498 Tu

1998 5545 2180 5615 igitur,
2213 5544 2365 5613 juxta
2416 5542 2674 5611 sapientis
2705 5541 2848 5597 illius
2897 5542 3200 5597 Salomonis
3254 5539 3579 5594 admonitio-

1997 5654 2141 5704 nem,
2175 5651 2273 5690 nec
2308 5635 2373 5688 ad
2403 5635 2678 5689 sinistram
2709 5632 2998 5689 incesseris
3020 5672 3037 5698 ,
3069 5633 3162 5688 sed
3194 5629 3370 5686 media
3401 5630 3575 5699 regia-

1996 5745 2101 5801 que
2133 5731 2239 5783 via.
2284 5728 2424 5782 Sunt
2459 5728 2601 5782 enim
2635 5738 2868 5799 quatuor
2899 5728 3137 5781 haereses
3189 5739 3257 5780 ex
3313 5722 3580 5779 diametro

1996 5826 2138 5879 inter
2169 5838 2227 5877 se
2292 5831 2595 5892 pugnantes
2637 5838 2651 5875 :
2685 5821 2803 5876 dua:
2833 5821 2896 5876 de
2924 5818 3225 5876 divinitate.
3275 5831 3337 5870 ac
3370 5814 3487 5871 dua:
3513 5816 3582 5872 d6
