4084 6194
250 318 355 385 153

243 547 432 598 φυσις.

328 625 392 678 '0
430 626 590 682 ΚΑΘ.
637 629 776 695 Ἐγὼ
807 631 908 685 οὐκ
954 632 1303 704 ἐπελαθόμην
1343 634 1455 686 τῶν
1485 634 1598 688 ἄνω
1643 635 1838 706 ρηθέν-

243 735 356 771 των
406 721 708 792 παρατοῦ
754 725 909 790 ἁγίου
961 727 1254 798 Κυρίλλςυ,
1315 728 1557 795 ὁπηνίκα
1615 729 1838 796 ἔλεγενο

257 811 479 869 Ὀποίὁν
519 833 571 868 τι
599 819 790 888 χρῆμά
839 822 987 872 ἑστιν
1017 825 1044 874 6
1076 821 1362 892 ἄνθρωπος
1413 826 1478 875 ὲκ
1521 824 1697 893 ψυχῆς
1745 825 1839 878 καὶ

244 905 530 975 σώματος.
568 909 880 982 Ἔτεροειδῆ
917 913 1016 984 μὲν
1050 914 1159 986 γὰρ
1181 916 1250 967 τὰ
1274 917 1527 981 τοιαῦτα,
1552 918 1649 969 καὶ
1677 916 1842 988 ἀλλή-

243 1000 363 1061 lor;
395 1002 494 1070 οὐχ
523 1002 812 1072 ὀμοούσια,
844 1006 1184 1075 ἐνωθένταγε
1237 1007 1343 1078 μὴν
1378 1008 1507 1078 μίαν
1547 1009 1838 1079 ἀνθρώπου

243 1091 419 1160 φύσιν
473 1095 834 1150 ἀπετέλεσαν.
884 1098 1016 1151 Ἰδοὺ
1067 1099 1162 1152 δύο
1206 1099 1397 1166 φύσεις
1445 1101 1541 1153 καὶ
1580 1100 1836 1164 ἐνταῦθα,

241 1188 402 1259 ψυχὴ
429 1191 521 1241 καὶ
554 1191 733 1260 σῶμα.
775 1193 880 1245 Καὶ
911 1192 1034 1245 οὔτε
1067 1195 1098 1262 ἡ
1130 1195 1275 1264 ψυχὴ
1315 1197 1395 1257 είς
1421 1196 1673 1265 σώματος
1712 1213 1843 1264 μετ-

241 1282 463 1352 expia-tr;
527 1285 712 1352 φύσιν.
747 1284 872 1339 οὔτε
904 1288 961 1340 τὸ
991 1288 1150 1358 σῶμα
1182 1291 1262 1350 είς
1293 1289 1458 1356 φύσιν
1491 1289 1669 1359 ψυχῆς
1707 1307 1836 1358 p.51:-

241 1378 534 1446 εχὼρησεν
565 1393 580 1408 ο
630 1379 754 1431 ἀλλ”
787 1381 1070 1450 ἑκατέρων
1112 1384 1170 1435 ὲν
1203 1385 1319 1447 τοῖς
1373 1383 1524 1445 ἰδίοις
1569 1384 1840 1453 μενόντων

237 1469 416 1533 ὅροις.
447 1472 544 1540 μία
576 1474 640 1525 ὲκ
669 1473 874 1529 τούτων
923 1474 1087 1545 φὺσις
1137 1477 1497 1546 ἀπετελέσθη.
1546 1478 1658 1530 Οὐκ
1692 1476 1842 1530 ἔστιν

238 1562 340 1615 οὖν
374 1563 486 1618 τῶν
514 1567 847 1634 ἁνεφίκτων,
885 1569 950 1621 ὲκ
983 1569 1079 1622 δῦο
1124 1570 1342 1638 φύσεων
1386 1571 1514 1641 μίαν
1558 1569 1720 1637 φύσιν
1745 1587 1840 1638 γε-

240 1657 462 1712 νέσθαι.
509 1659 642 1713 Ἰδοὺ
673 1661 800 1733 γὰρ,
833 1661 924 1715 ἐπὶ
949 1661 1046 1734 τῆς
1081 1659 1385 1726 συνθέσεως
1415 1661 1512 1716 τοῦ
1545 1661 1838 1733 ἀνθρώπου

238 1749 406 1802 τοῦτο
433 1752 606 1807 ἐστιν.

247 1959 389 2004 σεως
419 1945 502 2006 εἰς
524 1945 685 1998 τοῦτο
714 1945 876 2012 μόνον
899 1945 1110 2015 ἐλήφθη
1155 1946 1232 2016 τῷ
1261 1947 1402 2014 ἁγίῳ
1435 1945 1687 2015 Κυρίλ).ῳ
1713 1988 1726 2010 ,
1756 1946 1837 2008 είς

240 2035 305 2086 τὸ
343 2034 538 2098 δεῖξαι,
590 2037 674 2089 ὅτι
713 2036 939 2090 δυνατόν
989 2039 1141 2090 ἐστιν
1197 2039 1261 2094 ὲκ
1295 2036 1388 2089 δύο
1431 2037 1526 2089 καὶ
1562 2037 1839 2106 διαφόρων

242 2128 468 2194 ςύσεων
496 2129 626 2197 μίαν
661 2129 916 2197 γενέσθαι
963 2129 1289 2191 ὑπόστασιν,
1334 2124 1527 2199 ὥσπερ
1561 2131 1628 2182 ὲκ
1660 2128 1840 2198 ψυχῆς·

244 2223 342 2274 καὶ
387 2224 669 2291 σώματος,
701 2226 726 2276 6
763 2225 991 2292 Πέτρος,
1019 2225 1258 2296 τυχὸν,ἣ
1291 2224 1320 2276 ὁ
1358 2225 1587 2288 Παῦλος.
1609 2225 1698 2290 Τῷ
1731 2224 1840 2294 γὰρ

240 2313 534 2386 Νεστορίῳ
577 2315 889 2385 μαχομένῳ,
928 2315 1193 2370 ἀδύνατον
1223 2315 1434 2384 λέγοντι
1475 2318 1537 2369 ἐκ
1562 2316 1839 2385 διαφόρων

239 2412 468 2480 φύσεων
517 2409 651 2478 μίαν
673 2410 932 2478 γενέσθαι
963 2409 1290 2474 ὑπόστασιν,
1331 2410 1427 2462 καὶ
1454 2409 1542 2462 διὰ
1565 2400 1724 2462 τοῦτο
1760 2409 1840 2468 είς

239 2505 338 2558 δύο
375 2505 670 2574 Χριστοῦς,
719 2508 813 2556 καὶ
847 2503 945 2558 δύο
993 2505 1163 2567 υἱοὺς,
1198 2505 1289 2556 τὸν
1329 2503 1427 2556 ἕνα
1475 2503 1709 2572 Χριστὸν
1741 2501 1839 2553 καὶ

240 2600 552 2668 ἀμέριστον
578 2597 830 2666 ἀφρόνως
861 2596 1320 2667 καταμερίζοντι,
1355 2597 1536 2667 ἦγαγε
1565 2597 1626 2648 τὺ
1655 2596 1836 2664 παρὰ·

239 2693 446 2761 ιῖεεγμα
487 2689 583 2742 τοῦ
629 2687 944 2760 ἀνθρώπου,
989 2691 1071 2752 είς
1103 2689 1164 2742 τὸ
1196 2689 1386 2755 δεῖξαι,
1422 2690 1507 2742 ὅτι
1553 2686 1743 2756 ὥσπερ
1775 2689 1838 2739 ἐκ

239 2786 427 2855 ψυχῆς
453 2783 552 2837 καὶ
588 2782 837 2851 σώματος
873 2781 1160 2852 ἄνθρωπος
1189 2776 1291 2845 εἷς,
1334 2780 1509 2843 οὓτως
1542 2782 1606 2833 ὲκ
1642 2779 1834 2850 θεότη-

239 2894 338 2938 ;;ος
369 2875 466 2928 καὶ
499 2873 927 2944 ἁνθρωπότητος
954 2871 1034 2933 εἷς
1064 2873 1318 2942 Χριστός.
1353 2873 1415 2924 Εί
1457 2871 1512 2924 δὲ
1541 2871 1726 2946 βούλῃ,
1761 2868 1838 2922 ετ.

245 2981 445 3031 πωμεν
479 2966 574 3016 καὶ
598 2962 698 3033 τὴν
731 2963 933 3024 αἰτίαν,
973 2961 1040 3015 δι’
1070 2963 1136 3033 ἣν
1166 2964 1258 3016 ἐπὶ
1289 2961 1389 3031 μὲν
1416 2962 1510 3014 τοῦ
1547 2962 1833 3032 ἀνθρώπου

244 3056 347 3110 τοῦ
373 3058 436 3110 ὲκ
463 3057 642 3126 ψυχῆς
687 3055 1052 3127 συγκειμένου
1097 3054 1194 3108 καὶ
1231 3053 1503 3125 σώματος,
1541 3056 1703 3124 φύσις
1735 3054 1833 3123 μία

1604 339 2065 400 DlSl’UTATlO
2109 339 2158 401 Ι.

325 439 384 489 Ὁ
415 440 612 494 ΘΕΩΡ.
649 444 773 498 Ὅτι
806 447 906 499 οὐκ
935 447 1078 501 ἐστιν
1110 448 1143 519 ή
1181 446 1320 520 σὰρξ
1346 449 1439 502 καλ⁵
1475 448 1502 501 6
1532 449 1701 517 Λόγος
1738 450 1832 520 μία
1867 455 1908 511 Α

3421 343 3525 406 154

2009 450 2265 506 THEOR.
2299 453 2532 521 Carnem
2566 463 2622 508 et
2667 455 2986 510 Sermonem
3035 470 3141 509 non
3199 472 3362 510 unam
3408 473 3535 514 esse

1945 555 2216 598 ltaturattt.

2017 637 2178 694 GEN.
2225 639 2487 707 Equidem
2539 655 2644 692 non
2688 640 2887 694 oblitus
2936 657 3052 695 sum
3103 658 3290 699 eorum
3342 658 3464 714 qua:
3498 660 3530 698 a

1944 744 2133 783 sancto
2185 731 2390 801 Cyrillo
2427 734 2630 800 prolata
2685 743 2810 786 sunt
2866 744 3042 796 antea,
3093 752 3215 788 cum
3270 738 3525 791 diceret:

1943 826 2112 890 Quale
2156 826 2411 892 qniddttn
2460 837 2541 880 est
2595 827 2790 890 homo,
2841 843 2906 880 ex
2960 827 3142 882 animo
3192 831 3267 882 ρι’
3297 844 3528 899 corpore

1944 927 2223 974 constans.
2281 917 2414 971 Nam
2447 935 2509 974 ea
2547 919 2776 973 diversae
2806 929 2936 972 sunt
2971 919 3182 984 forum,
3231 937 3331 976 nec
3362 921 3526 991 ejus-

1944 1009 2063 1060 dem
2117 1007 2258 1085 inter
2306 1021 2366 1062 se
2422 1007 2738 1062 substantia:
2771 1026 2786 1063 :
2819 1023 3006 1062 verum
3041 1011 3226 1077 unita,
3270 1020 3522 1066 naturam

1945 1100 2185 1155 hominis
2239 1116 2399 1154 unam
2441 1100 2748 1156 absolvunt.
2801 1101 2878 1156 En
2908 1103 3000 1158 hic
3045 1120 3263 1174 quoque
3316 1114 3524 1161 naturae

1941 1194 2100 1258 duae,
2150 1194 2328 1248 anima
2372 1202 2427 1250 et
2476 1209 2696 1264 corpus.
2743 1193 2932 1266 Neque
2975 1207 3154 1250 tamen
3202 1197 3305 1251 vel.
3342 1198 3523 1252 anima

1941 1287 2191 1356 corporis
2235 1287 2288 1341 in
2341 1298 2594 1342 naturam
2639 1303 2901 1344 conversa
2937 1299 3041 1352 est,
3093 1305 3193 1344 nec
3230 1305 3423 1356 corpus
3466 1291 3521 1344 in

1943 1381 2138 1435 anima:
2171 1389 2420 1434 naturam
2469 1383 2731 1436 transiit:
2761 1383 2856 1437 sed
2898 1382 3162 1437 ambobus
3205 1384 3347 1438 intra
3389 1383 3526 1438 ﬁnes

1941 1487 2068 1526 Suos
2101 1472 2470 1535 manentibus,
2506 1487 2612 1525 una
2647 1473 2714 1528 de
2753 1473 2834 1527 his
2878 1472 3122 1526 absoluta
3177 1483 3370 1528 natura
3417 1487 3522 1529 est.

1944 1563 2127 1632 Itaque
2173 1579 2276 1618 non
2312 1574 2393 1619 est
2425 1579 2487 1617 ex
2539 1579 2728 1618 eorum
2783 1579 3011 1618 numero
3078 1580 3197 1634 qua:
3241 1564 3378 1630 ,fieri
3428 1581 3526 1620 ne-

1941 1669 2166 1725 queunt,
2216 1673 2280 1712 ex
2332 1658 2540 1712 duabus
2597 1658 2808 1712 naturis
2863 1673 3026 1710 ttnam
3078 1658 3196 1712 ﬁeri
3250 1669 3523 1714 naturam.

1905 1810 1910 1814 ,
1943 1749 2077 1804 Νίκη
2112 1765 2240 1805 ecce
2272 1751 2370 1805 hoc
2401 1751 2454 1804 in
2487 1750 2722 1804 hominis
2753 1761 2838 1804 est.
2873 1752 3288 1820 compositioxte.

327 1843 392 1898 Ὀ
428 1846 625 1900 ΘΕΩΡ.
662 1849 734 1901 Τὸ
763 1828 1117 1919 παράδειγμα
1154 1849 1256 1919 τῆς
1290 1851 1412 1904 καθ’
1457 1851 1604 1922 ἡμᾶς
1635 1851 1834 1904 συνθέ-
1870 1812 1910 1869 Β

2017 1842 2275 1899 THEOR.
2325 1845 2645 1912 Exemplum
2699 1845 2826 1898 illud
2879 1856 3077 1900 nostra:
3118 1845 3526 1916 compositionis

1940 1942 2005 1994 ad
2038 1940 2140 1992 huc
2187 1939 2453 1994 duntaxat
2501 1955 2530 1992 a
2583 1949 2771 1992 saneto
2807 1939 3009 2012 Cyr-illo
3043 1951 3125 1994 est
3179 1947 3523 2010 usurpatum.

1942 2045 1998 2085 ut
2024 2035 2356 2098 ostenderet,
2407 2047 2564 2100 posse
2593 2034 2657 2086 de
2691 2031 2901 2086 duabus
2940 2048 3006 2086 ac
3037 2032 3268 2088 diversis
3314 2032 3524 2085 naturis

1943 2138 2106 2178 unam
2156 2125 2468 2194 hypostasin
2499 2122 2616 2178 ﬁeri
2653 2142 2666 2178 :
2697 2122 2839 2177 sicut
2869 2139 2934 2176 ex
2965 2124 3148 2177 animo
3177 2132 3232 2177 et
3270 2137 3521 2193 corpore,

1940 2218 2139 2272 Petrus
2199 2217 2344 2272 verbi
2399 2217 2609 2289 gratia,
2669 2217 2750 2270 vel
2801 2215 3026 2272 Paulus.
3074 2217 3327 2286 Pugnans
3373 2215 3526 2271 enim

1939 2319 2130 2366 contra
2166 2308 2500 2372 Nestorium,
2534 2309 2624 2377 qui
2661 2308 2776 2362 ﬁeri
2812 2324 2968 2378 posse
2997 2317 3224 2377 negaret
3259 2323 3416 2360 unam
3453 2322 3521 2360 ex

1942 2405 2174 2459 diversis
2210 2404 2421 2457 naturis
2457 2403 2796 2475 hypostasin,
2832 2403 3062 2468 ideoque
3096 2401 3147 2454 in
3183 2401 3321 2456 duos
3360 2399 3523 2456 Chri-

1940 2513 2077 2564 stos,
2124 2509 2176 2552 et
2212 2501 2349 2552 duos
2387 2495 2576 2560 Filios,
2607 2513 2772 2550 unum
2820 2507 2871 2550 et
2925 2496 3308 2566 impartibilcm
3357 2496 3524 2552 Chrio

1941 2610 2083 2651 stum
2123 2595 2284 2648 stulte
2316 2592 2620 2658 divideret;
2669 2589 2904 2645 hominis
2933 2589 3235 2660 exemplum
3267 2581 3522 2656 adduxit,

1944 2698 2000 2743 ut
2041 2687 2379 2750 ostenderet,
2410 2685 2866 2754 quemadmodum
2898 2698 2962 2737 ex
2998 2683 3177 2737 anima
3210 2690 3264 2736 et
3295 2695 3526 2753 corpore

1941 2791 2157 2836 censtet
2187 2794 2326 2833 unus
2351 2778 2537 2842 homo,
2595 2778 2674 2832 sic
2701 2793 2764 2831 ex
2811 2777 2990 2831 divina
3039 2775 3383 2844 humanaque
3425 2791 3526 2830 na-

1944 2885 2063 2927 tura
2106 2873 2387 2928 Christum
2420 2886 2585 2926 unum
2614 2871 2901 2925 exsistere.
2943 2869 3289 2937 Exponamus
3318 2877 3372 2922 et
3395 2882 3528 2922 cau-

1944 2982 2082 3032 sam,
2117 2966 2160 3018 si
2188 2965 2390 3035 placet,
2426 2965 2493 3018 ob
2537 2978 2700 3033 quam
2738 2965 2793 3014 in
2848 2962 3068 3014 homine
3109 2959 3412 3028 composito
3455 2975 3523 3014 ex

1945 3057 2125 3112 anima
2183 3066 2267 3114 et)
2289 3071 2560 3126 corpore,
2625 3065 2815 3108 natura
2875 3055 3089 3107 dicatur
3145 3068 3271 3105 una.
3315 3051 3524 3120 Quippe

240 3152 495 3217 λέγεται.
545 3152 797 3219 Λέγομεν
841 3151 970 3220 γὸρ,
1009 3151 1122 3216 Τὴν
1175 3150 1336 3216 φύσιν
1379 3149 1489 3202 τῶν
1536 3148 1837 3216 ἀνθρώπων

1947 3153 2202 3212 dicimus,
2231 3161 2485 3202 naturam
2514 3149 2803 3201 humanam
2830 3161 2857 3198 a
2887 3146 3109 3199 Christo
3139 3147 3520 3210 instauratant,

249 3243 600 3295 ivaxaivwsv
648 3243 676 3294 6
719 3241 982 3311 Χριστὸς,
1031 3244 1092 3293 οὐ
1149 3240 1406 3308 λέγομεν,
1464 3241 1563 3304 τὰς
1618 3241 1834 3306 φύσεις.

259 3334 425 3388 Ἀλλὰ
471 3336 560 3386 καὶ
591 3335 722 3388 ὅταν
749 3336 793 3386 oi
823 3334 956 3386 θεῖοι
984 3334 1227 3400 Πατέρες
1253 3332 1347 3385 δύο
1375 3332 1564 3401 φύσεις
1593 3333 1841 3402 λέγουσιν

244 3428 343 3481 ἐπὶ
371 3429 464 3480 τοῦ
497 3427 760 3497 Χριστοῦ,
787 3429 892 3498 τὴν
914 3426 1094 3496 ψυχὴν
1140 3428 1233 3478 καὶ
1277 3426 1340 3479 τὸ
1382 3426 1544 3497 σῶμα
1581 3427 1656 3490 ὡς
1705 3429 1836 3497 μίαν

235 3522 418 3589 φύσιν
442 3520 838 3592 λαμϐάνουσιν.
880 3519 1002 3572 Ἐπὶ
1031 3518 1086 3571 δὲ
1110 3518 1202 3572 τοῦ
1226 3518 1466 3591 Χριστοῦ
1521 3521 1652 3590 μίαν
1679 3520 1840 3589 φύσιν

243 3616 434 3683 λέγειν
454 3613 778 3670 κεκώλυται.

336 3709 400 3763 Ὀ
434 3708 591 3762 ΚΑΘ.
646 3708 919 3778 Βούλομαι
964 3708 1160 3778 μαθεῖν
1211 3707 1430 3778 πρῶτον
1478 3705 1627 3779 παρὰ
1675 3707 1841 3762 τίνων

247 3803 564 3858 κεκώλυται
603 3802 736 3872 μίαν
785 3802 948 3870 φύσιν
970 3803 1154 3870 λέγειν
1183 3804 1280 3855 ἐπὶ
1317 3803 1409 3855 τοῦ
1450 3800 1711 3870 Χριστοῦ,
1745 3804 1841 3855 καὶ

247 3904 374 3953 τότε
415 3900 505 3950 καὶ
537 3900 638 3967 τὴν
669 3899 850 3951 αἰτίαν
879 3897 948 3951 δι’
979 3899 1046 3968 ἢν
1084 3898 1243 3951 τοῦτο
1305 3898 1640 3958 κεκώλυται,
1676 3899 1844 3949 ἀκου-

252 3992 488 4062 σόμεθα,
525 3994 571 4045 εί
603 3992 755 4044 δοκεῖ
783 4008 798 4022 ”
838 3991 960 4061 ἐμοὶ
998 3992 1111 4062 γὰρ
1136 3992 1198 4044 οὐ
1234 3991 1384 4044 δοκεῖ
1424 3991 1505 4044 ὅτι
1534 3989 1843 4046 κεκώλυται

253 4086 410 4154 παρά
437 4101 580 4146 τινος
607 4083 716 4136 τῶν
745 4082 918 4152 ἁγίων
957 4085 1247 4154 Πατέρων.

338 4179 397 4233 Ὀ
432 4179 627 4231 ΘΕΩΡ.
681 4177 816 4231 ’Δπὸ
849 4177 944 4230 τοῦ
990 4177 1174 4245 λέγειν
1215 4176 1311 4231 δύο
1358 4178 1575 4247 φύσεις,
1610 4180 1842 4246 νοεῖται,

249 4274 335 4328 ὅτι
362 4273 428 4325 οὐ
460 4271 581 4344 μία.
608 4270 672 4324 El
702 4271 814 4340 γὰρ
850 4269 964 4336 δύο,
1019 4271 1081 4324 οὐ
1119 4271 1255 4341 μία·
1293 4274 1344 4326 εἰ
1387 4271 1444 4324 δὲ
1482 4272 1601 4341 μία,
1634 4274 1696 4326 οὐ
1725 4272 1844 4327 δύο.

343 4457 402 4510 Ὀ
429 4455 593 4510 ΚΑΘ.
635 4452 999 4507 Ἀπδ’τοὺτου
1051 4452 1212 4525 μόνον
1249 4452 1431 4521 λέγεις
1478 4455 1560 4507 ὅτι
1594 4455 1843 4508 κεκώλυ-

1944 3260 2047 3296 non
2104 3252 2285 3294 autem
2316 3281 2329 3302 ,
2390 3249 2614 3293 naturas
2666 3236 3019 3290 instauratus.
3070 3233 3258 3287 itidem
3309 3232 3524 3303 qttOties

1943 3332 2046 3382 diti
2076 3329 2265 3383 Patres
2291 3328 2426 3382 duas
2459 3335 2680 3380 naturas
2710 3326 2762 3378 in
2797 3325 3014 3378 Christo
3049 3323 3257 3387 dicunt,
3283 3324 3518 3376 animam

1939 3433 1993 3474 et
2019 3436 2238 3490 corpus,
2276 3434 2441 3473 unam
2475 3429 2725 3472 naturam
2757 3418 3074 3485 accipiunt;
3128 3425 3183 3468 at
3226 3417 3275 3470 in
3305 3415 3524 3471 Christo

1940 3524 2186 3568 natumut
2217 3530 2379 3567 ttttattt
2412 3514 2599 3566 dicere
2634 3512 2964 3580 prohibitum
2998 3520 3102 3564 est.

2014 3713 2172 3769 GEN.
2201 3713 2547 3784 Cognoscere
2596 3714 2828 3782 primum
2877 3712 3078 3780 cupio,
3137 3729 3165 3766 a
3213 3712 3408 3781 quibus
3455 3712 3526 3767 sit

1949 3807 2280 3877 prohibitum
2308 3816 2556 3859 naturam
2588 3821 2746 3860 unam
2778 3805 2827 3858 in
2853 3805 3070 3859 Christo
3101 3805 3302 3872 dicere,
3333 3805 3526 3860 deinde

1940 3916 2162 3955 causam
2195 3901 2262 3954 ob
2294 3914 2458 3968 quant
2494 3899 2562 3954 sit
2607 3898 2959 3969 prohibitum,
2992 3899 3038 3954 si
3089 3899 3286 3970 placet,
3337 3900 3525 3953 audie-

1944 4010 2085 4048 mus.
2137 3993 2267 4048 Nam
2301 3992 2428 4047 mihi
2463 3993 2682 4062 quidem
2732 3993 2800 4045 ab
2852 3993 3036 4060 aliquo
3082 4004 3393 4050 sanctorum
3429 3991 3529 4046 Pa-

1944 4099 2086 4142 trum
2121 4088 2221 4140 hoc
2247 4101 2370 4142 esse
2399 4085 2734 4154 prohibitum
2767 4100 2873 4138 non
2905 4085 3142 4140 videtur.

2020 4178 2276 4234 THEOR.
2331 4178 2408 4232 Ex
2443 4193 2506 4233 eo
2538 4179 2680 4248 quod
2731 4177 2870 4231 duas
2920 4176 2996 4232 illi
3047 4189 3270 4232 naturas
3316 4177 3526 4242 dicunt,

1945 4290 2110 4327 unam
2159 4287 2261 4326 non
2305 4287 2426 4326 esse
2455 4271 2761 4333 dicendam,
2793 4270 3131 4340 intelligitur.
3157 4270 3290 4325 Nam
3313 4272 3358 4324 si
3385 4273 3525 4338 duae,

1944 4383 2050 4421 non
2085 4382 2187 4418 una
2215 4384 2230 4420 :
2261 4367 2342 4419 sin
2383 4379 2512 4429 una,
2547 4379 2653 4417 non
2685 4365 2823 4417 duae.

2017 4457 2178 4512 GEN.
2217 4455 2288 4508 Ex
2324 4471 2390 4511 eo
2422 4458 2686 4510 duntaxat
2721 4455 3052 4525 prohibitum
3088 4455 3188 4516 ais,
3223 4455 3362 4522 quod
3393 4454 3525 4508 duas

251 4569 367 4614 ut,
403 4552 465 4602 ἐκ
495 4547 588 4601 τοῦ
622 4546 824 4613 λέγειν,
847 4545 941 4599 δύο
963 4563 978 4578 ·
1011 4546 1042 4616 ἢ
1078 4546 1171 4598 καὶ
1199 4545 1426 4616 χρήσεις
1459 4545 1626 4616 ἔχεις,
1659 4549 1839 4618 ῥητῶς

1951 4549 2049 4618 ipsi
2103 4549 2284 4602 dicant
2323 4547 2444 4602 :An
2496 4559 2552 4600 et
2600 4551 2955 4604 auctoritates
3010 4547 3198 4614 habes,
3254 4563 3376 4618 quae
3420 4548 3525 4604 hoc

255 4644 416 4699 τοῦτο
444 4640 653 4696 κωλυοὺ
663 4656 761 4701 σας
783 4656 796 4702 ς

335 4739 400 4791 '0
425 4737 623 4789 ΘΕΩΡ.
675 4734 828 4787 Ἔδει
877 4733 1219 4803 ἀρκεσθῆναι
1273 4733 1380 4787 ἀπὸ
1436 4733 1650 4787 τούτου.
1696 4735 1842 4803 Πλὴν

255 4833 348 4886 καὶ
381 4831 616 4900 χρήσεις
657 4827 828 4893 ἁγίων
879 4825 1134 4896 μεγάλων
1163 4825 1292 4895 ἔχω,
1326 4825 1486 4878 τοῦτο
1522 4825 1845 4887 κωλυούσας

256 4921 461 4992 ῥητῶς.
501 4918 612 4971 Καὶ
640 4915 739 4987 τὴν
770 4915 869 4985 μὲν
911 4915 1110 4986 χρῆσιν
1157 4915 1251 4969 τοῦ
1300 4915 1586 4983 Θεολόγου,
1621 4917 1719 4986 τὴν
1753 4916 1842 4969 λέ-

253 5027 490 5083 γουααν·
530 5011 595 5065 Ei
629 5009 737 5078 γὰρ
757 5007 852 5060 καὶ
885 5009 944 5061 τὸ
973 5009 1390 5078 συναμφότερον
1425 5007 1503 5071 ἓν,
1533 5008 1644 5062 ἀλλ’
1680 5011 1740 5063 οὐ
1773 5014 1837 5082 τῇ

255 5106 440 5176 φύσει,
479 5101 758 5175 παρήσειν
811 5100 1096 5171 μοιδοκῶ,
1153 5101 1238 5154 διὰ
1290 5101 1349 5154 τὸ
1406 5101 1585 5170 λέγειν
1635 5105 1716 5165 σὲ,
1768 5103 1840 5175 μὴ

253 5197 474 5253 κεῖσθαι
499 5195 675 5257 οὕτως
708 5195 768 5247 ὲν
793 5192 872 5263 τῷ
912 5192 1224 5264 Ἀρμενικῷ
1266 5194 1460 5265 βιϐλίῳ
1487 5213 1498 5226 ο
1536 5198 1842 5267 παραγάγω

253 5296 311 5350 δι
342 5295 437 5347 τὸν
465 5292 624 5361 ἅγιον
649 5287 978 5360 ’Δμσρόσιον
1005 5288 1098 5341 τὸν
1128 5287 1494 5356 Μεδιολάνων,
1519 5289 1841 5364 οὕτωδιαῤ-

258 5391 425 5461 ρήδην
459 5391 521 5442 ὲν
544 5384 625 5455 τῷ
654 5384 801 5454 λόγῳ
847 5383 924 5454 τῷ
957 5381 1079 5436 κατ’
1131 5383 1512 5456 Ἀπολιναρίου
1572 5385 1802 5454 λέγοντα
1823 5405 1838 5418 ο

267 5483 650 5552 Ἀνεφάνησαν
677 5477 879 5548 ἕτεροι,
912 5475 1011 5548 τὴν
1040 5476 1220 5546 σάρκα
1248 5475 1344 5549 τοῦ
1374 5477 1584 5549 Κυρίου
1620 5481 1714 5533 καὶ
1743 5481 1842 5549 τὴν
1871 5494 1875 5499 ·

259 5580 494 5642 θεότητα
533 5575 665 5644 μιᾶς
695 5568 834 5624 εἶναι
861 5569 1076 5638 φύσεως
1100 5568 1376 5636 λέγοντες.
1408 5571 1566 5633 Ποίος
1587 5569 1721 5643 ᾅδης
1743 5573 1842 5646 τὴν

259 5675 516 5736 τοιαύτην
541 5661 900 5736 βλασφημίαν
929 5660 1230 5741 ὲξΙήμεσενς
1263 5661 1344 5714 Τὰ
1372 5663 1511 5715 αὐτὰ
1537 5667 1631 5716 καὶ
1649 5668 1675 5717 6
1699 5664 1842 5731 θεῖος

263 5764 562 5833 Γρηγόριος
591 5761 620 5812 6
651 5756 877 5827 Νύσσης
906 5754 1026 5826 βοᾷ,
1061 5756 1117 5808 ὲν
1144 5755 1222 5826 τῷ
1259 5755 1404 5824 λόγῳ
1441 5758 1536 5810 καὶ
1573 5759 1733 5821 αὐτὸς
1763 5761 1842 5832 τῷ

262 5856 384 5911 κατ’
430 5849 813 5918 Ἀπολιναρὲου
847 5847 1024 5915 λέγων
1044 5864 1058 5880 ο
1087 5846 1147 5899 Ei
1171 5845 1262 5901 οὖν
1283 5848 1340 5900 ἒν
1363 5849 1474 5912 τοῖς
1500 5849 1845 5913 ὑπεναντίοις

1944 4643 2146 4696 diSerle
2183 4642 2549 4709 prohibeant?

2019 4732 2274 4788 TllEOR.
2323 4732 2471 4786 Satis
2515 4733 2615 4787 hoc
2647 4748 2767 4788 esse
2806 4733 2900 4787 tibi
2931 4732 3159 4787 debebat
3193 4748 3206 4783 :
3243 4747 3427 4786 verum
3471 4741 3520 4787 et

1944 4837 2256 4880 sanctorum
2313 4841 2742 4896 magnorumque
2815 4826 3095 4881 hominum
3168 4826 3525 4882 auctoritates

1949 4919 2143 4982 habeo,
2188 4921 2388 4973 diserte
2435 4921 2537 4974 hoc
2581 4918 2955 4987 prohibentes.
2996 4919 3071 4972 Ac
3103 4917 3348 4986 Gregorii
3399 4919 3524 4988 qui-

1947 5014 2068 5065 dem
2113 5011 2370 5081 'l‘heolngi
2415 5011 2618 5065 dictum
2656 5012 2782 5065 illud
2815 5029 2828 5065 :
2865 5010 3018 5067 Licet
3067 5023 3296 5082 utraque
3331 5022 3520 5066 natura

1945 5104 2196 5172 copulata
2225 5143 2240 5167 ,
2287 5105 2357 5157 sit
2406 5120 2570 5156 unum
2613 5104 2906 5174 quiddam,
2954 5118 3061 5157 non
3110 5113 3290 5157 tamen
3346 5104 3446 5156 hoc
3492 5116 3522 5155 a

1949 5206 2138 5249 natura
2173 5207 2253 5250 est
2284 5213 2296 5250 :
2328 5196 2458 5250 illud
2498 5197 2663 5266 igitur
2696 5197 2949 5252 omittere
2996 5195 3146 5263 libet,
3195 5195 3417 5266 quando
3466 5205 3520 5248 tu

1948 5292 2024 5345 sic
2065 5290 2115 5344 in
2165 5292 2441 5345 Armenici
2489 5290 2615 5346 libri
2663 5301 2815 5352 textu
2851 5290 3112 5359 scriptum
3155 5304 3361 5360 negas:
3392 5303 3522 5357 pro-

1947 5385 2138 5436 ducam
2172 5399 2301 5439 vero
2346 5392 2591 5437 sanctum
2639 5383 2787 5438 illum
2838 5382 3208 5448 Ambrosium,
3257 5380 3522 5436 Mediola-

1950 5492 2174 5530 nensem
2208 5479 2518 5546 episcopum
2555 5475 2631 5530 sic.
2674 5491 2932 5546 expresse
2962 5475 3272 5545 loquentem
3304 5477 3355 5530 in
3385 5476 3524 5532 libto

1948 5574 2208 5625 adversus
2232 5570 2586 5641 Apollinaritn
2633 5589 2644 5624 :
2682 5569 2975 5641 Emergunt
3003 5571 3116 5637 alii,
3167 5571 3256 5640 qui
3304 5586 3522 5624 carnem

1950 5663 2162 5718 Domini
2196 5665 2383 5718 dicant
2431 5676 2484 5717 et
2516 5655 2882 5730 divinitatem,
2919 5663 3081 5718 unius
3129 5678 3250 5719 esse
3291 5676 3521 5719 natm-3‘.

1950 5759 2079 5823 Quae
2125 5768 2331 5832 tantum
2366 5759 2708 5828 sacrilegium
2762 5757 2970 5812 inferna
3019 5758 3379 5812 vomuerunt?
3417 5757 3524 5809 Ea-

1949 5850 2067 5905 dem
2119 5851 2274 5906 divus
2309 5851 2398 5905 ille
2425 5849 2722 5921 Gregorius
2750 5847 3048 5920 Nyssenus,
3084 5849 3133 5904 in
3163 5849 3301 5904 libro
3330 5859 3383 5904 et
3409 5850 3526 5918 ipse
