4084 6194
391 331 505 402 159
1825 333 2264 396 THEORIA‘NI
3569 332 3675 397 160

462 451 621 509 GEN.
652 450 1066 521 Sapientissime
1097 451 1356 524 loqueris.
1390 452 1588 509 Verum
1618 454 1694 508 uti
1727 461 1782 506 tu
1813 452 1973 515 dicis,
2007 458 2048 512 Α

390 541 702 617 ex'emplum
737 545 842 600 hoc
876 546 1112 601 hominis
1147 561 1213 602 eo
1243 555 1452 601 tantum
1498 563 1526 600 a
1561 548 1764 602 sanctis
1795 545 1971 601 Patri-

393 642 494 698 bus
529 650 870 711 usurpatum,
910 649 972 695 ut
1014 641 1352 703 ostendatur,
1400 641 1857 708 quemadmodum
1907 654 1974 692 ex

392 735 572 790 anima
610 745 666 789 et
699 748 921 802 corpore
959 749 1099 787 unus
1133 734 1295 787 homo
1327 743 1562 797 constet,
1612 733 1685 788 ita
1718 741 1773 788 et
1811 732 1975 788 Chri-

393 839 535 882 stum
590 842 755 881 unum
791 841 855 880 ex
889 826 1168 879 divinitate
1202 825 1648 896 immanitateque
1677 835 1928 881 constare
1958 841 1974 882 :

391 922 472 976 sic
500 931 554 975 et
582 920 699 990 ipse
731 919 910 973 dicere
946 933 1187 988 possunt,
1219 933 1317 973 eos
1347 921 1412 973 ad
1444 921 1545 975 hoc
1579 934 1796 975 sumere
1835 921 1977 975 istud

392 1014 631 1069 hominis
679 1014 1008 1082 exemplum,
1063 1021 1120 1066 ut
1173 1014 1485 1076 ostendant,
1541 1013 1767 1083 perinde
1818 1022 1980 1081 atque

391 1104 572 1158 animo
611 1115 662 1157 et
692 1119 888 1170 corpus
925 1119 1084 1156 unam
1123 1103 1356 1158 hominis
1393 1111 1639 1158 naturam
1671 1103 1977 1170 absolvant,

394 1199 468 1253 uti
502 1209 722 1252 sanctus
751 1198 984 1264 Cvr-illus
1029 1197 1288 1266 loquitur,
1353 1198 1426 1251 ita
1474 1198 1637 1253 etiam
1668 1214 1733 1252 ex
1777 1198 1980 1254 divini-

395 1300 505 1345 tate
538 1300 698 1358 atque
748 1290 1084 1344 humanitate
1129 1299 1374 1343 naturam
1406 1306 1566 1343 unam
1596 1305 1718 1345 esse
1763 1289 1983 1345 absolu-

396 1393 530 1445 tam,
567 1397 667 1436 nec
702 1382 753 1436 in
791 1383 1010 1436 homine
1053 1381 1406 1438 mutationem
1458 1392 1774 1438 naturarum
1824 1384 1982 1438 dein—

395 1490 521 1546 ceps
556 1475 980 1545 compositarum
1010 1475 1347 1540 comitatam,
1380 1489 1476 1530 nec
1504 1476 1557 1529 in
1589 1475 1824 1553 Christo.

465 1566 721 1622 THEOR.
755 1566 868 1622 Nisi
899 1567 1229 1636 prohibitum
1257 1576 1400 1622 esset
1426 1582 1454 1620 a
1483 1569 1682 1621 sanctis
1709 1567 1980 1633 Patribus,

396 1677 462 1716 ne
493 1677 652 1715 uuam
685 1661 736 1714 in
765 1659 986 1732 Christo
1018 1669 1289 1723 naturam,
1321 1671 1440 1730 post
1466 1659 1666 1714 factam
1701 1661 1980 1725 unionem,

396 1757 638 1811 dicamus
667 1772 681 1809 :
710 1754 961 1809 fortassis
1001 1769 1165 1810 ausus
1212 1751 1406 1810 fuisset
1441 1752 1635 1823 aliquis
1682 1755 1886 1820 itidem,
1926 1763 1985 1808 ttt

2155 449 2213 501 Ὀ
2247 445 2406 500 ΚΑΘ.
2442 443 2739 514 Σοφώτατα
2773 446 2976 514 λέγεις.
2995 446 3139 501 Ἀλλ’
3167 445 3359 519 ὥσπερ
3383 448 3450 503 ab
3465 447 3674 518 λέγεις»

2079 541 2164 594 ὅτι
2198 540 2455 610 εἴληπται
2487 542 2599 603 τοῖς
2630 539 2810 608 ἁγίοις
2834 539 2895 592 τὺ
2948 540 3046 592 τοῦ
3077 539 3367 611 ἀνθρώπου
3409 541 3677 611 παράδει-

2079 650 2199 703 γμα
2226 631 2364 704 πρὸς
2410 633 2572 698 μόνον
2601 632 2662 686 τὸ
2695 632 2890 700 δεῖξαι,
2915 633 2997 686 ὅτι
3023 632 3220 705 ὥσπερ
3246 636 3310 688 ἑκ
3368 633 3548 704 ψυχῆς
3579 637 3676 689 καὶ

2083 729 2338 797 σώματος
2369 727 2658 797 ἄνθρωπος
2683 723 2787 793 εἷς,
2820 728 2996 790 οὕτως
3028 729 3092 780 ἐκ
3126 729 3387 798 θεότητος
3437 729 3533 782 καὶ
3585 730 3678 781 ἀνα

2082 819 2435 890 θρωπότητος
2456 813 2536 883 εἷς
2554 819 2791 891 Χριστός
2817 833 2832 847 °
2865 817 3012 871 οὕτω
3028 817 3261 887 δύναμαι
3290 807 3448 885 κάγὼ
3473 819 3672 880 εἰπεῖν,

2089 911 2172 964 ὅτι
2204 912 2282 973 είς
2313 909 2477 964 τοῦτο
2507 910 3005 980 παραλαμϐάνουσι
3041 911 3101 964 τὸ
3169 910 3526 981 παράδειγμα
3574 910 3673 964 τοῦ

2084 1003 2401 1075 ἀνθρώπου,
2431 1006 2512 1069 είς
2541 1004 2602 1058 τὸ
2631 1003 2828 1071 δεῖξαι,
2863 1005 2946 1057 ὅτι
2972 1003 3167 1074 ὥσπερ
3193 1004 3344 1074 ψυχὴ
3381 1006 3477 1056 καὶ
3511 1005 3675 1075 σῶμα

2087 1100 2218 1168 μίαν
2248 1098 2541 1166 ἀνθρώπου
2563 1096 2727 1168 φύσιν
2752 1098 3116 1164 ἀπετέλεσαν,
3145 1098 3221 1162 ὥς
3247 1117 3413 1168 φησιν
3451 1100 3480 1152 6
3517 1099 3676 1167 ἆγιος

2087 1192 2381 1264 Κύριλλος,
2407 1191 2555 1246 οὕτω
2588 1195 2682 1246 καὶ
2709 1194 2774 1245 ἐκ
2805 1193 3063 1262 θεότητος
3083 1193 3178 1246 καὶ
3251 1193 3677 1264 ἀνθρωπότητος

2090 1287 2189 1357 μία
2215 1287 2381 1355 φύσις
2406 1286 2770 1356 ἀπετελέσθη,
2801 1287 2898 1340 καὶ
2942 1285 3070 1339 οὔτε
3128 1287 3188 1340 ἐν
3256 1286 3334 1356 τῷ
3401 1285 3679 1356 ἀνθρώπῳ

2085 1381 2266 1452 τροπὴ
2295 1381 2404 1433 τῶν
2436 1380 2562 1449 ἑξῆς
2589 1379 2949 1433 συντεθεισῶν
2973 1382 3192 1450 φύσεων
3255 1378 3679 1450 παρηκολούθη-

2088 1491 2200 1537 σεν,
2235 1474 2359 1526 οὕτε
2391 1475 2449 1526 ὲν
2479 1472 2556 1544 τῷ
2591 1473 2834 1544 Χριστῷ.

2160 1567 2223 1623 Ὀ
2261 1567 2458 1622 ΘΕΩΡ,
2489 1569 2551 1621 Ei
2590 1567 2662 1638 μὴ
2687 1567 2999 1620 ἐκεκώλυτο
3029 1564 3182 1638 παρά
3232 1566 3343 1620 τῶν
3367 1565 3537 1635 ἀγίων
3560 1566 3677 1622 Ua-

2087 1660 2285 1730 τέρων,
2320 1661 2382 1714 τὸ
2407 1660 2589 1729 λέγειν
2619 1659 2750 1730 μίαν
2781 1661 2876 1713 ἐπὶ
2926 1659 3020 1712 τοῦ
3082 1658 3322 1730 Χριστοῦ
3381 1661 3522 1731 μετά
3576 1660 3678 1730 τὴν

2089 1756 2292 1810 ἕνωσιν
2323 1756 2509 1826 φύσιν,
2557 1755 2687 1818 ίσως
2720 1755 2787 1808 ἂν
2825 1755 3093 1827 ἐτόλμησέ
3126 1772 3210 1819 τις
3236 1755 3328 1810 καὶ
3381 1755 3578 1820 οὕτως,
3602 1755 3680 1819 ὡς

403 1859 458 1903 tu
493 1848 649 1914 dicis,
692 1848 795 1904 hoc
828 1847 1133 1917 exemplum
1169 1847 1549 1916 interpretari;
1583 1849 1708 1902 licet
1749 1847 1863 1916 ipsa
1902 1863 1982 1902 re-

2088 1851 2151 1903 σῦ
2182 1851 2309 1923 φῂς,
2338 1849 2595 1903 ἐκλαϐεῖν
2627 1850 2688 1903 τὸ
2711 1849 3075 1920 παράδειγμα
3102 1866 3117 1879 ·
3187 1847 3292 1902 κᾶν
3323 1849 3357 1920 ἡ
3388 1847 3498 1900 τῶν
3527 1863 3680 1919 πρα-

399 1931 515 1996 rtim
555 1950 742 1996 natura
789 1940 870 1998 sic
911 1941 1040 1996 illud
1073 1941 1245 2012 accipi
1299 1958 1406 1996 non
1443 1943 1742 2010 permittat,
1776 1943 1852 1996 uti
1888 1943 1984 1996 de-

399 2036 811 2092 monstrabitur.
843 2034 998 2090 Nunc
1025 2049 1149 2091 cum
1184 2036 1318 2092 tales
1345 2050 1408 2090 ac
1440 2045 1517 2090 tot
1548 2039 1718 2091 sancti
1753 2037 1851 2092 viri
1883 2041 1985 2092 hoc

398 2127 774 2196 prohibuerint
848 2127 1108 2197 tanquam
1187 2127 1512 2194 sacrilegum
1566 2127 1754 2198 (quae,
1811 2128 1985 2198 inquit

397 2219 556 2275 divus
603 2218 689 2273 ille
736 2218 1076 2285 Ambrosius,
1117 2228 1329 2273 tantum
1380 2220 1723 2288 sacrilegium
1773 2218 1984 2275 inferna

396 2311 796 2381 vomuerunt?)
871 2328 970 2367 ceu
1019 2311 1164 2381 pium
1205 2314 1468 2382 recipere,
1547 2313 1785 2368 hominis
1836 2311 1983 2368 nulla

399 2415 579 2459 tuente
614 2405 822 2471 prtediti
865 2404 1050 2460 fuerit.

470 2493 628 2550 GEN.
668 2496 858 2551 Dixisti
895 2512 1079 2564 supra,
1115 2511 1182 2551 ne
1215 2495 1384 2564 ipsam
1430 2496 1641 2563 quidem
1678 2512 1856 2550 rerun
1888 2512 1988 2550 na-

399 2596 576 2641 turam
616 2588 744 2657 pati.
785 2598 844 2642 ut
883 2587 961 2642 sic
1008 2589 1323 2656 accipiatur.
1375 2587 1642 2653 Quidnam
1693 2588 1856 2658 igitur
1903 2599 1987 2643 est

404 2677 825 2742 impedimento?
869 2693 1044 2747 quove
1098 2688 1255 2748 pacto
1311 2691 1503 2732 natura
1561 2691 1741 2733 rerum
1795 2679 1846 2732 in
1900 2679 1985 2733 his

401 2769 755 2824 adversatur?

469 2863 724 2919 THEOR.
761 2863 963 2918 Natura
998 2866 1064 2920 de
1091 2865 1489 2921 universalibus
1520 2875 1574 2919 et
1605 2863 1986 2920 communibus

399 2957 616 3022 dicitur,
655 2973 762 3011 non
811 2959 876 3011 de
912 2959 1331 3025 particularibus
1377 2969 1432 3013 et
1472 2957 1784 3012 individuis.
1813 2956 1986 3013 liomo

397 3049 653 3118 quiddam
684 3056 765 3102 est
797 3047 1121 3103 universale.
1154 3047 1285 3102 Nam
1319 3049 1382 3103 de
1413 3050 1592 3112 Petro,
1621 3047 1890 3118 etfaulo,
1931 3055 1986 3099 et

2089 1947 2324 2012 γμάτων
2365 1942 2530 2010 φύσις
2559 1941 2731 2002 οὕτως
2764 1941 2898 1993 αὐτὸ
2944 1938 3396 2010 ἐκλαμϐάνεσθαι
3440 1941 3542 1995 οὐκ
3592 1942 3679 2014 ἑᾷ,

2086 2033 2162 2097 ώς
2193 2034 2550 2103 δειχθήσεται
2586 2047 2601 2062 ⁸
2636 2032 2757 2084 νυνὶ
2791 2033 2848 2084 δὲ
2880 2031 3156 2084 τοσούτων
3188 2032 3284 2084 καὶ
3339 2029 3682 2100 τηλικούτων

2089 2127 2281 2196 ἁγίων,
2305 2126 2379 2189 ὠς
2399 2125 2744 2196 βλάσφημον,
2769 2123 2902 2178 αὐτὸ
2929 2125 3291 2179 κωλυσάντων
3318 2125 3490 2195 (ποῖος
3517 2125 3677 2198 ᾅδης,

2089 2220 2254 2290 φησίν
2277 2220 2304 2272 ό
2336 2219 2477 2282 θεῖος
2493 2219 2549 2270 ’Λ
2562 2217 2822 2289 μὸρόσιος
2842 2259 2858 2283 ,
2889 2217 3150 2286 τοιαύτην
3171 2215 3529 2287 βλασφημίαν
3548 2215 3680 2289 ἑξή-

2091 2313 2305 2383 μεσεν;)
2339 2311 2416 2375 ώς
2444 2310 2671 2376 εὐσεϐὲς
2728 2310 3159 2382 παραδέχεσθαι,
3201 2309 3499 2382 ἀνθρώπου
3550 2310 3683 2365 νοῦν

2089 2407 2192 2460 ούκ
2228 2406 2468 2476 ἔχοντος,
2507 2406 2629 2459 οὐδὲ
2667 2406 2896 2476 φρένας.
2929 2407 3101 2461 ἐστίν.

2170 2499 2229 2552 '0
2272 2501 2434 2555 ΚΑΘ.
2473 2496 2648 2564 Εἷπας
2674 2502 2807 2566 ἀνω,
2839 2502 2922 2554 ὅτι
2944 2500 3068 2554 οὔτε
3099 2505 3131 2570 ἡ
3163 2503 3326 2572 φύσις
3372 2502 3480 2555 τῶν
3534 2518 3681 2574 πρα-

2089 2593 2317 2662 γμάτων
2349 2592 2521 2656 οὕτως
2563 2595 2627 2665 es
2678 2593 3150 2665 ἐκλαμϐάνεσθαι.
3211 2597 3277 2650 Τί
3321 2597 3414 2650 οὖν
3459 2598 3577 2649 ἐστι
3619 2595 3684 2650 τδ

2091 2685 2302 2738 κωλύον
2329 2701 2345 2750 ;
2382 2685 2617 2748 καὶπῶς
2650 2687 2684 2756 η
2716 2686 2879 2754 φύσις
2907 2686 3019 2738 τῶν
3045 2687 3396 2759 πραγμάτων
3451 2689 3513 2741 ὲν
3555 2687 3684 2741 τού-

2086 2793 2200 2837 τοις
2214 2776 2524 2830 ἀντίκειται
2548 2794 2568 2844 ;

2161 2867 2222 2922 ⁸0
2248 2869 2532 2925 ΘΕΩΡ.Ἢ
2562 2871 2725 2939 φύσις
2753 2872 2847 2924 ἐπὶ
2872 2871 2984 2926 τῶν
3009 2873 3244 2925 καθόλου
3270 2872 3365 2926 καὶ
3383 2874 3576 2927 κοινῶν
3593 2872 3685 2927 λέ-

2088 2980 2270 3032 γεται,
2307 2965 2407 3018 οὐκ
2430 2966 2522 3018 ἐπὶ
2551 2965 2660 3020 τῶν
2701 2965 2944 3038 μερικῶν
2969 2969 3066 3021 καὶ
3087 2968 3328 3037 ἀτόμων.
3380 2968 3440 3021 '0
3471 2966 3562 3020 οὖν
3588 2968 3682 3020 ἄν·

2089 3057 2307 3129 Θρωπος
2339 3060 2573 3113 καθόλου
2606 3060 2744 3116 ἐστί.
2785 3061 2940 3115 Κατὰ
2968 3060 3078 3132 γάρ
3110 3062 3342 3132 Πέτρου,
3375 3062 3496 3115 ’καὶ
3524 3062 3675 3115 Παύο

398 3143 651 3196 omnibus
684 3142 958 3211 sigillatim
996 3144 1304 3198 hominibus
1351 3143 1694 3211 prmdicatur.
1731 3142 1982 3212 Quapro-

2088 3153 2203 3217 λου,
2237 3156 2331 3207 καί
2365 3155 2586 3207 πάντων
2610 3154 2719 3207 τῶν
2744 3153 2888 3208 κατὰ
2933 3157 3102 3225 μέρος
3162 3154 3473 3224 ἀνθρώπων
3505 3172 3680 3222 κατη-

400 3245 518 3303 pter
565 3245 620 3290 et
653 3251 756 3290 una
805 3248 993 3290 natura
1045 3237 1264 3291 dicitur.
1313 3234 1513 3292 Omnes
1547 3236 1692 3290 enim
1740 3237 1986 3291 homines

397 3341 463 3380 ex
501 3328 678 3382 anima
713 3329 920 3384 ratione
952 3329 1173 3398 praedita
1220 3338 1272 3381 et
1312 3340 1541 3398 corpore
1580 3341 1854 3394 consrant,
1887 3329 1987 3382 ho-

400 3420 668 3488 minisque
715 3418 1084 3476 deﬁnitionem
1139 3421 1435 3490 recipiunt,
1487 3421 1744 3474 nimirum
1790 3419 1982 3476 hanc:

399 3513 616 3567 Animal
664 3513 873 3568 ratione
919 3515 1224 3584 praeditum,
1271 3513 1515 3569 mortale.
1568 3513 1813 3566 Deﬁnitio
1857 3529 1985 3567 vero

403 3618 650 3660 naturam
687 3607 762 3661 rei
795 3606 1051 3675 subjectae
1078 3608 1432 3661 demonstrat.
1462 3605 1633 3672 Quam
1664 3606 1731 3659 ob
1764 3622 1982 3660 causam

405 3699 677 3752 individua
715 3700 985 3770 propriam
1020 3699 1387 3754 deﬁnitionem
1433 3715 1537 3753 non
1571 3700 1790 3754 habent.
1823 3699 1982 3754 Chri-

404 3805 520 3848 stus
551 3804 729 3849 autem
783 3809 881 3849 nec
926 3795 1254 3857 universale.
1288 3812 1384 3849 nec
1412 3810 1700 3850 commune
1729 3797 1981 3866 quiddam

403 3897 507 3942 est.
541 3888 653 3944 Una
683 3890 934 3944 nimirum
963 3900 1045 3945 est
1078 3891 1404 3960 hypostasis,
1436 3907 1536 3943 una
1569 3905 1819 3960 persona,
1851 3906 1987 3961 qua-

401 3983 555 4052 sique
596 3984 949 4039 individuum.
989 3983 1102 4039 Non
1151 3984 1293 4039 enim
1343 3986 1432 4038 alii
1474 3985 1675 4039 Christi
1728 3996 1874 4046 sunt,
1916 4002 1982 4040 ex

399 4076 684 4134 divinitate
718 4087 882 4145 atque
929 4078 1261 4133 humanitate
1307 4088 1653 4141 constantes,
1693 4081 1760 4134 de
1807 4078 1874 4133 iis
1925 4089 1984 4134 ut

399 4173 744 4245 prwdicetur.
777 4173 1081 4243 Eapropter
1111 4187 1214 4227 una
1247 4173 1431 4241 nequit
1458 4187 1577 4227 esse
1605 4181 1815 4226 natura.
1846 4171 1980 4226 Nam

399 4266 747 4337 particularis
790 4276 845 4322 et
891 4265 1168 4322 individua
1223 4274 1414 4321 natura
1468 4263 1694 4334 reperiri
1746 4266 1978 4333 nequit:

399 4367 492 4422 sed
532 4370 710 4421 onmis
764 4375 959 4421 natura
1006 4365 1330 4420 universalis
1365 4374 1470 4430 est,
1515 4364 1690 4434 deque
1739 4363 1984 4433 pluribus

398 4459 613 4530 dicitur.
653 4458 768 4513 Non
803 4459 956 4530 longe
1001 4460 1282 4514 abeamus.
1323 4458 1522 4513 Natura
1560 4460 1739 4513 divina
1789 4459 1980 4526 praedi-

396 4562 551 4608 catur
596 4553 664 4608 de
719 4551 900 4617 Patre,
955 4555 1022 4608 de
1076 4549 1235 4620 Filio,
1270 4563 1324 4606 et
1359 4550 1565 4620 Spiritu
1614 4560 1801 4605 saneto
1836 4566 1850 4604 :
1890 4549 1979 4604 iti-

398 4647 628 4714 demque
669 4645 978 4716 angelorum
1010 4656 1201 4700 natura
1240 4646 1302 4699 de
1331 4637 1618 4708 Michaelo,
1645 4643 1905 4708 Gabrieli,
1927 4651 1981 4696 et

398 4740 465 4795 de
488 4739 738 4795 caeteris:
772 4739 1048 4794 hominum
1091 4739 1344 4809 denique,
1364 4740 1430 4794 de
1455 4739 1699 4803 Socrate,
1737 4737 1979 4797 Platone,

399 4836 466 4890 de
491 4833 712 4904 reliquis
739 4834 1104 4903 particulatim
1131 4834 1464 4889 hominibus.
1494 4833 1757 4886 Similiter
1778 4844 1831 4886 et
1860 4831 1975 4895 bos,

398 4935 454 4981 et
498 4941 669 4995 equus
703 4925 916 4996 aliaque
952 4926 1102 4991 talia,
1147 4927 1213 4979 de
1261 4925 1512 4980 omnibus
1545 4924 1644 4977 sub
1689 4939 1747 4976 se
1783 4921 1982 4974 indivi-

399 5021 540 5075 duis.
575 5019 841 5087 Qnoniam
876 5034 1007 5090 ergo
1036 5018 1500 5086 naturaiquiddam
1533 5026 1615 5070 est
1647 5013 1975 5080 universale,

395 5114 647 5172 Christus
689 5123 868 5168 autem
909 5112 1167 5182 quiddam
1209 5111 1514 5165 universale
1550 5125 1654 5162 non
1699 5117 1813 5168 est,
1872 5121 1984 5159 ma-

395 5208 597 5267 nifeSto
640 5216 810 5279 patet,
861 5205 1109 5261 homines
1156 5215 1302 5260 recte
1357 5203 1654 5258 sentientes
1708 5215 1980 5268 nunquam

399 5303 643 5358 dicturos
675 5316 836 5356 unam
866 5308 1136 5354 naturam.
1169 5299 1353 5366 Itaque
1392 5311 1513 5350 cum
1547 5304 1600 5348 et
1626 5293 1696 5349 ab
1734 5283 1846 5360 ipsa
1891 5308 1985 5346 na-

403 5409 521 5451 tura
557 5410 760 5458 rerum,
785 5401 838 5448 et
872 5411 900 5447 a
939 5393 1141 5447 sanctis
1182 5391 1311 5444 viris
1347 5389 1692 5444 interdictum
1723 5387 1794 5441 sit
1825 5403 1842 5444 :
1877 5401 1982 5440 non

405 5490 562 5545 modo
583 5466 1063 5557 supervacaneum,
1092 5485 1185 5540 sed
1211 5484 1370 5537 nimis
1396 5482 1571 5535 audax
1613 5495 1827 5549 quoque
1864 5494 1982 5533 mea

408 5582 566 5637 fuerit
640 5581 913 5651 Opinione,
979 5595 1140 5634 unam
1203 5579 1255 5633 in
1327 5576 1545 5630 Christo
1591 5584 1837 5630 naturam
1902 5572 1982 5627 di-

412 5692 552 5731 cere.

486 5765 640 5821 GEN.
679 5764 853 5821 Meum
884 5779 1014 5820 vero
1043 5765 1280 5821 animum
1307 5765 1493 5836 Cyrilli
1523 5764 1766 5820 verberat
1801 5772 1988 5818 aucto-

419 5860 577 5927 ritas,
620 5877 741 5917 cum
791 5861 912 5916 ait:
953 5859 1068 5917 Una
1117 5872 1312 5918 natura
1362 5857 1643 5916 Sermonis
1695 5858 1986 5914 iucaruati.

2090 3249 2359 3317 γορεῖται,
2394 3248 2486 3300 Διὸ
2525 3248 2618 3300 καὶ
2649 3247 2747 3316 μία
2781 3247 2944 3315 φύσις
2970 3245 3213 3315 λέγεται.
3250 3248 3460 3310 Πάντες
3487 3247 3592 3319 γὰρ
3627 3247 3683 3301 οε

2089 3339 2369 3407 ἄνθρωποι
2395 3340 2458 3392 ὲκ
2485 3339 2664 3409 ψυχῆς
2701 3338 2928 3409 λογικῆς
2966 3340 3075 3391 εἰσι
3123 3340 3220 3391 καὶ
3271 3338 3544 3408 σώματος,
3580 3341 3680 3392 καὶ

2088 3433 2178 3484 τὸν
2213 3433 2337 3501 ὅρον
2371 3432 2466 3484 τοῦ
2502 3431 2794 3500 ἀνθρώπου
2823 3430 3188 3500 ἐπιδέχονται,
3249 3431 3308 3493 ὃς
3338 3433 3476 3498 ἐστι,
3524 3433 3677 3485 Ζῶον

2089 3523 2325 3592 λογικίιν,
2353 3525 2568 3592 θνητόν.
2609 3524 2676 3576 '0
2701 3523 2757 3577 δὲ
2787 3525 3033 3594 ὃροςτῖςν
3061 3523 3226 3592 φύσιν
3250 3523 3346 3577 τοῦ
3376 3524 3678 3594 ὑποκειμέ-

2087 3637 2182 3671 νου
2211 3621 2542 3688 πράγματος
2572 3616 2744 3689 δηλοῖ.
2779 3617 2880 3671 Διά
2909 3617 3067 3671 τοῦτο
3097 3617 3164 3670 τὰ
3185 3619 3363 3690 ἄτομα
3385 3619 3516 3673 [διον
3547 3620 3677 3691 ὅρον

2087 3713 2187 3765 οὐκ
2212 3712 2446 3780 ἔχουσιν.
2491 3712 2550 3766 Ὀ
2591 3712 2645 3765 δὲ
2676 3712 2907 3782 Χριστὸς
2956 3711 3055 3765 ούκ
3089 3711 3205 3765 ἔστι
3261 3711 3514 3779 καθόλου,
3555 3712 3679 3768 οὐδὲ

2087 3804 2267 3856 κοινόν
2289 3820 2303 3834 ο
2341 3805 2441 3873 μία
2469 3805 2580 3874 γὰρ
2613 3804 2912 3866 ὑπόστασις
2951 3805 3088 3869 ὲστι,
3124 3806 3220 3858 καὶ
3267 3804 3326 3857 ἓν
3359 3806 3675 3878 πρόσωπον,

2087 3898 2180 3950 καὶ
2213 3896 2435 3965 ἄτομον.
2471 3897 2552 3949 Ού
2572 3899 2680 3968 γάρ
2715 3898 2854 3951 είσιν
2888 3896 3042 3951 ἄλλοι
3064 3898 3294 3968 Χριστοί
3327 3900 3392 3951 ἐκ
3417 3898 3679 3968 θεότητος

2088 3991 2655 4062 καὶάνορωπότητοςν
2687 3991 2776 4044 ἵνα
2833 3991 2956 4045 κατ’
3013 3993 3243 4046 ἐκείνων
3293 3995 3677 4066 κατηγοιτιθῆο

2085 4082 2178 4136 Διὸ
2205 4083 2327 4136 οὐδὲ
2361 4082 2462 4151 μία
2489 4081 2653 4151 φύσις
2675 4082 2902 4139 δύναται
2936 4078 3102 4137 εἶναι.
3156 4084 3407 4155 Μερικὴν
3436 4089 3547 4156 γὰρ
3573 4088 3680 4157 φύν

2087 4195 2197 4243 σιν,
2232 4177 2328 4230 καὶ
2349 4177 2576 4247 ἄτομον,
2613 4177 2899 4248 ἀμήχανον
2922 4179 3106 4249 εὑρεῖν
3137 4197 3150 4211 °
3209 4178 3350 4234 ἀλλά
3390 4181 3542 4234 πᾶσα
3569 4179 3678 4248 φύ-

2087 4287 2172 4332 σις
2203 4269 2435 4323 καθόλου
2462 4268 2612 4333 ἐστὶ,
2637 4270 2732 4324 καὶ
2765 4271 2909 4323 κατά
2937 4271 3203 4324 πλειόνων
3223 4271 3466 4339 λέγεται.
3500 4272 3680 4339 Εὐθὺς

2086 4362 2194 4434 γὰρ
2222 4364 2254 4434 ἡ
2285 4363 2405 4417 θεία
2435 4363 2600 4434 φύσις
2630 4366 3028 4434 κατηγορεῖται
3079 4365 3223 4419 κατά
3274 4365 3371 4420 τοῦ
3433 4365 3677 4438 Πατρός,

2086 4456 2182 4509 καὶ
2214 4456 2307 4508 τού
2334 4455 2487 4520 Υίοῦ,
2516 4457 2609 4512 καὶ
2642 4456 2733 4510 τού
2770 4457 2927 4523 ἀγίου
2958 4456 3284 4527 Πνεύματος
3311 4474 3327 4488 ·
3369 4461 3466 4512 καὶ
3501 4461 3534 4531 ἡ
3561 4460 3680 4512 τῶν

2088 4552 2337 4622 ἀγγέλων
2368 4553 2554 4620 φύσις,
2593 4552 2736 4606 κατὰ
2773 4553 3021 4622 Μιχαηλ,
3059 4553 3155 4606 καὶ
3213 4553 3484 4624 Γαϐριὴλ,
3573 4555 3669 4608 καὶ

2087 4646 2197 4698 τῶν
2223 4645 2466 4700 λοιπῶν⁹
2505 4645 2601 4698 καὶ
2631 4648 2662 4712 ἡ
2703 4646 2813 4700 τῶν
2859 4644 3190 4718 ἀνθρώπων,
3250 4647 3392 4700 κατά
3449 4647 3680 4718 Σωκρά-

2087 4755 2238 4802 τους,
2271 4740 2368 4793 καὶ
2390 4737 2701 4804 Πλάτωνος,
2722 4741 2814 4791 καὶ
2835 4739 2945 4792 τῶν
2972 4739 3111 4792 κατά
3144 4738 3308 4808 μέρος
3334 4740 3672 4809 ἀνθρώπων.

2100 4829 2339 4898 Ὁμοίως
2392 4831 2488 4882 καὶ
2542 4829 2692 4900 βοῦς,
2742 4831 2838 4884 καὶ
2865 4829 3057 4895 ἵππος,
3103 4831 3197 4884 καὶ
3249 4831 3494 4889 τοιαῦτα.
3536 4833 3680 4886 κατά

2092 4923 2313 4976 πάντων
2335 4923 2444 4975 τῶν
2476 4924 2567 4975 ὑπ’
2602 4923 2742 4976 αύτά
2771 4921 3011 4990 ἀτόμων.
3073 4923 3229 4976 Ἐπεὶ
3277 4919 3370 4976 οὖν
3430 4925 3463 4994 ή
3515 4923 3680 4992 φύσις

2091 5014 2326 5068 καθόλου
2354 5016 2524 5075 ἐστὶν,
2549 5017 2576 5067 ὁ
2601 5014 2655 5066 δὲ
2689 5015 2930 5085 Χριστός
2964 5016 3065 5068 οὐκ
3092 5014 3208 5067 ἐστι
3240 5015 3476 5068 καθόλου
3500 5030 3512 5042 ’
3543 5016 3680 5085 πρό-

2089 5106 2272 5177 δηλον,
2297 5108 2377 5161 ὃτι
2414 5107 2514 5178 μία
2548 5107 2710 5175 φύσις
2740 5108 2884 5162 κατά
2952 5109 3062 5161 τῶν
3117 5106 3535 5177 εὐφρονούντων
3571 5110 3676 5161 οὐκ

2093 5210 2160 5263 ἀν
2189 5224 2319 5259 ποτε
2340 5207 2669 5278 ῥηθήσεται.
2698 5205 2859 5258 Ἐπεὶ
2882 5204 3066 5258 τοίνυν
3096 5206 3188 5256 καὶ
3229 5203 3387 5276 παρά
3438 5206 3543 5274 τῆς
3575 5205 3680 5273 φύ-

2094 5317 2231 5363 σεως
2261 5301 2448 5365 αὐτοῖς
2474 5299 2584 5352 τῶν
2623 5298 2991 5369 πραγμάτων,
3025 5299 3116 5350 καὶ
3149 5298 3302 5368 παρὰ
3362 5298 3472 5350 τῶν
3501 5296 3678 5366 ἁγίων

2093 5393 2425 5458 κεκώλυται,
2476 5393 2539 5445 ού
2573 5391 2834 5464 περιττὸν
2859 5392 3044 5460 μόνον,
3099 5391 3235 5445 ἀλλά
3273 5391 3367 5444 καὶ
3404 5390 3681 5462 τολμηρὸν

2092 5487 2282 5559 ἔμοιγε
2311 5489 2451 5552 τέως
2473 5488 2642 5553 δοκεῖ,
2667 5488 2800 5559 μίαν
2831 5488 2993 5556 φύσιν
3019 5489 3202 5558 λέγειν
3261 5490 3355 5543 ἐπὶ
3408 5488 3504 5542 τοῦ
3543 5489 3682 5558 Χρι-

2095 5600 2242 5636 στου.

2163 5765 2224 5816 Ὀ
2254 5763 2419 5818 ΚΑΘ.
2462 5763 2658 5816 Κλονεῖ
2684 5779 2784 5830 μου
2818 5762 2908 5814 τὸν
2935 5762 3059 5816 νοῦν
3085 5764 3115 5832 ἡ
3147 5763 3344 5832 χρῆσις
3370 5764 3463 5815 τοῦ
3496 5780 3673 5832 μακαο

2100 5856 2214 5926 ρίου
2248 5855 2548 5925 Κυρίλλου,
2582 5855 2615 5923 ἡ
2644 5853 2901 5921 λέγουσα,
2938 5855 3050 5906 Μία
3077 5854 3238 5921 φύσις
3288 5855 3384 5906 τοῦ
3458 5871 3676 5922 σαρκω-
