4084 6194
534 246 636 313 ’ΠΙ

1961 243 2396 305 THEORIANI
3715 241 3827 306 Γῖὲ

534 368 585 417 in
617 369 805 419 sancta
850 359 1118 417 'l‘rinitate
1164 356 1475 425 conﬁtetur,
1504 357 1703 417 deinde
1749 367 1942 414 natura
1973 359 2108 414 Em-

2219 360 2314 430 τὴν
2347 359 2481 431 πρὸς
2512 360 2544 431 ἠ
2555 354 2671 430 μῶν
2693 357 3141 433 ὁμολογουμένην
3182 356 3538 433 ἀνθρωπίνην
3567 357 3737 430 φύσιν
3759 360 3825 413 ὲν

535 460 797 517 manuelis
838 460 1096 521 humana,
1119 468 1295 525 ,quam
1344 467 1443 509 nos
1486 452 1833 519 conlitemur,
1880 454 1946 507 ad
1981 467 2111 508 suas

534 552 648 605 illas
688 558 799 603 tres
847 558 1073 601 naturas
1116 544 1392 613 adjuncta,
1434 559 1531 615 pro
1578 530 1848 598 Trinitate
1892 554 2114 615 quater-

534 644 749 698 nionem
791 637 910 692 fieri
964 635 1291 691 concludit:
1341 636 1546 705 Optime
1599 636 1653 690 id
1697 634 1916 705 quidem
1962 634 2114 691 facit.

533 734 741 801 Quippe
775 729 1015 798 scipsum
1045 728 1338 783 artificiose
1373 729 1655 798 periteque
1681 735 1895 797 separat
1916 726 1983 781 ab
2007 740 2115 781 uno

528 826 642 878 solo
675 823 802 887 Deo,
826 827 878 874 ct
912 821 978 874 ad
1015 820 1323 889 Opinionem
1355 820 1419 873 de
1445 817 1688 890 pluribus
1718 818 1821 874 diis
1851 816 2109 874 deﬂectit.

530 915 626 969 Sin
683 927 841 965 unam
895 910 1201 965 divinitatis
1253 920 1498 964 naturam
1547 919 1603 966 et
1651 911 1765 981 ipse
1796 910 2113 976 conﬁtetur,

519 1008 771 1076 duasque
802 1014 1028 1057 naturas
1079 1004 1131 1056 in
1174 1001 1391 1057 Christo
1426 1018 1441 1056 :
1478 1001 1749 1057 undenatn
1802 1002 1851 1056 ei
1889 1014 2109 1057 natura-

529 1115 647 1153 rum
672 1097 961 1167 quaternio
995 1094 1390 1163 proﬁciscatur,
1417 1092 1559 1149 scire
1588 1108 1823 1164 nequeo.
1846 1092 1956 1148 Nec
1981 1093 2111 1148 item

528 1189 645 1244 fieri
672 1197 872 1260 poteSI,
898 1195 955 1239 ut
976 1185 1247 1241 Trinitate
1272 1185 1685 1255 qnaternionem
1712 1186 2111 1257 [typostasiutm

529 1284 734 1350 absque
762 1281 986 1335 alterius
1020 1279 1324 1352 itypostasis
1349 1279 1669 1333 accessione
1691 1278 2014 1350 cogitemus.

598 1374 697 1430 His
727 1374 887 1429 dictis
909 1412 923 1438 ,
950 1372 1139 1428 oculos
1169 1370 1452 1427 Generalis
1489 1372 1544 1425 in
1579 1370 1775 1443 Syrum
1803 1372 1954 1426 illum
1995 1372 2113 1442 epi-

530 1483 752 1540 scopum
786 1466 1041 1537 conjecit.
1070 1465 1314 1536 Cumque
1348 1462 1557 1519 videret
1584 1478 1706 1519 eum
1737 1464 1888 1518 vultu
1917 1464 1970 1518 in
1999 1473 2110 1518 ter-

529 1577 646 1616 ram
705 1560 915 1626 defixo,
948 1552 1289 1629 nequaquam
1344 1558 1645 1630 suspicere,
1699 1571 1993 1612 conversus
2044 1557 2111 1612 ad

528 1656 926 1717 Tlteoriannm,
967 1654 1226 1710 innuebat
1252 1654 1325 1721 ei,
1367 1651 1563 1725 Syrum
1600 1652 1678 1707 uti
1719 1651 2011 1721 aspiceret.
2042 1652 2113 1706 At

2220 450 2300 521 τῷ
2337 450 2691 521 Ἐμμανουὴλ
2718 453 2839 515 ταῖς
2878 451 3046 506 αὑτοῦ
3096 449 3359 524 προσθεὶς
3408 452 3655 523 τριτταῖς
3708 450 3786 521 φύ
3811 479 3827 492 ο

2222 562 2365 606 σεσι,
2397 543 2767 614 συμπεραίνει
2796 546 2919 600 ἀντὶ
2973 544 3208 615 Τριάδος
3249 544 3489 616 τετράδα
3534 544 3823 613 γίνεσθαι,

2225 636 2429 706 ἄριστα
2457 633 2616 687 τοῦτο
2643 637 2807 690 ποιεί.
2833 636 3123 706 Εύτέχνως
3151 637 3264 707 γὰρ
3303 636 3399 688 καὶ
3425 638 3822 708 ἐπιστημόνως

2218 726 2598 797 ἀποσχοινὶζει
2622 726 2817 780 ἑαυτὸν
2832 726 2926 780 τοῦ
2943 728 3107 797 μόνου
3126 726 3287 793 Θεοῦ,
3308 727 3404 781 καὶ
3425 730 3506 792 είς
3520 729 3823 782 πολυθεϊαν

2221 818 2703 890 ἔξοστρακίζεται.
2745 819 2805 872 Ei
2832 818 2889 872 δὲ
2914 821 3047 891 μίαν
3088 818 3347 890 θεότητος
3406 819 3572 889 φύσιν
3622 823 3826 892 ὁμολο-

2218 914 2310 980 γεῖ
2341 911 2437 965 καὶ
2477 911 2667 978 αὐτὸς,
2712 910 2805 965 δύο
2837 913 2894 965 δὲ
2931 912 3127 981 φύσεις
3160 912 3253 965 ἐπὶ
3279 910 3375 966 τοῦ
3402 911 3670 983 Χριστοῦ,
3714 914 3822 965 οὐκ

2216 1001 2357 1074 οἶδα,
2390 1007 2559 1061 πόθεν
2584 1007 2734 1078 αὺτῷ
2762 1009 2796 1079 ή
2822 1009 3021 1080 τετράς
3056 1006 3168 1062 τῶν
3212 1006 3432 1077 φύσεων
3488 1009 3826 1078 ἐπεισέρχε-

2218 1115 2332 1152 ται.
2374 1096 2767 1153 ’Υποστάσεων
2803 1099 2850 1152 δ’
2885 1095 2954 1154 αὖ
3001 1099 3260 1171 τετράδα,
3314 1100 3439 1171 δίχα
3491 1100 3825 1172 προσθήκης

2218 1190 2413 1261 ἑτέρας
2440 1192 2819 1260 ὑποστάσεως,
2848 1192 2947 1264 τὴν
2973 1192 3184 1265 Τριάδα
3226 1195 3393 1258 νοεῖν,
3426 1195 3739 1265 ἀμήχανον.

2289 1374 2516 1429 Τούτων
2564 1373 2711 1429 οὕτω
2769 1373 3070 1446 ῥηθέντων,
3106 1375 3133 1427 6
3203 1372 3512 1435 Καθολικὺς
3550 1372 3631 1445 τῷ
3653 1372 3822 1443 Σύρῳ

2218 1467 2506 1537 ἐπισκόπῳ
2533 1466 2869 1537 ὲνητέκνισεν,
2908 1466 2998 1529 Ὦς
3023 1466 3118 1521 οὖν
3151 1465 3299 1538 ἑώρα
3345 1467 3542 1520 τοῦτον
3572 1468 3657 1529 εἰς
3710 1468 3823 1535 γῆν

2217 1558 2413 1629 ἔχοντα
2446 1559 2510 1612 τὸ
2539 1558 2697 1631 ὄμμα
2727 1559 2825 1612 καὶ
2845 1560 3117 1629 μηδαμῶς
3146 1558 3505 1621 ἀνανεύοντα,
3549 1558 3824 1631 στραφεὶς

2218 1652 2358 1722 πρὸς
2391 1650 2482 1705 τὸν
2521 1651 2859 1723 Θεωριανὸν,
2910 1652 3159 1705 ἐνένευεν
3217 1651 3370 1731 αὐτῷ
3418 1648 3616 1721 βλέψαι
3676 1648 3822 1719 πρὸς

522 1750 606 1815 .is,
639 1748 837 1819 Sytum
875 1746 1125 1806 intuitus,
1158 1744 1419 1810 subrisit;
1458 1754 1515 1799 et
1545 1744 1612 1798 ad
1647 1742 1965 1799 Generaletn
1997 1744 2110 1798 ait:

2219 1743 2306 1798 τὸν
2337 1743 2531 1815 Σύρον.
2580 1743 2639 1799 '0
2688 1746 2747 1799 δὲ
2796 1744 3022 1816 βλέψας,
3078 1727 3482 1815 ὑπεμειδίασευ
3522 1744 3619 1797 καί
3676 1758 3821 1812 φησι

518 1841 644 1905 Est,
676 1836 933 1905 domine,
963 1839 1105 1907 quod
1142 1836 1408 1907 insignem
1452 1836 1797 1890 sanctitatem
1842 1844 1992 1889 tuam
2027 1836 2121 1890 ἱιικσ

530 1945 829 2006 terrogem;
880 1939 1039 1999 teque
1090 1930 1314 1982 obsecro
1372 1942 1439 1982 ne
1488 1929 1585 1982 tibi
1652 1942 1816 1997 grave
1861 1928 1934 1984 sit
1994 1926 2113 1998 ejus

512 2024 771 2080 .ittdicare
800 2022 1151 2077 solutionem.

598 2114 756 2172 GEN.
786 2115 842 2168 Si
872 2112 1013 2168 Deus
1040 2112 1370 2168 intellectum
1416 2121 1533 2183 eius
1567 2112 1700 2167 mihi
1735 2112 1972 2180 dederit,
2000 2127 2111 2166 non

507 2209 793 2282 gravabor
830 2209 974 2264 illam
1005 2208 1102 2264 tibi
1130 2224 1196 2265 ex
1208 2221 1433 2279 ponere.

599 2301 856 2360 THEOR.
890 2303 1013 2360 Sint
1067 2302 1177 2369 ltic,
1207 2301 1358 2357 velut
1388 2302 1439 2355 in
1492 2300 1806 2372 itypothesi,
1844 2300 1946 2356 tria
1990 2300 2113 2372 igne

510 2400 759 2474 fpotiora,
779 2412 898 2467 quae
928 2406 1108 2451 tamen
1141 2395 1305 2450 unius
1337 2403 1548 2450 natura:
1572 2395 1701 2460 sint,
1728 2395 1845 2449 auri
1878 2393 2110 2455 scilicet.

510 2490 585 2546 Si
614 2490 806 2545 ltornm
835 2504 1001 2544 unum
1045 2490 1098 2544 in
1134 2490 1314 2559 ignem
1346 2486 1654 2558 conjecero,
1688 2488 1849 2560 plane
1885 2486 2113 2559 iguitntn

510 2580 659 2635 illud
714 2580 939 2633 duarum
988 2589 1310 2631 naturarum
1368 2578 1514 2644 erit,
1549 2577 1713 2646 ignis,
1765 2576 2009 2645 inquam,
2058 2584 2113 2630 et

508 2672 669 2727 -anri.
723 2669 926 2725 Deinde
970 2670 1084 2725 hoc
1132 2668 1285 2723 unito
1339 2667 1563 2737 reliquis
1615 2668 1825 2722 duobus
1882 2667 2111 2722 necdum

526 2763 735 2837 ignitis,
763 2763 1059 2831 interrogo,
1090 2767 1351 2832 quotnam
1375 2760 1485 2814 sint
1509 2759 1626 2815 haec
1657 2759 1822 2829 ignita
1841 2758 1867 2813 ’ί
1887 2757 2110 2825 Triane,

516 2872 630 2914 ceu
669 2853 858 2926 prius?
887 2867 955 2907 an
1000 2861 1233 2922 propter
1290 2850 1432 2924 ignis
1483 2862 1737 2905 naturam
1788 2849 1927 2908 facta
1984 2862 2115 2905 sunt

517 2956 765 3020 quatuor
783 2946 807 3003 ῒ

598 3036 760 3095 GEN.
809 3034 982 3107 Hujus
1025 3033 1472 3108 interrogationis
1510 3035 1839 3091 solutionem
1875 3043 2114 3106 exponat
2137 3075 2182 3138 ρ

514 3130 767 3188 .‘Joannes
798 3128 1247 3200 religiosissimus
1271 3130 1562 3199 episc0pus
1594 3126 1872 3183 Cessnnii.

603 3222 858 3281 THEOR.
918 3222 1057 3289 Quid
1102 3235 1231 3278 vero
1290 3222 1593 3276 sanctitatis
1658 3231 1761 3276 tuae
1825 3221 2113 3290 prudentia

518 3323 707 3380 .diciti
756 3321 976 3394 lgnisne
1018 3330 1211 3375 natura
1246 3334 1538 3375 numerum
1587 3319 1702 3374 sive
1751 3319 2111 3390 quantitatem

508 3418 693 3474 -trinm
726 3416 939 3472 illorum
970 3413 1142 3479 auxit,
1172 3413 1395 3468 annon?

584 3507 758 3567 .GEN.
786 3507 913 3564 Mihi
949 3508 1165 3579 quidem
1202 3522 1309 3561 non
1344 3506 1565 3561 auxisse
1598 3506 1829 3561 videtur.

601 3597 859 3655 THEOR.
892 3598 1057 3667 Atqui
1090 3597 1242 3667 prius
1290 3597 1404 3651 haec
1440 3597 1541 3650 tria
1572 3597 1734 3652 unius
1766 3606 1925 3651 erant
1960 3607 2118 3651 natu-

526 3707 625 3758 ra,
658 3706 804 3746 nunc
835 3691 888 3745 itt
917 3705 1025 3746 uno
1050 3692 1166 3745 dua:
1199 3699 1404 3743 natura:
1435 3689 1875 3759 conspiciuntur.

601 3780 763 3839 GEN.
800 3779 914 3835 Hoc
946 3794 1165 3852 quoque
1197 3779 1252 3834 in
1286 3776 1539 3833 confesso
1563 3788 1671 3833 est.

604 3873 861 3931 THEOB.
891 3873 1008 3930 Non
1043 3874 1208 3945 igitur
1237 3883 1321 3927 est
1348 3884 1595 3936 necesse,
1661 3872 1963 3927 trinitatem
1993 3872 2119 3927 illo—

519 3985 653 4025 .rum
678 3969 817 4041 ignis
856 3970 905 4023 vi
934 3968 1236 4038 potiorum,
1273 3964 1388 4021 ﬁeri
1422 3966 1860 4035 quaternionem,
1899 3976 2120 4035 propter

521 4063 759 4119 alteram
793 4060 937 4115 illaut
964 4068 1242 4122 naturam,
1276 4054 1537 4112 videlicet
1570 4055 1711 4127 ignis
1742 4055 1764 4111 i

587 4152 760 4213 .GEN.
790 4152 905 4208 Non
937 4162 1023 4208 est
1050 4166 1293 4207 necesse.

606 4243 862 4303 THEOR.
908 4242 1181 4313 lneptiunt
1220 4257 1374 4313 ergo,
1401 4240 1497 4313 qui
1542 4240 1759 4308 dicunt,
1809 4241 2121 4297 necessario

523 4340 688 4399 nobis
722 4339 1136 4411 quaternionem
1182 4349 1281 4405 pro
1328 4332 1603 4392 Trinitate
1647 4333 2038 4401 conﬁtendam,
2070 4336 2115 4391 si

531 4442 755 4490 naturas
784 4430 920 4486 duas
946 4429 1002 4485 in
1027 4427 1251 4485 Christo
1278 4431 1494 4485 demus.

610 4538 707 4594 His
732 4536 913 4601 dictis,
942 4548 1173 4606 surgens
1230 4534 1322 4590 ille
1380 4532 1552 4607 Syrus
1600 4534 1916 4606 episcopus,
1970 4533 2121 4589 nullo

530 4632 699 4691 verbo
759 4630 1003 4701 prolato,
1059 4629 1343 4684 cmuacuio
1403 4644 1525 4683 cum
1584 4628 1962 4683 sacerdotibus
2006 4629 2122 4682 suis

518 4738 783 4796 egressus
830 4732 932 4778 est.
985 4721 1361 4789 Interrogatus
1412 4729 1590 4774 autem
1651 4733 1682 4773 a
1739 4718 2119 4774 sacerdotibus

532 4819 667 4883 suis,
702 4830 801 4869 cur
834 4811 968 4867 niltil
1002 4828 1127 4865 cum
1164 4810 1488 4882 phiIOSOpbo
1536 4812 1751 4866 locutus
1777 4820 1925 4866 esset
1964 4827 1979 4866 :
2009 4827 2113 4866 non

531 4910 634 4965 sibi
698 4907 864 4961 licere
916 4904 1070 4970 dixit,
1106 4904 1157 4957 in
1207 4903 1381 4957 aliena
1432 4907 1642 4975 synodo
1690 4904 1755 4959 de
1807 4901 2118 4972 lmjustnodi

534 5002 698 5057 rebus
738 4996 907 5068 loqui,
949 4996 1065 5050 sine
1096 4994 1351 5049 mandato
1392 4994 1721 5064 patriarcha:
1751 4993 1855 5049 sui.

604 5089 756 5145 Tunc
812 5100 1113 5155 exsurgens
1165 5083 1479 5155 Stephanus
1530 5087 1723 5140 doctor
1771 5084 1845 5140 ait
1894 5102 1909 5141 :
1966 5085 2117 5157 Rogo

525 5184 873 5240 sanctitatem
903 5189 1137 5245 vestram
1159 5191 1216 5234 ut
1248 5193 1539 5251 parumper
1565 5195 1649 5235 me
1678 5181 1932 5236 audiatis.
1957 5179 2115 5237 Post-

530 5288 695 5347 quam
745 5272 795 5327 ei
848 5270 1002 5343 copia
1054 5270 1270 5325 dicendi
1309 5271 1433 5325 data
1484 5271 1880 5337 est:Qnidam,
1917 5272 2108 5341 inquit,

533 5365 913 5436 luditnagister
964 5364 1129 5433 cmpit
1182 5364 1467 5435 puerulum
1520 5367 1775 5428 educere,
1829 5367 2118 5437 aiebatqtte

532 5463 632 5534 ipsi
656 5459 991 5527 :DicAlpha.
1026 5458 1076 5515 ls
1108 5470 1288 5513 autem
1322 5457 1541 5515 nolebat
1571 5458 1779 5515 dicere.
1802 5460 2012 5519 Rursus
2038 5463 2118 5517 lu.

537 5560 856 5629 dimagister
889 5554 1070 5612 aiebat
1097 5552 1195 5626 ipsi
1220 5570 1235 5608 ι
1258 5553 1566 5623 DicAIpIta.
1604 5551 1654 5610 is
1689 5567 1818 5608 vero
1864 5554 2119 5612 similiter

2216 1834 2353 1906 πρὸς
2383 1836 2476 1887 τὸν
2510 1834 2819 1889 Καϐολικόν
2844 1851 2858 1865 ο
2890 1835 3162 1899 Δέσποτα,
3195 1835 3462 1905 ἐρώτημα
3509 1832 3619 1903 ἔχω
3673 1834 3821 1904 πρὸς

2213 1926 2315 1998 τὴν
2349 1925 2598 1997 μεγάλην
2649 1927 2967 1999 ἁγιωσύνην
3003 1944 3119 1993 σου,
3192 1926 3288 1980 καὶ
3345 1926 3682 1996 παρακαλῶ,
3736 1926 3820 1997 μὴ

2216 2019 2565 2092 κατοκνήσῃς
2591 2020 2772 2072 εἰπεῖν
2805 2036 2899 2089 μοι
2926 2020 3027 2088 τὴν
3054 2016 3247 2071 τούτου
3271 2016 3451 2072 λύσιν.

2299 2109 2358 2165 '0
2387 2110 2549 2168 ΚΑΘ.
2599 2110 2730 2165 Ἐὰν
2755 2114 2783 2166 6
2810 2112 2944 2175 Θεὸς
2965 2111 3128 2165 δώσει
3186 2128 3279 2181 μοι
3298 2113 3398 2183 τὴν
3436 2109 3631 2163 τούτου
3672 2108 3821 2179 γνῶ-

2218 2221 2327 2268 σιν.
2378 2205 2440 2259 οὐ
2470 2205 2802 2276 κατοκνήσω
2840 2203 3051 2277 ταύτην
3082 2205 3259 2257 εἰπεῖν
3295 2220 3401 2258 σοι.

2299 2299 2359 2354 '0
2389 2299 2590 2353 ΘΕΩΡ.
2662 2300 2951 2353 Ἔστωσαν
3009 2301 3083 2364 ὡς
3133 2301 3189 2353 ὲν
3260 2298 3523 2354 ὑποθέσει
3578 2298 3825 2354 ἐνταῦθα

2216 2392 2510 2465 ὑπέρπυρα
2543 2392 2695 2463 τρία,
2732 2396 2863 2464 μιᾶς
2900 2393 3033 2449 ὄντα
3064 2396 3306 2465 φύσεως,
3364 2393 3569 2465 χρυσοῦ
3609 2392 3812 2463 δηλον-

2215 2485 2319 2542 ότι.
2390 2486 2517 2541 Ἐὰν
2547 2483 2643 2540 οὖν
2688 2487 2898 2540 τούτων
2946 2487 3004 2539 ἓν
3051 2488 3416 2558 πυρακτήσω,
3463 2486 3619 2541 ἔσται
3668 2485 3820 2542 πάν-

2214 2595 2325 2642 τως
2351 2578 2413 2631 τὸ
2443 2580 2961 2651 πεπυρακτωμένον
2990 2577 3086 2632 δύο
3121 2579 3365 2649 φύσεων,
3406 2579 3554 2648 λέγω
3603 2578 3668 2649 δὴ
3710 2597 3818 2633 πυ-

2216 2671 2311 2742 ρὸς
2360 2671 2456 2724 καὶ
2506 2670 2737 2741 χρυσοῦ.
2800 2667 2936 2724 Εἶτα
2998 2669 3211 2734 ἑνώσας
3250 2669 3415 2723 τοῦτο
3451 2672 3567 2733 τοῖς
3600 2669 3819 2733 λοιποῖς

2213 2762 2336 2816 δυσὶ
2394 2764 2507 2827 τοῖς
2548 2762 2624 2835 μὴ
2673 2763 3234 2833 πεπυρακτωμένοις,
3289 2762 3482 2834 δρωτῶ
3516 2764 3664 2817 πόσα
3717 2762 3818 2815 νῦν

2215 2856 2324 2910 εἰσι
2357 2854 2530 2910 ταῦτα
2561 2859 2629 2911 τὰ
2653 2857 2952 2929 ὑπέρπυρα
2985 2873 3001 2922 ;
3048 2856 3208 2926 Τρία,
3241 2857 3317 2920 ὼς
3346 2855 3582 2929 πρώην;
3632 2856 3668 2927 ἢ
3724 2855 3820 2909 διὰ

2213 2947 2313 3020 τὴν
2348 2949 2512 3019 φύσιν
2545 2949 2637 3003 τοῦ
2680 2948 2854 3021 πυρὸς
2880 2948 3138 3017 ἐγένοντο
3176 2938 3463 3020 τέσσαρας

2303 3042 2362 3096 '0
2413 3041 2574 3096 ΚΑΘ.
2615 3040 2821 3095 Τούτου
2855 3041 2949 3094 τοῦ
2986 3040 3352 3113 ἐρωτήματος
3397 3040 3426 3094 6
3473 3040 3819 3095 εύλαὸἐστα-

2218 3150 2312 3198 τος
2350 3134 2650 3198 ἐπίσκοπος
2676 3134 3012 3187 Κεσσουνίου
3048 3132 3303 3207 Ἰωάννης
3328 3132 3460 3205 εἴπῃ
3490 3132 3591 3205 τὴν
3632 3133 3819 3187 λύσιν.

2304 3228 2363 3281 '0
2407 3227 2603 3282 ΘΕΩΡ.
2643 3227 2708 3281 Ἦ
2735 3226 2954 3290 σύνεσις
2985 3228 3040 3280 δὲ
3087 3227 3187 3298 τῆς
3224 3226 3542 3299 ἁγιωσύνης
3603 3244 3700 3280 σου
3756 3227 3818 3278 τί

2217 3320 2413 3389 λέγεις
2479 3321 2543 3373 Ἡ
2600 3320 2767 3390 φύσις
2819 3318 2917 3373 τοῦ
2978 3318 3156 3391 πυρὸς
3215 3316 3424 3391 ηὔξησε
3456 3321 3549 3374 τὸν
3576 3319 3818 3390 ἀριθμὸν

2218 3415 2337 3487 ῐιτοι
2364 3415 2426 3467 τὸ
2454 3414 2617 3468 ποσὸν
2636 3415 2745 3467 τῶν
2772 3412 2963 3485 τριῶν,
2992 3411 3111 3484 ἧοῠ
3141 3429 3159 3481 ;

2292 3504 2363 3559 "0
2404 3507 2565 3559 ΚΑΘ.
2607 3506 2840 3577 Ἔμοιγε
2886 3504 3023 3568 τέως
3055 3504 3227 3571 δοκεῖ,
3268 3505 3353 3558 ὅτι
3402 3505 3504 3559 οὐκ
3547 3502 3815 3576 ηὔξησεν.

2301 3599 2361 3651 '0
2391 3597 2585 3652 ΘΕΩΡ.
2640 3599 2750 3654 Καὶ
2803 3596 2914 3671 μὴν
2958 3598 3155 3669 πρώην
3208 3600 3339 3670 μιᾶς
3400 3592 3545 3670 ἦσαν
3593 3598 3819 3670 φύσεως

2218 3692 2288 3746 τά
2320 3695 2470 3765 τρία,
2514 3691 2633 3745 νυνὶ
2654 3691 2712 3746 δὲ
2751 3696 2809 3745 ἐν
2835 3692 2913 3764 τῷ
2945 3691 3027 3745 ἐνὶ
3059 3689 3154 3745 δύο
3182 3692 3535 3766 καθορῶνται
3592 3693 3817 3763 φύσεις.

2303 3784 2363 3840 Ὀ
2396 3784 2555 3839 ΚΛΘ.
2612 3784 2988 3854 Ὀμολογεῑται
3011 3784 3107 3839 καὶ
3135 3784 3313 3841 τοῦτο.

2303 3876 2363 3931 '0
2409 3877 2605 3932 ΘΕΩΡ.
2666 3876 2780 3931 Ούκ
2806 3878 3023 3949 ἀνάγκη
3063 3877 3252 3931 λοιπὸν
3307 3878 3407 3949 τὴν
3463 3880 3659 3950 τριάδα
3704 3898 3819 3935 των

2220 3971 2559 4043 ὑπερπύρων
2592 3970 2827 4040 τετράδα
2856 3970 3114 4040 γενέσθαι
3141 3970 3233 4025 διὰ
3261 3972 3359 4043 τὴν
3394 3972 3591 4045 ἑτέραν
3622 3973 3817 4045 φύσιν,

2220 4062 2340 4135 ἦτοι
2373 4061 2468 4115 τοῦ
2504 4064 2674 4133 πυρός
2699 4080 2717 4130 ;
2932 4094 2937 4099 -

2302 4153 2364 4209 '0
2396 4153 2560 4210 ΚΑΘ.
2594 4156 2708 4209 Ούκ
2748 4156 2986 4231 ἀνάγκη.

2300 4245 2361 4301 '0
2388 4246 2583 4303 ΘΕΩΡ.
2620 4249 3101 4320 Περιττολογοῦσιν
3129 4251 3241 4324 ἄρα
3268 4251 3320 4305 oi
3372 4250 3648 4318 λέγοντες,
3707 4252 3807 4308 ’Δρ

2220 4345 2399 4418 νάγκη
2421 4346 2656 4416 τετράδα
2675 4346 2797 4399 ἀντὶ
2823 4347 3058 4419 Τριάδος
3085 4346 3395 4419 ὁμολογεῖν,
3424 4348 3472 4399 εί
3495 4346 3589 4400 δύο
3616 4347 3817 4418 φύσεις

2146 4435 2197 4495 Ι)
2224 4440 2282 4493 ὲν
2315 4440 2391 4508 τῷ
2435 4438 2659 4511 Χριστῷ
2682 4438 2953 4511 δώσομεν.

2291 4528 2513 4584 Τούτων
2528 4529 2672 4584 οὕτω
2693 4531 2994 4604 ῥηθέντων,
3027 4533 3057 4585 ὁ
3089 4532 3261 4607 Σύρος
3310 4533 3613 4600 ἐπίσκοπος
3676 4536 3817 4590 ἀντι.⁸

2223 4624 2356 4688 στὰς
2389 4623 2582 4693 ἐξῆλθε
2613 4625 2710 4679 τοῦ
2738 4625 3017 4697 ἀνωγαίου
3089 4628 3227 4700 μετὰ
3265 4627 3373 4681 τῶν
3404 4630 3598 4701 ἱερέων
3619 4630 3813 4696 αὐτοῦ,

2223 4714 2392 4788 μηδὲν
2420 4716 2685 4772 ἐπειπών.
2728 4718 3064 4790 Ἐρωτηθεὶς
3098 4719 3154 4771 δὲ
3198 4720 3352 4791 παρά
3384 4720 3495 4774 τῶν
3527 4722 3696 4776 αὐτοῦ
3735 4725 3816 4777 lc-

2228 4808 2395 4879 ρέων,
2416 4806 2505 4862 διὰ
2536 4810 2589 4862 τί
2620 4809 2720 4863 οὐκ
2752 4810 3022 4882 ὲλάλησάς
3047 4829 3099 4864 τι
3126 4814 3263 4884 πρὸς
3310 4813 3404 4867 τὸν
3472 4815 3770 4887 φιλόσοφον
3796 4834 3810 4883 ;

2227 4898 2380 4957 εἶπεν
2402 4903 2507 4963 ὅτι,
2543 4903 2659 4955 Οὐκ
2727 4902 2906 4967 ἔξεστί
2944 4920 3035 4976 μοι
3058 4904 3115 4956 ἐν
3142 4905 3403 4978 ἀλλοτρίᾳ
3441 4908 3649 4981 συνόδῳ
3684 4913 3818 4981 περὶ

2140 5036 2143 5039 μ
2222 4996 2334 5050 τῶν
2363 4994 2628 5049 τοιούτων
2659 4995 2845 5049 λαλεῖν
2877 4996 2954 5067 (1)
2987 4996 3116 5050 ἄνευ
3151 4997 3247 5052 τοῦ
3282 5000 3416 5071 ἐμοῦ
3440 5002 3814 5076 πατριάρχου.

2296 5086 2389 5141 Ἐν
2414 5086 2624 5151 τούτοις
2656 5087 2897 5151 ἀναστὰς
2948 5090 3225 5159 Στέφανος
3246 5092 3273 5143 6
3302 5091 3622 5158 διδάσκαλος
3653 5091 3777 5148 είπε
3796 5110 3813 5125 ·

2224 5178 2544 5249 Παρακαλῶ
2595 5180 2692 5250 τὴν
2746 5178 3062 5253 ἁγιωσύνην
3097 5182 3254 5252 ὑμῶν
3296 5184 3533 5239 ἀκοῦσαί
3582 5203 3688 5257 μου
3719 5206 3817 5259 μι-

2224 5272 2382 5343 κρόν.
2427 5271 2516 5336 Ὠς
2546 5273 2603 5325 δὲ
2645 5272 2932 5344 ἐπετράπη
2951 5272 3104 5345 αὐτῷ
3134 5275 3390 5347 λαλῆσαι,
3432 5274 3589 5331 εἷπε·
3654 5280 3820 5337 Διδάο

2226 5363 2426 5425 σκαλός
2444 5381 2529 5428 τις
2558 5364 2767 5436 ἦρξατο
2798 5364 3132 5439 μαθητεύειν
3157 5367 3471 5441 παιδάριον,
3502 5370 3601 5428 καὶ
3626 5372 3818 5443 ἔλεγεν

2228 5460 2403 5534 αὐτῷ,
2422 5462 2559 5535 Εἰπὲ
2582 5461 2770 5534 ἄλφα.
2794 5463 2868 5517 T6
2894 5461 2953 5517 δὲ
2982 5464 3083 5518 οὐκ
3117 5465 3311 5536 ἤθελεν
3341 5468 3536 5523 είπεῐν.
3572 5470 3682 5524 Καὶ
3718 5473 3819 5526 πά.

2230 5556 2314 5612 λιν
2343 5560 2369 5613 6
2402 5558 2726 5624 διδάσκαλος
2772 5557 2959 5629 ἔλεγεν
2986 5558 3135 5630 αὐτῷ
3156 5601 3173 5619 ,
3227 5561 3363 5615 Εἰπὲ
3401 5562 3589 5634 ἄλφα.
3630 5563 3703 5618 Τὸ
3738 5563 3817 5619 δὲ

610 5736 689 5810 (l)
718 5734 993 5792 llactenus
1021 5731 1211 5791 editio.
1247 5730 1488 5803 Pergunt
1517 5730 1716 5790 deinde
1747 5731 1962 5791 codices
1999 5728 2267 5791 Vaticani.
