4084 6194
281 229 388 295 173
1668 229 1874 290 DIS‘PI

1977 226 2127 288 ιΤΙΟ
2165 226 2210 286 Ι.
3452 220 3554 290 174-

275 345 485 414 optatio;
534 341 773 397 ἐσιώπα.
825 338 959 397 Εἶτα
1023 344 1417 414 ἀγανακτήσας
1471 343 1498 396 6
1550 341 1872 401 διδάσκαλος

1977 337 2193 390 silebat.
2226 333 2363 388 Tum
2399 333 2779 405 luditnagistcr
2817 333 3169 389 stomachans
3199 332 3276 389 ait
3307 337 3558 403 puerulo:

273 437 429 504 λέγει
460 435 540 508 τῷ
571 437 872 508 παιδαρίῳ,
906 437 1008 490 Διὰ
1052 437 1108 490 τι
1144 438 1207 491 ού
1241 437 1458 505 λέγεις;
1502 435 1576 487 Τὸ
1628 433 1685 486 δὲ
1741 434 1869 501 ἔφη,

1977 431 2084 488 Cur
2113 446 2216 486 non
2250 430 2512 502 loqueris?
2538 431 2630 500 qui
2660 431 2951 498 respondit
2964 430 3165 493 :fAlpha
3188 431 3369 486 dicere
3393 445 3561 502 expth

272 529 559 600 Φοϐοῦμαι
590 531 768 583 εἰπεῖν
791 530 980 599 ἄλφα,
1021 530 1109 584 ἵνα
1138 532 1210 602 μή
1247 548 1317 601 με
1340 527 1660 599 ἀναγκάσῃς
1696 527 1873 579 εἰπεῖν

1977 537 2158 589 vesco,
2186 537 2255 577 ne
2281 538 2368 576 me
2410 522 2666 590 deinceps
2691 531 2915 577 caeteras
2945 537 3164 592 quoque
3193 521 3406 581 litteras
3431 535 3561 593 proo

274 626 372 679 καὶ
401 625 472 679 τὰ
508 625 660 696 ἑξῆς.
691 623 864 678 Τοῦτο
883 625 1028 694 λέγω
1061 623 1241 692 κάγὼ,
1288 622 1414 676 Ἐὰν
1441 620 1872 693 ὁμολογήσωμεν

1977 614 2229 671 nuntiare
2254 629 2441 684 cOgas.
2474 613 2674 670 Eadem
2703 628 2805 684 ego
2837 615 3195 684 rcSponsione
3237 625 3379 670 utor.
3423 612 3558 668 Nam

272 717 372 771 δύο
411 717 610 785 φύσεις
665 718 723 768 ἐν
777 717 853 786 τῷ
907 715 1156 786 Χριστῷ,
1199 715 1412 784 ἀνάγκη
1460 714 1682 774 πάντως
1724 711 1874 781 ἡμᾶς

1977 708 2020 763 si
2045 708 2180 763 duas
2212 708 2266 762 in
2297 708 2514 762 Christo
2543 706 2840 764 fatebimur
2888 719 3133 772 naturas,
3166 722 3389 777 prorsus
3425 721 3560 775 opus

273 811 374 863 καὶ
400 810 498 863 δύο
521 811 831 882 ἐνεργείας,
852 810 949 862 καὶ
969 807 1065 861 δύο
1085 807 1366 885 θελήματα
1388 810 1586 861 εἰπεῖν·
1609 806 1702 859 καὶ
1719 804 1873 858 ἔσται

1977 803 2082 857 erit
2107 803 2244 856 duas
2267 815 2486 872 quoque
2513 801 2698 855 dicere
2727 800 3074 867 operationes
3106 809 3163 854 et.
3201 800 3336 854 duas
3363 800 3559 854 volun-

274 907 304 957 6
342 899 422 968 εἷς
456 906 700 975 Χριστὸς
729 905 903 958 θέλων
949 903 1046 958 καὶ
1094 903 1170 973 μὴ
1203 902 1374 956 θέλων
1415 902 1477 954 τὸ
1512 899 1648 954 αὐτὸ
1679 899 1777 953 καὶ
1815 897 1875 951 ἓν

278 999 544 1067 πρᾶγμα,
586 997 785 1061 καίτις
824 997 972 1067 μάχη
1013 995 1139 1051 καθ’
1163 985 1360 1048 ἑαυτοῦ
1391 993 1547 1047 ἔσται
1603 989 1683 1062 τῷ
1742 990 1824 1042 ἐνί
1856 1003 1871 1018 ·

273 1089 304 1142 ὃ
332 1090 464 1142 οὐδὲ
511 1090 592 1160 τῷ
636 1090 862 1162 τυχόντι
911 1088 1189 1163 ἀνθρώπῳ
1241 1087 1522 1157 συμϐῆναι
1573 1086 1790 1156 πρέπον
1837 1084 1871 1156 ἦ

273 1182 634 1254 ἐνδεχόμενον
661 1184 807 1238 εἴποι
835 1201 920 1249 τις
948 1184 1038 1240 ἄν.

348 1361 553 1417 ΘΕΩΡ.
583 1361 692 1416 Τοῦ
724 1362 979 1432 λέγοντος
1002 1364 1095 1418 δύο
1125 1363 1411 1437 θελήματα
1442 1364 1698 1436 ἀλλήλοις
1723 1365 1878 1418 ἐναν-

275 1453 568 1526 τιούμενα,
611 1461 710 1509 καὶ
751 1455 846 1510 δύο
900 1456 1183 1526 ἐνεργείας
1251 1456 1573 1528 μαχομένας
1613 1457 1876 1527 ἀλλήλαις

276 1549 337 1601 ἐν
355 1547 437 1619 τῷ
469 1550 551 1602 ἑνὶ
581 1549 825 1621 Χριστῷ,
850 1544 895 1604 ὧ
919 1550 1232 1614 διδάσκαλε,
1263 1550 1385 1605 οὐδὲ
1415 1549 1655 1603 ἀκοῦσαι
1686 1548 1876 1611 ποσῶς

273 1641 616 1714 ἀνεχόμεθα.
650 1638 777 1712 Εἶχε
813 1644 1038 1715 μὲνγὰρ
1067 1643 1130 1697 τὺ
1145 1644 1451 1713 πεφυκέναι
1487 1643 1662 1698 θέλειν
1687 1646 1716 1697 6
1741 1660 1879 1715 σαρ-

1977 901 2120 949 tates
2147 911 2164 947 :
2189 903 2351 963 atque
2381 892 2458 948 ita
2483 907 2624 948 unus
2663 891 2916 962 idemque
2932 891 3184 947 Christus
3217 907 3382 946 unam
3410 906 3564 947 eam,

1975 987 2211 1056 demque
2230 1002 2342 1042 rem
2364 988 2506 1043 volet
2520 995 2574 1043 et
2592 987 2758 1046 uolet.
2777 995 2832 1042 et
2852 1002 3025 1058 pugna
3043 988 3286 1057 quaedam
3304 986 3564 1043 adversus

1977 1095 2036 1135 se
2069 1080 2242 1150 ipsum
2275 1081 2367 1136 uni
2397 1082 2648 1154 subjecto
2677 1082 2827 1138 erit:
2856 1083 2998 1151 quod
3030 1083 3247 1152 quidem
3299 1097 3366 1136 ne
3402 1082 3562 1138 cuili-

1978 1171 2067 1226 bet
2099 1174 2316 1241 quidem
2349 1173 2550 1229 homini
2583 1174 2832 1229 accidere
2867 1172 2948 1228 vel
2977 1187 3276 1245 congruum
3315 1175 3399 1230 vel
3428 1189 3558 1244 pro-

1981 1263 2157 1316 babile
2179 1265 2452 1335 quispiam
2486 1265 2703 1320 dixerit.

2051 1354 2260 1412 THER.
2307 1358 2440 1413 Eum
2473 1359 2564 1429 qui
2611 1359 2756 1415 dicat
2789 1360 2926 1414 duas
2979 1360 3209 1414 invicem
3259 1363 3564 1417 contrarias

1979 1451 2308 1516 voluntates,
2337 1459 2392 1505 et
2429 1453 2564 1507 duas
2598 1452 2880 1508 discordes
2927 1454 2980 1507 in
3036 1452 3256 1510 Christo
3289 1458 3564 1524 Operatio-

1978 1563 2096 1615 ues,
2128 1564 2161 1604 ο
2191 1551 2401 1616 doctor,
2432 1566 2498 1605 ne
2528 1550 2795 1621 tantisper
2820 1552 3038 1621 quidem
3068 1553 3254 1608 audire
3273 1555 3561 1624 patiemur.

1979 1641 2116 1698 Nam
2141 1655 2194 1699 et
2250 1653 2521 1712 quatenus
2556 1645 2717 1701 homo
2744 1645 2952 1702 voleudi
2991 1647 3249 1703 facultate
3277 1649 3564 1720 praeditum

272 1734 486 1800 κωθεὶς
522 1737 698 1804 Λόγος
730 1735 807 1800 ὡς
826 1736 1139 1808 ἄνθρωπος,
1183 1737 1265 1809 τῷ
1300 1738 1452 1810 αὐτῷ
1499 1737 1669 1810 θεῖκῷ
1710 1738 1873 1808 θελή-

1977 1747 2098 1793 erat
2148 1737 2490 1795 incarnatum
2527 1738 2807 1807 Verbum;
2850 1741 2940 1796 illa
2992 1751 3171 1797 tamen
3225 1759 3253 1797 a
3289 1745 3569 1800 voluntate

276 1842 412 1896 ματι
435 1827 770 1899 κινούμενόν
800 1845 860 1882 τε
900 1830 995 1882 καὶ
1032 1827 1402 1899 τυπούμενον,
1445 1830 1546 1883 οὐκ
1594 1830 1877 1883 ἐναντιού-

276 1932 465 1985 μενον.
505 1917 580 1970 Τὸ
617 1919 729 1991 γὰρ
761 1921 974 1974 ἐκείνου
1009 1921 1206 1984 θέλειν,
1248 1921 1417 1992 φησὶν
1459 1923 1488 1975 6
1553 1921 1692 1985 θεῖος
1742 1922 1879 1992 Γρη-

271 2011 484 2080 γόριος,
515 2011 670 2067 οὐδὲν
717 2013 1038 2068 ὑπεναντίον
1091 2014 1230 2085 Θεῷ,
1274 2014 1475 2068 θεωθὲν
1528 2015 1671 2068 ὅλον.
1705 2015 1768 2068 Et
1815 2015 1876 2068 δὲ

195 2136 199 2138 -
270 2102 626 2176 τεθέωτο,τῇ
661 2106 758 2158 τοῦ
787 2107 1041 2172 θεοῦντος
1071 2108 1314 2179 δηλονότι
1337 2109 1586 2179 συμφυῖᾳ
1610 2108 1872 2162 τεθέωτοο

269 2197 335 2250 τὺ
359 2197 554 2262 ,θεοῦν
615 2201 710 2252 καὶ
762 2200 1098 2271 θεούμενον,
1158 2202 1254 2255 δύο
1311 2202 1534 2265 πάντως
1596 2203 1714 2254 ἀλλ’
1776 2203 1876 2274 οὐχ

271 2292 355 2354 ἓν,
389 2292 552 2363 εἴπερ
574 2293 685 2350 τῶν
719 2295 856 2366 πρός
880 2312 933 2348 τι
971 2298 1030 2349 τό
1075 2313 1135 2348 τε
1189 2294 1349 2349 θεοῦν
1384 2298 1478 2350 καὶ
1517 2295 1576 2349 τὸ
1645 2298 1877 2367 θεούμε-

272 2400 392 2438 νον.
421 2385 505 2439 Τὰ
538 2385 597 2439 δὲ
632 2386 771 2457 πρός
793 2404 868 2452 τι,
894 2389 1116 2451 πάντως
1145 2387 1401 2460 ἀλλήλοις
1446 2389 1873 2459 συνεισάγεσθαι

272 2479 516 2548 πέφυκε,
571 2481 670 2533 καὶ
723 2482 938 2553 θατέρῳ
966 2483 1404 2537 συνεπινοεῖσθαι
1443 2484 1704 2556 Θάτερον⁶
1756 2481 1873 2555 εἶχε

277 2574 382 2642 μὲν
404 2569 503 2626 οὖν
531 2573 748 2644 θέλημα
786 2575 1020 2645 φυσικὸν
1042 2577 1119 2640 ῶς
1142 2577 1439 2648 ἄνθρωπος
1469 2580 1496 2630 6
1523 2577 1738 2650 Σωτὴρ,
1793 2578 1875 2648 τῷ

274 2666 432 2738 αὐτῷ
473 2667 642 2738 θεῖκῷ
682 2669 956 2739 θελήματι
985 2671 1356 2742 τυπούμενον,
1397 2672 1499 2725 οὐκ
1521 2673 1875 2744 ἐναντιούμε-

273 2777 392 2813 νον·
426 2761 491 2812 οὖ
512 2763 622 2832 γὰρ
646 2764 980 2830 ὴναντίωται
1011 2765 1327 2818 παντάπασι
1355 2765 1432 2835 τῷ
1455 2765 1597 2836 esito
1622 2766 1685 2819 τὸ
1714 2783 1876 2835 φυσι-

276 2853 398 2918 κὸν,
433 2855 556 2906 ἐπεὶ
590 2855 684 2909 τὸν
720 2853 957 2926 Ποιητὴν
991 2855 1265 2908 αἰτιατέον
1295 2856 1643 2928 πεποιηκότα
1675 2857 1738 2909 τὸ
1771 2857 1876 2927 φύ-

276 2963 366 3000 σει
393 2946 731 3019 μαχόμενον.

355 3129 632 3198 Στέφανος
656 3131 684 3182 6
709 3129 1028 3194 δίδασκαλος
1066 3127 1186 3185 εἷπε
1223 3149 1236 3162 ·
1284 3131 1397 3202 Τὴν
1431 3132 1562 3204 μίαν
1631 3131 1874 3188 ὑπόστα-

278 3235 372 3273 σιν
394 3220 492 3273 δύο
531 3220 715 3290 λέγειν
756 3221 1006 3293 θελήσεις
1061 3222 1231 3293 ἔχειν,
1266 3225 1380 3277 τῶν
1433 3225 1714 3280 ἀδυνάτων
1777 3229 1875 3281 καὶ

276 3317 588 3386 ἀμηχάνων
620 3320 717 3370 καὶ
746 3317 1031 3371 ἀπιθάνων
1059 3318 1203 3373 ἐστι.
1235 3319 1360 3384 Πῶς
1388 3319 1498 3392 γὰρ
1541 3319 1873 3392 μερισθήσε-

274 3426 374 3464 ται
411 3413 443 3465 6
488 3408 570 3475 εἷς
595 3413 718 3466 καθ’
746 3413 971 3479 ὲαυτόν;

351 3505 551 3559 ΘΕΩΡ.
614 3505 932 3576 Ὀμολογεῖς
960 3509 1049 3562 τὸν
1072 3508 1313 3581 Χριστὸν
1345 3506 1605 3577 πεινῆσαι
1638 3505 1735 3560 καὶ
1788 3508 1871 3560 δι-

273 3599 456 3668 ψῆσαι
498 3600 592 3653 καὶ
630 3600 898 3665 νυστάξαι
935 3603 1030 3655 καὶ
1079 3603 1368 3668 κοπιάσαι,
1417 3601 1492 3664 ὡς
1551 3603 1694 3654 κατὰ
1735 3601 1872 3671 ἀλή-

277 3691 441 3744 θειαν
468 3691 759 3761 ἄνθρωπον
788 3692 943 3758 ὄντα,
968 3692 1001 3762 ἢ
1026 3691 1120 3760 ob;

363 3784 424 3838 Ὀ
469 3785 917 3839 ΔιΔΑΣΚΑΛΟΣ.
968 3785 1093 3849 Πῶς
1137 3786 1243 3856 γὰρ
1284 3784 1344 3838 οὔ
1373 3803 1390 3851 ;
1423 3784 1744 3855 Ἀνθρωπος
1773 3783 1869 3851 ὢν,

275 3881 426 3935 κατὰ
456 3881 741 3951 ἀλήθειαν,
770 3880 832 3934 οὐ
868 3881 1012 3934 κατὰ
1035 3880 1365 3951 φαντασίαν,
1386 3875 1500 3950 εἶχε
1530 3878 1728 3933 ταῦτα.

362 3972 424 4025 Ὀ
474 3973 673 4025 ΘΕΩΡ.
705 3973 930 4038 Λοιπὸν,
968 3973 1166 4026 πεινῶν
1190 3971 1350 4044 ἤθελε
1391 3974 1610 4042 φαγεῖν,
1657 3973 1751 4025 καὶ
1794 3971 1870 4025 δι-

276 4064 398 4132 ψῶν
431 4061 590 4133 ήθελε
617 4064 786 4126 πιεῖν,
817 4063 916 4114 καὶ
948 4061 1230 4127 νυστάζων
1260 4061 1533 4126 ὑπνῶσαι,
1581 4062 1676 4116 utSt
1703 4061 1870 4116 τᾶλλα

276 4157 545 4220 ὡσαύτως
572 4174 588 4223 ;

367 4251 428 4305 ὐ
452 4249 720 4304 ΔΙΔΑΣΚ.
743 4248 998 4303 Μάλιστα
1026 4247 1208 4321 ἤθελε,
1245 4250 1338 4303 καὶ
1368 4252 1492 4304 καθ’
1531 4251 1561 4304 ὃ
1586 4249 1741 4315 Θεὸς,
1782 4251 1873 4304 ἵνα

275 4346 311 4418 ὴ
344 4345 476 4410 ἁγία
511 4343 676 4397 αὐτοῦ
703 4344 844 4415 σὰρξ
868 4343 1042 4414 φάγῃ.

1899 3075 1947 3137 C

1982 1830 2163 1885 divina
2207 1831 2623 1901 permovebatur
2669 1841 2724 1888 ct
2775 1832 3196 1901 inl‘ormabatur,
3227 1851 3337 1892 non
3379 1847 3564 1894 autem

1984 1929 2338 1998 repugnabat.
2371 1929 2615 1999 Namque
2645 1932 2880 1986 humana
2920 1931 3193 1993 voluntas,
3223 1945 3281 1987 ut
3305 1935 3382 1989 ait
3411 1935 3567 1991 divus

1979 2018 2296 2090 Gregorius.
2331 2020 2442 2077 Deo
2475 2037 2579 2075 non
2628 2022 3044 2090 adversabatur,
3079 2025 3205 2092 quia
3260 2035 3375 2082 tota
3404 2027 3561 2082 deiti-

1978 2110 2228 2167 cabatur.
2279 2110 2431 2178 Quod
2466 2113 2510 2166 si
2563 2111 2950 2180 deiﬁcabatur,
2981 2117 3048 2170 ab
3103 2117 3308 2173 unione
3356 2119 3566 2175 scilicet

1978 2217 2100 2256 cum
2146 2204 2253 2259 Deo
2287 2203 2665 2259 deiﬁcabatur.
2700 2203 2958 2261 Jamvero
3008 2207 3270 2263 deiﬁcans
3320 2219 3375 2265 et
3405 2211 3567 2265 deiﬁ-

1979 2303 2184 2360 catum,
2213 2294 2320 2350 duo
2343 2313 2564 2368 prorsus
2585 2308 2738 2360 sunt,
2763 2313 2871 2355 non
2902 2314 3066 2353 unum
3091 2317 3106 2365 ;
3142 2303 3399 2371 quoniam
3426 2303 3568 2358 rela-

1981 2386 2074 2440 tivi
2111 2388 2324 2442 termini
2379 2398 2508 2444 sunt
2553 2389 2816 2445 deilicaus
2861 2399 2917 2444 et
2959 2391 3272 2447 deiﬁcatum
3307 2411 3321 2447 :
3356 2395 3567 2451 relativi

1979 2490 2157 2535 autem
2189 2481 2401 2536 termini
2428 2483 2649 2537 omnino
2682 2482 2911 2536 invicem
2944 2497 3370 2551 connectuntur,
3402 2497 3455 2541 et
3487 2488 3566 2542 al-

1980 2582 2153 2629 terum
2179 2592 2300 2629 cum
2326 2575 2498 2630 altero
2518 2577 2808 2647 cogitatur.
2833 2573 3034 2631 Habuit
3065 2578 3232 2648 igitur
3258 2581 3565 2638 naturalem

1977 2666 2308 2722 voluntatem
2340 2677 2398 2722 ut
2445 2668 2611 2722 homo
2651 2667 2933 2733 Servator,
2963 2669 3163 2724 divina:
3194 2671 3295 2740 ipsi
3349 2673 3570 2729 cunl'or-

1979 2776 2146 2825 mem,
2176 2775 2282 2814 non
2335 2758 2714 2812 adversantem
2760 2778 2775 2815 :
2812 2774 2936 2812 nam
2973 2763 3113 2829 quod
3162 2763 3411 2818 naturale
3459 2776 3568 2832 est,

1977 2865 2201 2921 prorsus
2251 2850 2361 2904 Deo
2394 2865 2501 2903 non
2537 2851 2887 2917 adversatur;
2928 2851 3168 2922 alioquin
3215 2853 3446 2909 Creator
3486 2873 3571 2912 re-

1977 2944 2394 3014 prehendendus
2444 2954 2613 3012 esset,
2668 2944 2760 3015 qui
2818 2955 3010 2999 natura
3066 2946 3168 3001 sibi
3228 2951 3568 3007 contrarium

1978 3045 2238 3092 creasset.

2051 3129 2363 3198 Stephanus
2393 3131 2586 3186 doctor
2615 3131 2692 3185 ait
2724 3150 2738 3186 :
2769 3129 2936 3200 Atqui
2975 3131 3026 3184 in
3071 3133 3228 3187 unica
3284 3133 3566 3205 bypostasi

1976 3220 2110 3275 duas
2146 3218 2416 3277 allirmare
2468 3222 2798 3291 voluntates,
2850 3223 3211 3294 impossibile,
3264 3226 3563 3296 inexplica-

1975 3312 2104 3378 bile,
2130 3325 2182 3367 et
2216 3315 2529 3371 incredibile
2552 3327 2656 3371 est.
2685 3316 2784 3382 Qui
2814 3317 2958 3372 enim
2997 3316 3142 3372 ﬁerit
3170 3327 3368 3386 potest,
3395 3311 3565 3391 utqui

1978 3421 2118 3460 unus
2153 3415 2256 3471 est,
2288 3406 2340 3460 in
2370 3423 2427 3461 se
2465 3407 2779 3462 dividatur?

2049 3498 2308 3555 TllEOR.
2368 3500 2649 3556 Faterisne
2709 3499 2984 3555 Chrismm
3037 3503 3300 3570 esurissc,
3355 3505 3564 3571 sitisse,

1976 3595 2382 3657 dormitavisse,
2410 3604 2463 3648 et
2499 3593 2779 3660 fatigatum
2806 3610 2946 3659 esse,
2971 3602 3028 3648 ut
3055 3598 3328 3652 hominem
3353 3615 3562 3661 verum,

1977 3685 2179 3740 necne?

2052 3778 2347 3836 DOCTOR.
2378 3779 2616 3845 Quidni?
2659 3777 2830 3835 Homo
2854 3796 3017 3849 quum
3041 3791 3212 3845 esset,
3239 3782 3352 3836 haec
3381 3785 3564 3838 omnia

1972 3886 2125 3936 vere,
2156 3887 2265 3925 non
2294 3873 2590 3926 secundum
2625 3869 2994 3940 phantasiam,
3028 3871 3236 3927 habuit.

2049 3961 2518 4019 THEORIANUS.
2559 3961 2698 4018 Num
2751 3965 2916 4034 igitur
2967 3968 3220 4021 esuriens
3272 3970 3563 4026 comedere

1975 4062 2226 4125 volebat,
2282 4061 2470 4114 sitiens
2527 4059 2738 4115 volebat
2791 4061 3012 4122 bibere,
3063 4076 3257 4116 somno
3308 4077 3564 4132 gravatus

1974 4153 2233 4218 dormire,
2257 4164 2311 4207 et
2345 4162 2536 4207 caetera
2566 4151 2852 4207 similiter?

2052 4245 2349 4301 DOCTOR.
2382 4243 2619 4301 Maxime
2650 4245 2882 4310 volebat,
2904 4244 3064 4300 etiam
3099 4258 3368 4317 quatenus
3393 4251 3559 4312 Deus.

1973 4350 2217 4397 sanctam
2246 4341 2362 4408 ejus
2384 4353 2603 4394 carnem
2631 4339 2753 4394 cibo
2787 4339 2887 4394 uti.

362 4440 422 4492 Ὀ
454 4437 656 4491 ΘΕΩΡ.
691 4435 904 4500 Ἀλλως
930 4435 1188 4501 ἑξελάΰου
1237 4434 1298 4489 τὸ
1335 4437 1466 4490 καθ’
1503 4434 1561 4500 ὃ,
1619 4435 1682 4489 οὐ
1726 4435 1870 4490 κατὰ

2049 4430 2517 4511 ΤΗΕΟΒΙΑΝΠΞ.
2552 4431 2719 4486 Aliter
2751 4434 3020 4502 usurpasti
3053 4426 3347 4487 dictionem
3379 4447 3566 4502 quate-

277 4536 340 4587 τὸ
374 4532 589 4602 κυρίως
621 4527 1032 4600 σημαινόμενον
1066 4526 1255 4583 αὐτοῦ.
1317 4525 1466 4598 Πλὴν
1508 4525 1715 4596 ἕψομαι
1765 4543 1867 4582 σοι.

279 4628 508 4692 Ἤθελε,
558 4627 688 4696 φης,
739 4626 838 4706 και
889 4625 1012 4678 καθ’
1062 4623 1090 4676 ὃ
1156 4624 1292 4687 Θεὸς
1337 4622 1488 4694 ἴναή
1545 4622 1677 4693 ἁγία
1705 4622 1872 4677 αὑτοῦ

279 4723 418 4796 σὰρξ
447 4723 637 4792 φάγῃς

358 4906 419 4957 ⁵0
445 4901 715 4955 ΔῙΔΑΣΚ.
755 4897 1053 4970 Ὀρθότατα
1075 4897 1278 4964 λέγεις.

362 4998 423 5051 '0
450 4996 652 5049 ΘΕΩΡ.
722 4992 786 5043 Ἦ
833 4992 970 5061 σὰρξ
1040 4990 1205 5044 αὑτοῦ
1250 4990 1370 5062 ἦτοι
1427 4991 1460 5063 ἡ
1499 4989 1862 5061 ἀνθρωπότης

276 5091 448 5146 αὑτοῦ
475 5090 672 5160 ἤθελεν
709 5086 794 5139 ἵνα
824 5087 975 5156 φάγῃ
1001 5086 1034 5156 ἡ
1072 5086 1270 5156 θεότης
1303 5087 1508 5154 αὐτούς

357 5188 420 5238 '0
443 5181 715 5236 ΔΙΔᾹΣΚ.
748 5177 846 5231 Οὔ.

360 5281 421 5333 ⁸ο
453 5274 774 5346 BEQP.;'H
803 5274 862 5326 δὲ
910 5272 1101 5342 θεότης
1146 5270 1312 5325 αὑτοῦ
1357 5270 1548 5344 ἤθελεν
1582 5271 1669 5326 ἵνα
1721 5271 1870 5342 φάγῃ

279 5379 420 5448 αὕτη
444 5390 462 5437 ς

365 5474 422 5525 Ὀ
449 5465 722 5523 ΔΙΔΑΣΚ.
769 5463 839 5515 Ἀ
849 5478 1012 5529 παγε.

366 5566 425 5619 Ὀ
452 5560 653 5617 ΘΕΟΡ.
688 5557 830 5627 Ἀρι
854 5552 948 5610 οὖν
975 5555 1028 5606 τί
1068 5556 1132 5607 ὲκ
1150 5553 1358 5609 τούτων
1386 5556 1678 5624 συνάγεται
1704 5575 1718 5622 ;
1747 5556 1872 5610 Ὅτι

281 5657 518 5723 καὶδύο,
550 5655 646 5708 καὶ
711 5654 811 5704 οὐκ
865 5648 1283 5720 ἐναντιούμενα.
1332 5649 1398 5702 Ἡ
1439 5649 1538 5720 μὲν
1572 5649 1680 5719 γὰρ
1736 5647 1876 5720 σὰρξ

283 5751 442 5826 {ﬁds
463 5750 665 5823 φαγεῖν
691 5748 786 5801 καὶ
808 5743 1098 5823 πληρῶσαι
1122 5744 1190 5800 τὰ
1217 5761 1245 5796 τ
1255 5741 1520 5821 ροφοδόχα
1546 5743 1745 5812 ἀγγεῖα
1776 5743 1872 5795 αὺ-

1977 4547 2221 4599 nus,uon
2252 4538 2431 4584 autem
2460 4528 2616 4598 juxta
2657 4528 2828 4597 ipsius
2855 4527 3024 4597 magis
3053 4532 3327 4594 proni-ium
3355 4529 3565 4599 signiti-

1973 4636 2183 4681 catum.
2231 4622 2591 4676 Nihilominus
2654 4621 2750 4674 tibi
2792 4619 3085 4686 obsequar.
3146 4617 3398 4684 Volebat,
3453 4624 3555 4682 ais,

1975 4723 2166 4786 etiam,
2218 4727 2485 4788 quatenus
2517 4715 2677 4781 Deus,
2712 4723 2956 4767 sanctam
2982 4713 3151 4780 ipsius
3179 4727 3399 4768 carnem
3439 4715 3562 4769 cibo

1977 4811 2092 4868 uti?

2057 4904 2357 4962 DOCTOR.
2395 4903 2724 4958 Rectissime
2750 4900 2914 4957 dicis.

2047 4995 2521 5054 THEOltlANUS.
2561 4997 2673 5065 Agc
2714 5009 2840 5049 vero
2876 5007 3008 5050 caro
3040 4995 3189 5063 ejus,
3227 4998 3342 5052 sive
3369 4999 3562 5051 huma-

1977 5095 2143 5153 nitas,
2179 5092 2463 5145 volchatue
2488 5089 2823 5143 divinitatem
2855 5088 3025 5157 ipsius
3059 5089 3181 5144 cibo
3215 5090 3336 5144 uti?

2047 5182 2348 5239 DOCTOR.
2380 5181 2596 5236 Minime
2616 5179 2877 5251 gentium.

2046 5277 2306 5334 THEOR.
2378 5275 2640 5332 υἱιίιιὶιδε
2696 5281 2880 5327 autem
2931 5273 3050 5344 ejus
3102 5275 3385 5329 ιὀὶειιιιτιιθ
3447 5275 3561 5345 ipsa

1976 5370 2357 5425 manducare?

2049 5463 2349 5518 oocroa.
2375 5463 2576 5534 Apage.

2047 5556 2304 5612 TllEOR.
2337 5556 2475 5621 Quid
2505 5572 2634 5626 ergo
2660 5556 2786 5610 hinc
2816 5555 3204 5611 concluditur?
3227 5553 3431 5623 Nempe
3456 5555 3564 5608 duo

1976 5663 2122 5713 esse,
2187 5664 2286 5703 nec
2325 5648 2428 5701 sibi
2469 5647 2765 5702 contraria.
2821 5646 2964 5701 Caro
3010 5647 3154 5700 enim
3203 5647 3419 5699 volebat
3473 5661 3568 5700 co-

1982 5743 2225 5807 medere,
2272 5753 2372 5794 nec
2437 5754 2537 5793 sua
2597 5739 2808 5795 viscera
2877 5737 3034 5807 quasi
3096 5736 3240 5792 fame
3311 5737 3564 5792 exinaui~
