3912 6212
519 315 622 381 179

1944 325 2375 388 THEOBIANI

3691 277 3891 397 rso:

517 432 801 490 Dominum
833 453 938 493 non
973 440 1194 497 cadunt.
1221 441 1358 497 Nam
1393 443 1678 500 arbitrium
1712 453 1831 513 post
1859 442 2093 497 habitam

2208 444 2301 496 καὶ
2353 444 2657 514 αἱρουμένη
2697 444 2806 514 πρὸ
2858 445 2954 499 τοῦ
3005 447 3199 516 ἐτέρου
3257 450 3316 502 τὸ
3353 451 3564 521 ἕτερον.
3620 450 3682 505 ⁸0
3731 448 3791 502 δέ
3892 523 3893 530 γ

515 531 584 582 de
627 529 802 598 ignota
849 546 908 586 re
959 535 1314 603 qumsdouem
1354 546 1409 590 et
1455 536 1926 599 deliberationem,
1982 535 2098 588 sive

515 625 802 678 consilium
849 637 902 679 et
939 626 1225 695 judicium,
1273 629 1487 685 affectio
1519 633 1760 701 qnazdam
1805 639 1890 684 est
1919 629 1988 684 ad
2025 628 2098 692 id,

513 734 621 785 quo
647 721 713 771 de
736 717 1000 785 judicium
1037 723 1243 776 factum
1274 733 1396 778 est:
1432 734 1552 794 post
1589 742 1750 796 quam
1789 726 1984 779 electio
2014 739 2101 778 se-

512 811 720 879 quitur,
742 812 970 868 alterum
996 830 1105 884 pm
1135 816 1305 872 altero
1323 817 1590 890 deligens.
1617 819 1877 874 Dominus
1895 826 2098 876 autem.

512 907 604 972 qui
639 907 813 962 nudus
851 911 1015 964 homo
1051 925 1157 964 non
1203 919 1305 976 est,
1354 913 1448 966 sed
1494 912 1658 966 etiam
1707 913 1870 972 Deus.
1917 918 1972 964 et
2007 909 2098 976 qui

509 1001 664 1056 novit
716 1003 920 1068 omnia,
963 1017 1063 1058 uec
1114 1005 1560 1060 consideratiouis
1605 1003 1765 1058 ullius
1808 1013 1949 1073 eget,
2003 1018 2100 1056 nec

509 1097 906 1166 inquisitionis,
967 1114 1065 1153 nec
1125 1099 1363 1165 consilii,
1419 1114 1519 1154 nec
1575 1097 1764 1168 iudicii
1814 1115 1830 1152 :

2207 535 2416 604 Κύριος
2445 535 2507 589 ού
2543 536 2700 606 ψιλὸς
2743 537 3036 608 ἄνθρωπος
3070 537 3167 604 ὢν,
3201 540 3339 596 ἀλλὰ
3377 544 3472 596 καὶ
3499 542 3654 606 Θεὸς,
3696 540 3794 594 καὶ

2211 627 2391 680 πάντα
2429 627 2613 691 εἰδὼς,
2648 629 2906 699 ἀνενδεὴς
2935 630 3206 700 σκέψεως,
3246 635 3339 685 καὶ
3369 632 3676 704 ζητήσεως,
3697 634 3794 688 καὶ

2210 718 2409 788 βουλῆς
2435 721 2694 791 ὑπάρχει,
2738 722 2832 776 καὶ
2875 723 3111 793 κρίσεως
3135 739 3147 754 ’
3185 725 3282 778 καὶ
3311 727 3561 794 φυσικῶς
3597 727 3699 798 τήν
3735 743 3792 778 τε

2207 813 2345 883 πρὸς
2380 813 2441 868 τὸ
2476 816 2640 868 καλὸν
2681 816 2796 886 ἔχει
2823 817 3124 882 οίκείωσιν,
3149 820 3248 889 τήν
3278 837 3335 872 τε
3367 820 3504 891 πρὸς
3531 819 3592 874 τὸ
3620 822 3794 874 κακὸν

2205 906 2588 978 ἀλλοτρίωσιν.
2635 909 2733 963 Διὰ
2784 908 2946 964 τοῦτο
2991 911 3272 980 γνωμικὸν
3319 914 3352 980 ἢ
3400 913 3794 984 προαιρετικὸν

2211 1000 2423 1072 Θέλημα
2455 1001 2549 1054 ἐπὶ
2578 1000 2674 1055 τοῦ
2729 1003 2939 1073 Κυρίου
2979 1005 3038 1058 οὐ
3080 1004 3339 1076 λέγομεν,
3368 1004 3508 1059 ἀλλὰ
3538 1005 3796 1075 φυσικόν.

1878 1107 1934 1152 et
1991 1106 2107 1150 tum
2186 1095 2624 1164 conjunctionem
2677 1111 2802 1150 cum
2859 1098 3000 1152 bono
3055 1097 3376 1152 naturaliter
3442 1098 3626 1163 habet,
3682 1110 3797 1155 tum

509 1193 849 1248 aversiouem
905 1210 932 1246 a
993 1193 1156 1248 malo.
1202 1191 1545 1264 Quapropter
1597 1193 1944 1248 arbitrariam
1997 1199 2090 1245 aut
2128 1188 2415 1260 eligentem
2488 1191 2822 1246 voluntatem
2900 1191 3130 1247 Domino
3184 1207 3291 1248 non
3341 1195 3654 1257 tribuimus,
3704 1196 3798 1249 sed

507 1287 840 1343 naturalem.

585 1382 722 1435 Tum
776 1380 1219 1450 religiosissimus
1268 1374 1556 1454 episcopus
1625 1383 1844 1440 lsaacus
1899 1383 2035 1437 dixit
2083 1397 2098 1434 :

511 1472 795 1530 Sufficiunt
825 1475 940 1530 haec
971 1476 1037 1528 de
1069 1476 1279 1532 duabus
1309 1477 1679 1532 voluntatibus
1711 1475 2098 1540 Emmanuelis,

509 1568 581 1622 iis
635 1567 852 1636 quidem
905 1568 997 1635 qui
1043 1582 1150 1622 non
1207 1571 1567 1634 contentiose,
1607 1585 1728 1638 qua:
1772 1569 1915 1623 dicta
1947 1576 2096 1630 sunt,

2298 1380 2357 1433 Ὀ
2392 1379 2800 1444 εύλασέστατος
2840 1380 3146 1446 ἐπίσκοπος
3183 1383 3372 1438 Ἰσαὰκ
3403 1379 3584 1436 εἶπεν
3607 1384 3807 1454 ’Δρκεῖ

2209 1475 2325 1536 τοῖς
2359 1473 2434 1544 μὴ
2461 1471 2783 1542 φιλονείκως
2809 1473 3074 1528 ἀκούουσι
3091 1475 3200 1528 τῶν
3225 1475 3501 1545 ῥηθέντων
3527 1477 3661 1546 περὶ
3685 1478 3804 1530 τῶν

2205 1567 2301 1620 δύο
2330 1567 2657 1636 θελημάτων
2692 1565 2789 1620 τοῦ
2829 1567 3205 1638 Ἐμμανουήλ.
3259 1569 3394 1622 Είπὲ
3431 1570 3590 1639 ἡμῖν,
3623 1573 3674 1622 εί
3708 1588 3808 1624 κε-

509 1657 760 1712 audiunt.
795 1654 970 1721 Nune,
1001 1657 1046 1710 si
1080 1657 1276 1728 placet,
1311 1660 1473 1714 etiam
1515 1662 1581 1714 de
1609 1659 1841 1731 geminis
1866 1660 2093 1714 actioni-

2208 1656 2406 1726 λεύεις,
2436 1661 2532 1714 καὶ
2566 1661 2698 1731 περὶ
2727 1659 2836 1713 τῶν
2869 1659 2964 1714 δύο
3005 1661 3328 1732 ἐνεργειῶν.

509 1749 614 1806 lius
649 1749 832 1804 dicito.

584 1842 838 1900 TllEOR.
874 1844 952 1898 Ad
979 1843 1464 1900 demonstrandqu
1502 1846 1744 1900 aetioues
1774 1844 1973 1899 Christi
2000 1843 2099 1898 du-

506 1937 701 2008 plices,
752 1937 895 2007 apud
937 1952 1032 1991 vos
1071 1939 1321 1994 oratione
1369 1938 1579 2007 prolixa
1635 1954 1740 1994 non
1792 1953 1930 2008 opus
1978 1953 2100 1994 esse

507 2029 768 2095 arbitror,
823 2032 912 2099 qui
961 2032 1136 2086 sacris
1188 2030 1410 2086 Litteris
1442 2030 1576 2087 estis
1623 2031 1895 2085 inuutriti.
1962 2028 2096 2084 Nam

507 2139 806 2194 exspuere,
861 2124 1141 2196 lutumque
1191 2127 1258 2181 de
1310 2134 1471 2194 sputo
1516 2128 1809 2190 conﬁcere,
1864 2126 2101 2192 caecique

504 2217 739 2286 pupulas
763 2217 1045 2286 inungere,
1078 2217 1312 2272 huminis
1334 2219 1559 2272 omnino
1583 2218 1728 2273 actio
1751 2229 1857 2273 est.
1888 2216 2100 2286 Quippe

505 2310 849 2365 divinitatem
886 2325 1153 2378 exspuere
1191 2324 1300 2364 non
1353 2310 1615 2374 dicemus,
1676 2310 1720 2362 si
1773 2325 1878 2364 non
1922 2309 2097 2364 insani

506 2402 702 2458 simus.
733 2404 801 2455 At
827 2402 997 2455 lutmn
1029 2401 1157 2456 illud
1194 2402 1246 2455 in
1283 2402 1500 2456 oculum
1530 2412 1583 2457 et
1608 2403 1786 2457 lucem
1816 2414 2100 2459 converte-

506 2507 604 2561 re,
663 2493 715 2547 id
764 2494 1031 2547 divinitati
1097 2491 1320 2547 omnino
1381 2493 1764 2549 attribuemns.
1822 2495 2097 2563 Eiusmodi

507 2586 634 2656 quis
668 2586 877 2640 inﬁnita
937 2588 1192 2656 reperiet,
1227 2586 1273 2641 si
1321 2588 1539 2640 oracula
1583 2587 1763 2640 divina
1818 2587 2100 2656 diligenter

507 2679 831 2748 inspexerit.
866 2679 980 2732 Erit
1022 2689 1202 2734 autem
1239 2694 1327 2733 res
1357 2687 1466 2732 tota
1513 2679 1794 2747 perspicua
1833 2681 1898 2734 de
1932 2679 2095 2746 gladii

509 2787 726 2843 quoque
758 2773 1041 2828 candentis
1063 2773 1330 2842 exemplo.
1369 2772 1499 2827 Nam
1534 2772 1581 2828 is
1614 2773 1818 2844 pariter
1863 2783 1919 2828 et
1951 2785 2100 2829 secat

507 2873 563 2920 et
592 2867 734 2929 urit;
765 2876 954 2932 estque
982 2865 1146 2920 dubio
1172 2864 1360 2933 procul
1393 2865 1534 2920 ustio
1559 2866 1777 2936 quidem
1814 2881 1918 2920 non
1943 2866 2095 2929 ferri,

497 2957 608 3015 .sed
642 2959 820 3028 ignis:
857 2958 1026 3012 sectio
1057 2971 1204 3022 vero,
1244 2972 1349 3012 non
1385 2958 1546 3025 ignis,
1578 2960 1670 3013 sed
1705 2959 1856 3014 ferri.
1895 2958 2095 3015 Eliecta

2287 1839 2348 1893 '0
2383 1837 2579 1891 ΘΕΩΡ.
2636 1837 2773 1906 Περὶ
2806 1838 2914 1890 τῶν
2957 1837 3053 1892 δύο
3083 1837 3378 1906 ἐνεργειῶν
3414 1839 3509 1892 τοῦ
3546 1839 3805 1910 Χριστοῦ

2203 1933 2304 1985 οὐκ
2331 1929 2486 2001 οἶμαι
2513 1932 2660 2000 ὑμᾶς
2686 1929 2898 1984 δεῖσθαι
2927 1929 3103 1998 λόγων
3131 1919 3344 1983 πολλῶν
3382 1930 3462 1994 είς
3487 1931 3807 1998 ἀπόδειξιν,

2202 2023 2334 2086 τοὺς
2371 2025 2494 2085 ταῖς
2527 2023 2701 2084 οείαις
2739 2020 3228 2092 ἐντεθραμμένους
3261 2021 3529 2089 Γραφαῖς.
3583 2021 3661 2073 Τὸ
3687 2022 3808 2091 γὰρ

2207 2110 2431 2178 πτῦσαι,
2468 2112 2559 2164 καὶ
2588 2112 2760 2181 πηλὸν
2795 2111 2859 2164 ἐκ
2897 2109 2994 2164 τοῦ
3026 2109 3354 2182 πτύσματος
3383 2113 3644 2180 ποιῆσαι,
3702 2113 3809 2165 καὶ

2202 2208 2393 2278 χρίσαι
2424 2206 2524 2270 τὰς
2567 2204 2740 2277 κόρας
2775 2205 2873 2259 τοῦ
2925 2205 3132 2274 τυφλοῦ
3158 2245 3175 2270 ,
3211 2203 3534 2277 ἀνθρωπίνη
3571 2206 3808 2270 πάντως

2204 2303 2354 2356 ἐστὶν
2409 2301 2686 2370 ἐνέργεια.
2750 2299 2950 2356 Πτύειν
2992 2299 3103 2370 γὰρ
3149 2299 3248 2353 οὐκ
3283 2299 3352 2353 ἄν
3389 2300 3652 2371 εἴποιμεν
3696 2303 3809 2371 τὴν

2203 2400 2459 2471 θεότητα,
2501 2399 2658 2469 εἴπερ
2692 2399 2756 2452 ού
2792 2395 3154 2467 μαινοίμεθα.
3197 2395 3273 2450 Τὸ
3301 2396 3360 2449 δέ
3393 2397 3485 2449 τὶν
3512 2395 3690 2466 πηλὸν
3719 2399 3812 2459 είς

2202 2494 2357 2562 ὄμμα
2377 2492 2471 2545 καὶ
2490 2492 2607 2560 φῶς
2639 2489 3188 2560 μετασκευάσασοαι,
3219 2488 3443 2552 πάντως
3469 2493 3537 2559 τῇ
3567 2490 3809 2561 Θεότητι

2201 2587 2468 2658 δώσομεν.
2521 2586 2630 2639 Καὶ
2672 2584 2846 2655 μυρία
2901 2585 2966 2640 ἄν
3011 2601 3098 2647 τις
3161 2583 3317 2655 εὕροι
3364 2583 3624 2648 τοιαῦτα,
3676 2587 3810 2646 τοῖς

2204 2676 2375 2738 θείοις
2428 2673 2710 2744 ἐπιμελῶς
2746 2672 3003 2743 ἐγκύψας
3036 2671 3267 2741 λογίοις.
3294 2670 3493 2726 Ἔσται
3523 2670 3579 2724 δὲ
3619 2670 3812 2739 σαφὲς

2200 2769 2364 2823 τοῦτο
2392 2769 2490 2823 καὶ
2523 2766 2611 2820 διὰ
2653 2765 3108 2837 παραδείγματος
3135 2764 3238 2833 τῆς
3272 2762 3812 2834 πεπυρακτωμένης

2207 2858 2504 2931 μαχαίρας.
2530 2857 2734 2926 Τέμνει
2765 2856 2876 2924 γὰρ
2921 2855 3064 2924 αῦτη
3111 2856 3171 2906 ἐν
3217 2853 3400 2922 ταυτῷ
3452 2852 3550 2904 καὶ
3619 2852 3810 2905 καίει.

2201 2953 2314 3006 Καὶ
2352 2952 2502 3004 ἐστιν
2532 2952 2566 3020 ἠ
2619 2950 2718 3016 μὲν
2758 2947 2957 3012 καῦσις
2999 2947 3287 3018 προδήλως
3313 2946 3375 2998 ού
3406 2944 3501 2999 τοῦ
3538 2944 3809 3014 σιδήρου,

509 3050 747 3118 deuiQue
793 3049 1130 3104 diversarum
1178 3057 1498 3105 naturarum
1548 3060 1704 3116 sunt,
1757 3061 1865 3106 tam
1927 3053 2093 3108 sectio

2208 3044 2338 3098 ἀλλὰ
2368 3043 2465 3098 τοῦ
2504 3041 2782 3114 πυρός.Ἦ
2810 3041 2866 3092 δὲ
2897 3037 3042 3108 τομὴ
3073 3039 3134 3091 ού
3167 3036 3263 3090 τοῦ
3296 3038 3490 3107 πυρὸς,
3515 3036 3655 3090 ἀλλὰ
3682 3034 3802 3088 τοῦ

508 3159 674 3213 quam
718 3144 954 3200 adustio.
995 3141 1197 3200 Verum
1233 3152 1456 3215 propter
1488 3143 1764 3204 unionem.
1807 3159 1912 3198 non
1961 3144 2096 3214 ignis

507 3249 718 3292 tantum
754 3252 878 3294 esse
906 3236 1135 3292 dicimus
1153 3238 1294 3292 hanc
1318 3238 1610 3304 ustionem,
1639 3239 1735 3295 sed
1755 3239 1919 3294 etiam
1942 3240 2092 3296 ferri.

507 3331 600 3389 Sic
621 3333 765 3386 enim
787 3331 930 3400 loqui
957 3331 1226 3387 solemus:
1250 3328 1361 3386 Hoc
1382 3331 1587 3387 ferrum
1612 3332 1741 3386 urit.
1769 3331 1861 3387 Sic
1884 3347 2097 3404 quoque

505 3440 624 3482 rem
651 3424 1148 3480 c0nsiderabimus:
1175 3424 1384 3480 Anima:
1413 3435 1516 3490 est,
1548 3441 1748 3496 corpus
1785 3442 1943 3481 suum
1976 3428 2094 3482 ani-

503 3533 660 3573 mare
703 3532 768 3571 ac
812 3516 1109 3572 viviﬁcare.
1145 3515 1300 3583 Quod
1335 3515 1552 3586 quidem
1595 3531 1662 3572 ex
1701 3519 1983 3574 amborum
2011 3519 2094 3575 di-

508 3618 720 3678 remptn
749 3617 913 3678 patet.
946 3607 1080 3662 Nam
1101 3608 1287 3685 anima
1314 3617 1557 3678 tempore
1587 3612 1775 3666 mortis
1801 3627 1832 3667 a
1865 3627 2095 3681 corpore

506 3717 607 3755 suo
641 3701 930 3767 dirempta,
963 3715 1161 3768 corpus
1211 3710 1482 3755 mortuum
1537 3712 1736 3758 manet.
1785 3704 1918 3759 Cum
1961 3721 2094 3777 ergo

507 3795 764 3851 divinitas
790 3794 910 3863 ejus
936 3807 1209 3863 nunquam
1235 3807 1334 3847 nec
1362 3808 1393 3848 a
1423 3809 1651 3862 corpore
1681 3810 1782 3851 nec
1811 3799 1880 3852 ab
1911 3800 2090 3854 anima

506 3887 775 3954 dirempta
838 3884 1044 3948 fuerit,
1125 3900 1232 3956 quo
1284 3896 1440 3956 pacto
1492 3888 1600 3942 vim
1657 3889 1817 3944 istam
1870 3895 2089 3961 animat,

503 3980 874 4035 viviﬁcantem
932 3977 1162 4045 scilicet,
1213 3995 1321 4035 non
1379 3980 1570 4036 habuit
1624 3981 1741 4052 ejus
1797 3986 2092 4044 divinitas?

501 4074 775 4132 Nimirum
810 4090 839 4129 a
871 4087 1099 4143 corpore
1133 4073 1478 4143 indirempta,
1515 4076 1672 4146 eique
1700 4079 1946 4148 copulata
1989 4083 2090 4153 hy-

503 4167 792 4236 postatice,
842 4175 1112 4220 mortuum
1162 4181 1381 4221 manere
1416 4183 1614 4237 corpus
1665 4169 1806 4226 haud
1855 4173 2086 4228 sinebat.

501 4260 715 4332 Quippe
765 4261 891 4314 dum
945 4259 1087 4313 inest
1132 4259 1308 4314 anima
1351 4264 1588 4329 corpori,
1631 4279 1908 4333 nunquam
1956 4267 2086 4322 illud

2207 3138 2461 3209 σιδήρου.
2517 3136 2631 3188 Καὶ
2683 3134 2855 3203 ἄλλης
2908 3133 3004 3186 καὶ
3045 3131 3212 3200 ἄλλης
3261 3131 3476 3199 φύσεως
3511 3131 3812 3200 ἐνέργειαι

2199 3234 2234 3305 ἡ
2264 3249 2328 3286 τι
2354 3230 2498 3301 τομὴ
2558 3229 2654 3283 καὶ
2687 3229 2721 3297 ἡ
2777 3215 2998 3285 καῦσις.
3047 3226 3146 3279 Διὰ
3189 3223 3246 3278 δὲ
3299 3223 3399 3294 τὴν
3451 3224 3676 3288 ἐνωσιν,
3724 3221 3814 3292 μὴ

2203 3325 2368 3396 μόνον
2399 3320 2498 3376 τοῦ
2536 3319 2711 3388 πυρὸς
2753 3313 2899 3371 εἶναι
2944 3317 3182 3386 λέγομεν
3230 3315 3332 3388 τὴν
3384 3313 3605 3380 καῦσιν,
3650 3314 3813 3368 ἀλλὰ

2199 3418 2294 3472 καὶ
2325 3415 2422 3468 τοῦ
2457 3399 2704 3482 σιδήρου.
2740 3411 2904 3465 Καίει
2924 3409 3034 3479 γὰρ
3059 3411 3085 3463 ὀ
3113 3409 3334 3480 σίδηρος
3363 3404 3538 3472 οὗτος,
3579 3411 3810 3479 φαμέν.

2197 3510 2556 3580 Σκοπήσομεν
2575 3507 2632 3559 δὲ
2664 3505 2760 3558 καὶ
2796 3503 2964 3557 οὕτω·
2994 3503 3190 3573 Ψυχῆς
3219 3503 3338 3556 ἐστι
3367 3503 3426 3555 τὸ
3453 3500 3666 3572 ψυχοῦν
3697 3505 3812 3556 καὶ

2197 3603 2490 3669 ζωοποιεῖν
2539 3599 2601 3654 τὸ
2655 3599 2859 3668 ἑαυτῆς
2921 3597 3121 3664 σῶμα’
3156 3597 3255 3650 καὶ
3307 3596 3467 3664 δῆλον
3518 3597 3630 3650 ἀπὸ
3696 3596 3811 3650 τοῦ

2195 3691 2502 3765 χωρισμοῦ.
2531 3689 2930 3758 Χωριζομένης
2959 3685 3068 3755 γὰρ
3087 3685 3292 3755 ταύτης
3315 3685 3456 3739 κατὰ
3479 3685 3570 3738 τὸν
3590 3687 3815 3756 καιρὸν

2194 3786 2290 3840 τοῦ
2327 3785 2560 3840 Θανάτου
2618 3782 2728 3834 ἀπὸ
2778 3780 2874 3833 τοῦ
2922 3781 3126 3833 οἰκείου
3178 3778 3470 3850 σώματος,
3523 3779 3684 3849 μένει
3741 3781 3815 3832 τὸ

2197 3879 2360 3949 σῶμα
2402 3875 2618 3947 νεκρόν.
2665 3874 2819 3926 Ἐπεὶ
2864 3871 2960 3926 οῦν
3014 3873 3047 3944 ἡ
3096 3870 3289 3941 Θεότης
3323 3871 3490 3926 αὐτοῦ
3521 3870 3813 3927 οὐδέποτε

2191 3972 2319 4028 οὔτε
2347 3973 2442 4026 τοῦ
2475 3969 2752 4041 σώματος.
2784 3967 2910 4021 οὗτε
2944 3968 3043 4036 τῆς
3091 3964 3274 4038 ψυχῆς
3325 3964 3627 4038 ἐχωρίσθη,
3668 3967 3817 4029 πῶς

2193 4065 2290 4137 τὴν
2318 4064 2600 4134 ἐνέργειαν
2631 4059 2840 4129 ταύτην
2870 4059 2972 4128 τῆς
2995 4058 3194 4130 ψυχῆς,
3214 4057 3275 4109 τὸ
3298 4056 3590 4126 ζωογονεῖν
3616 4075 3812 4129 φημι,

2193 4159 2295 4212 οὑκ
2332 4150 2483 4225 εἶχεν
2539 4155 2572 4223 ὴ
2622 4152 2819 4222 Θεότης
2875 4147 3080 4210 αὐτοῦς
3116 4147 3259 4203 Ἀλλ’
3306 4149 3616 4221 ἀχώριστος
3649 4148 3816 4207 οὖσα.

2192 4249 2290 4302 τοῦ
2324 4249 2604 4318 σώματος,
2645 4244 2743 4298 καὶ
2772 4241 2897 4298 καθ’
2942 4242 3244 4297 ὑπόστασιν
3297 4244 3555 4315 ἡνωμένη
3607 4243 3812 4317 αὐτῷ,

499 4363 776 4410 mortuum
811 4362 917 4406 est.
963 4352 1103 4407 Nam
1146 4367 1269 4406 cum
1310 4353 1493 4408 anima
1523 4356 1593 4408 sit
1623 4355 1849 4425 spiritus
1886 4359 2086 4426 vitalis,

2208 4342 2295 4394 >ύκ
2321 4338 2411 4393 sia.
2445 4339 2630 4410 μένειν
2660 4337 2794 4392 αὐτὸ
2823 4335 3041 4407 νεκρόν.
3076 4335 3272 4408 Ψυχῆς
3307 4336 3417 4409 γὰρ
3441 4338 3679 4406 ἐνούσης
3717 4340 3820 4410 τῷ

501 4462 699 4517 corpus
740 4447 915 4516 ipsum
955 4444 1210 4510 viviﬁcat,
1252 4448 1392 4502 sicut
1440 4447 1604 4502 etiam
1635 4448 1832 4506 alicubi
1863 4453 2082 4522 sapiens

501 4542 594 4598 ille
646 4539 889 4604 Salonio,
929 4540 994 4594 de
1045 4539 1223 4609 impiis
1265 4540 1586 4607 quibusdam
1621 4555 1674 4598 et
1713 4543 1781 4599 de
1817 4555 2086 4602 astrorum

502 4633 804 4689 enitoribus
840 4633 1087 4702 loquens,
1121 4632 1258 4688 dixit
1291 4649 1305 4687 :
1339 4633 1472 4688 Luto
1499 4636 1652 4689 vilior
1691 4646 1772 4690 est
1804 4639 1912 4692 vita
1943 4639 2085 4708 ipso-

501 4745 644 4792 rum,
693 4729 946 4798 quoniam
997 4728 1313 4793 ignorarunt
1375 4743 1497 4781 cum
1540 4729 1632 4799 qui
1680 4728 1832 4799 ﬁnxit
1876 4747 1984 4792 eos,
2037 4744 2084 4786 ει

501 4820 757 4889 efﬁcacem
803 4818 1038 4870 animum
1075 4816 1349 4886 inspiravit
1378 4819 1474 4885 eis,
1511 4835 1573 4873 ac
1599 4819 1840 4887 spiritum
1875 4820 2084 4876 vitalem

500 4913 574 4964 eis
599 4910 787 4981 afﬂavit
815 4911 880 4963 ¹⁵.

590 5087 749 5144 GEN.
809 5088 1137 5156 Quicunque
1196 5089 1585 5143 conscientiam
1647 5104 1799 5143 suam
1860 5092 2087 5159 pellibus

499 5181 800 5251 proculcat,
833 5180 1132 5250 prazSertim
1166 5180 1220 5236 in
1263 5180 1508 5234 doctrina
1546 5182 1664 5234 ﬁdei
1698 5224 1712 5247 ,
1759 5199 1861 5236 nou
1894 5186 2087 5251 dignus

499 5281 584 5325 est
630 5271 887 5340 appellari
943 5270 1307 5324 Christianus.
1343 5272 1452 5340 Ego
1498 5288 1626 5326 vero
1674 5274 1837 5325 Deum
1887 5284 2078 5329 testem

500 5363 777 5433 appeilans
827 5364 1020 5426 fateor,
1071 5378 1154 5416 me
1195 5373 1246 5417 et
1298 5365 1537 5433 ejusdem
1588 5366 1862 5418 vobiscum
1917 5366 2085 5420 fuisse

499 5454 622 5508 tidei
651 5466 704 5508 ct
735 5469 880 5520 esse,
930 5470 994 5509 cx
1023 5470 1131 5523 quo
1174 5453 1342 5510 libros
1393 5471 1578 5511 sacros
1629 5458 1833 5526 inspexi
1869 5475 1880 5510 :
1931 5459 2084 5526 cujus

494 5547 701 5600 scilicet
735 5563 792 5601 es
824 5548 936 5615 ipse
976 5546 1120 5607 t'idei,
1163 5559 1215 5600 et
1262 5548 1312 5600 iu
1354 5549 1588 5606 medium
1624 5550 1720 5621 abs
1749 5559 1800 5604 te
1834 5551 2081 5619 producti

496 5642 603 5695 divi
641 5641 845 5696 Patres.

568 5802 612 5836 ⁵⁸
653 5800 780 5871 Sep.
824 5817 912 5866 εν,
955 5803 1037 5866 10,
1080 5803 1163 5857 Η.

2202 4435 2439 4502 σώματι,
2469 4433 2728 4486 οὐδέποτε
2753 4431 2950 4502 νεκρὸν
2993 4431 3178 4484 ἐκεῖνο
3208 4431 3472 4500 τυγχάνει
3500 4431 3581 4485 δν.
3610 4432 3820 4487 Πνεῦ-

2202 4547 2278 4601 μα
2324 4515 2434 4600 γὰρ
2482 4525 2715 4592 ζωτικὸν
2754 4521 2890 4579 οὖσα
2919 4525 2955 4596 ἡ
2983 4522 3166 4595 ψυχὴ,
3214 4522 3476 4588 ζωοποιεῖ
3503 4523 3565 4576 τὸ
3599 4525 3816 4596 σῶμα,

2197 4622 2273 4686 ὥς
2297 4639 2402 4675 που
2427 4621 2522 4673 καὶ
2544 4619 2573 4672 ὁ
2594 4618 2762 4687 σοφὸς
2794 4619 3050 4686 Σολομὼν
3077 4617 3206 4688 περί
3245 4632 3406 4669 τινων
3440 4618 3822 4687 παρανόμων

2198 4715 2292 4768 καὶ
2348 4708 2764 4782 εἰδωλολατρῶν
2821 4702 2944 4761 εἶπε
2998 4723 3013 4738 ·
3076 4705 3290 4774 Πηλοῦ
3339 4707 3696 4776 ἀτιμότερος
3769 4716 3822 4765 ό

2188 4808 2332 4874 ,βίος
2360 4804 2582 4872 αὐτῶν,
2608 4804 2699 4857 ὅτι
2718 4804 3038 4872 ἠγνόησαν
3056 4799 3165 4854 τὸν
3179 4799 3504 4854 πλάσαντα
3523 4803 3776 4868 αὐτοὺς
3790 4855 3814 4871 θ

2193 4899 2294 4954 καὶ
2324 4898 2431 4951 τὸν
2455 4899 2887 4966 ἐμπνεύσαντα
2908 4893 3114 4960 αὐτοῖς
3133 4893 3348 4964 ψυχὴν
3374 4894 3814 4966 ἐνεργοῦσαν,

2194 4995 2296 5046 καὶ
2321 4991 2776 5061 ἐμφυσήσιιγτα
2803 4989 3012 5055 αὐτοῖς
3037 4989 3277 5057 πνεῦμα
3304 4986 3573 5049 ζὶοτικόν.

2277 5087 2338 5140 '0
2371 5088 2537 5140 ΚΑΘ.
2591 5087 2784 5148 Ὅστις
2813 5084 2874 5135 τὸ
2902 5085 3106 5137 οἰκεῖον
3154 5085 3467 5136 καταπατεί
3507 5085 3826 5153 συνειδὸς,

2192 5184 2287 5234 καὶ
2326 5179 2564 5251 μάλιστα
2593 5181 2651 5232 ἐν
2681 5179 2796 5240 τοῖς
2839 5177 2971 5248 περὶ
2999 5177 3237 5240 πίστεως
3276 5175 3444 5246 λόγῳ,
3495 5176 3599 5228 ούκ
3632 5176 3829 5236 ἔστιν

2191 5276 2344 5340 ἄξιος
2388 5273 2677 5326 καλεῖσθαι
2713 5269 3065 5341 Χριστιανός.
3117 5266 3264 5336 Ἐγὼ
3295 5267 3352 5320 δὲ
3401 5267 3656 5337 ὁμολογῶ
3693 5271 3828 5328 ἐπὶ

2193 5367 2314 5438 Θεῷ
2378 5367 2642 5435 μάρτυρι,
2703 5364 2786 5415 ὅτι
2840 5363 2941 5431 τῆς
3001 5359 3171 5429 αὐτῆς
3206 5360 3338 5431 ὑμῖν
3385 5360 3630 5424 πίστεως
3690 5371 3830 5421 καὶ

2189 5461 2340 5530 ήμην
2376 5461 2469 5513 καὶ
2502 5460 2640 5529 εἰμὶ.
2674 5458 2859 5525 ἐξότου
2889 5460 3012 5520 ταῖς
3049 5455 3226 5518 θείαις
3271 5455 3515 5525 ἐνέκυψα
3546 5456 3828 5527 βίϐλοις,

2186 5546 2255 5621 ἦς
2286 5553 2378 5604 καὶ
2405 5551 2568 5614 αὐτὸς
2603 5548 2676 5616 εἴ,
2707 5551 2804 5604 καὶ
2834 5550 2884 5604 οἰ
2913 5547 3067 5624 παρὰ
3105 5546 3202 5602 σοῦ
3243 5549 3324 5620 είς
3372 5547 3541 5620 μέσον
3572 5550 3828 5620 ἀχθέν-

2179 5661 2273 5708 τες
2304 5644 2438 5696 Gaio:
2474 5643 2738 5714 Πατέρες.
