3912 6212
475 258 575 321 195

1897 251 2327 316 THEORIANI

3632 247 3734 315 106

538 376 697 432 GEN.
743 377 817 432 Ita
852 377 961 432 fiat.
997 376 1163 432 Lubet
1188 377 1331 431 enim
1358 376 1425 431 de
1448 375 1670 430 vocibus
1698 373 2039 444 quibusdam,

2219 371 2262 422 o
2297 330 2460 421 m.
2500 365 2659 422 οοτω
2691 365 2952 432 γενέσθω.
2989 365 3262 438 Βούλομαι
3313 365 3422 438 γὰρ
3457 368 3738 439 ἐρωτῆσαι

469 470 520 521 in
592 485 654 522 ea
721 470 929 536 positis,
993 471 1346 538 interrogare.
1406 467 1511 522 Sed
1550 466 1700 534 prius
1755 474 2047 541 utrumque

469 559 666 612 librum
715 559 854 613 inter
911 575 968 614 se
1013 559 1380 624 conferamus,
1426 567 1480 613 et
1509 558 1807 620 videmnus,
1837 571 1904 610 an
1942 554 2045 611 sibi

473 653 838 720 respondeant
872 669 886 706 :
920 651 1117 707 deimle
1170 667 1478 722 quaeramus
1527 650 1596 706 de
1656 649 1722 704 iis
1756 651 1809 704 in
1850 649 2048 718 quibus

470 741 548 794 hac
558 758 756 795 remus.

830 835 1015 890 Saucn’
1049 836 1130 890 IV
1180 839 1390 891 concilii
1435 837 1692 906 deﬁnitio.

540 926 824 980 Suﬂiceret
857 929 1074 997 quidem
1102 930 1166 982 ad
1199 931 1494 998 perfectam
1528 930 1744 998 pictatis
1784 929 2047 996 cognitio-

467 1034 589 1072 nem
623 1026 677 1072 et
710 1019 1205 1084 confirmationem,
1240 1021 1340 1074 hoc
1381 1022 1648 1074 eruditum
1705 1036 1766 1071 ac
1828 1018 2048 1073 salubre

469 1112 662 1166 divina:
718 1114 909 1180 gratim
961 1114 1288 1182 symbolum,
1341 1115 1482 1182 quod
1547 1125 1601 1167 et
1641 1112 1934 1181 perfectam
1982 1113 2047 1165 de

467 1203 646 1267 Patre,
671 1217 720 1258 et
758 1206 911 1268 Filio,
937 1214 987 1260 et
1022 1205 1222 1275 Spiritu
1270 1217 1456 1261 sancto
1504 1207 1808 1261 doctrinam
1861 1209 2044 1270 tradit,

467 1305 520 1348 et
548 1296 976 1350 incarnationem
1007 1297 1215 1351 Domini
1247 1298 1479 1353 fideliter
1522 1298 1918 1368 cxcipientibus
1951 1314 2047 1351 ex-

467 1387 638 1439 hibet.
673 1385 777 1440 Sed
813 1388 1028 1457 quando
1055 1388 1152 1452 illi,
1188 1391 1278 1457 qui
1308 1389 1748 1458 praedicationem
1799 1389 2046 1443 veritatis

469 1479 690 1533 abolere
721 1490 1007 1545 conantur,
1040 1496 1135 1549 per
1165 1497 1288 1535 suas
1314 1482 1552 1536 luereses
1579 1495 1746 1536 novas
1774 1482 2042 1550 quasdam

467 1572 746 1626 doctrinas
793 1583 1138 1641 pepererunt,
1198 1575 1318 1627 aliis
1375 1583 1640 1642 suscepta:
1689 1583 1910 1643 propter
1945 1587 2043 1626 nos

469 1664 956 1718 administratiOnis
991 1664 1286 1720 Dominica:
1329 1668 1644 1737 mysterium
1691 1679 2042 1732 corrumpere

2155 460 2286 532 περί
2339 476 2501 512 τινων
2558 458 2758 525 λέξεων
2798 461 2918 512 ἐκεῖ
2970 460 3262 529 κειμένων.
3293 459 3456 513 Ἀλλὰ
3515 460 3738 532 πρῶτον

2151 549 2535 619 ἀντιϐάλωμεν
2587 550 2876 620 ἀμφότερα
2928 550 2997 602 τὰ
3024 549 3232 617 βιϐλία,
3287 548 3382 603 καὶ
3439 550 3735 620 ἷδωμεν,εὲ

2151 637 2395 703 ἐξισὰζει
2420 656 2434 670 ·
2469 639 2564 691 καὶ
2599 641 2720 692 τότε
2751 643 2880 710 περὶ
2922 634 3000 694 ὧν
3019 639 3464 710 ἀμφιϐάλλομεν,
3517 622 3736 712 ἐρωτήέ

2152 749 2338 802 σομεν.

2463 823 2634 890 Ὅρος
2677 821 2784 890 τῆς
2836 824 3007 892 ἁγίας
3039 824 3088 877 δ’
3128 825 3420 880 συνόδου.

2217 916 2419 986 Ἤρκει
2444 915 2546 986 μὲν
2574 911 2668 969 οὖν
2691 917 2768 978 είς
2787 917 2976 988 ἐντελῆ
2996 920 3099 989 τῆς
3123 920 3409 983 εὐσεϐείας
3433 919 3738 986 ὲπίγνωσίν

2150 1023 2209 1058 τε
2233 1007 2329 1060 καὶ
2359 1006 2676 1078 βεϐαίωσιν,
2700 1008 2759 1060 τὸ
2800 1007 2966 1078 σοφὸν
2989 1011 3096 1063 καὶ
3133 1011 3408 1082 σωτήριον
3443 1013 3606 1066 τοῦτο
3638 1015 3740 1083 τῆς

2151 1099 2303 1163 θείας
2323 1103 2547 1172 χάριτος
2568 1100 2860 1171 σύμϐολον
2884 1105 3016 1175 περί
3035 1123 3094 1158 τε
3119 1107 3229 1177 γὰρ
3250 1106 3345 1159 τοῦ
3377 1107 3614 1177 Πατρὸς,
3640 1109 3737 1160 καὶ

2150 1192 2242 1246 τοῦ
2276 1193 2432 1259 Υίοῦ,
2462 1197 2557 1246 καὶ
2581 1196 2676 1248 τοῦ
2699 1196 2854 1263 ἁγίου
2870 1197 3188 1269 Πνεύματος
3223 1199 3528 1256 ἐκδιδάσκει
3557 1200 3617 1254 τὸ
3639 1203 3740 1254 τέ-

2149 1283 2310 1348 λειον,
2334 1285 2428 1337 καὶ
2457 1285 2548 1338 τοῦ
2579 1285 2787 1357 Κυρίου
2809 1288 2910 1358 τὴν
2940 1288 3362 1360 ὲνανθρώπησιν
3383 1293 3496 1354 τοῖς
3523 1291 3742 1355 πιστῶς

2146 1374 2458 1444 δεχομένοις
2489 1378 2843 1449 παρίστησιν.
2873 1378 3013 1432 Ἀλλ’
3042 1380 3342 1451 ἐπειδήπερ
3377 1382 3427 1436 οι
3450 1383 3551 1453 τῆς
3598 1383 3742 1452 ἀλη-

2149 1467 2306 1529 θείας
2331 1467 2545 1522 ἀθετεῖν
2575 1469 2980 1540 ἐπιχειροῦντες
3007 1471 3065 1524 τὸ
3093 1473 3479 1542 κήρυγμα,διὰ
3509 1472 3619 1525 τῶν
3651 1473 3735 1525 oi-

2147 1559 2595 1632 κείωνιαίρέσεων
2625 1563 2719 1625 τὰς
2753 1562 3114 1638 καινοερωνίας
3149 1565 3433 1629 ἀπέτεκον,
3455 1568 3503 1618 oi
3540 1567 3643 1634 μὲν
3671 1565 3738 1618 τὸ

2145 1650 2248 1720 τῆς
2275 1651 2341 1704 δι’
2371 1654 2518 1722 ἡμᾶς
2544 1653 2639 1706 τοῦ
2672 1653 2877 1725 Κυρίου
2905 1655 3214 1727 οἰκονομίας
3233 1661 3532 1728 μυστήριον
3563 1675 3746 1730 παρα·

468 1753 816 1820 audentibus,
849 1768 901 1811 et
932 1755 1174 1826 Deipara:
1198 1772 1382 1811 vocem
1442 1756 1645 1827 Virgini
1701 1758 2039 1810 tribuendam

2151 1743 2396 1813 φθείρειν
2419 1745 2748 1814 τολμῶντες,
2783 1747 2879 1800 καὶ
2905 1748 3006 1818 τὴν
3034 1748 3294 1811 Θεστόκος
3317 1751 3410 1806 ἐπὶ
3443 1750 3544 1822 τῆς
3573 1752 3744 1821 Παρ-

466 1849 828 1918 negantibus;
889 1849 1008 1904 aliis
1067 1850 1443 1905 confusionem
1497 1862 1554 1905 et
1614 1850 2046 1904 commiSIionem

469 1942 960 2008 introducentibns,
986 1953 1039 1997 et
1063 1959 1223 1996 unam
1257 1959 1378 1998 esse
1406 1944 1587 1998 carnis
1641 1944 2048 2012 divinitatisque

471 2045 716 2090 naturam
787 2037 952 2090 stulte
1024 2039 1594 2101 comminiscentibus,
1653 2036 1897 2104 adeoque
1954 2051 2048 2104 per

467 2134 612 2184 hanc
639 2130 1015 2185 confusionem
1045 2144 1349 2187 monstrose
1378 2131 1762 2195 statuentibus,
1809 2129 2044 2183 divinam

469 2225 741 2296 Unigeniti
778 2235 1028 2281 naturam
1063 2242 1182 2281 esse
1213 2225 1524 2296 passibilem
1557 2244 1569 2278 :
1608 2235 1895 2294 eapropter
1933 2223 2045 2276 hate

468 2333 680 2386 sancta,
720 2337 913 2389 magna
946 2332 1001 2374 et
1031 2321 1360 2375 universalis
1379 2321 1640 2391 synodus,
1667 2333 1762 2372 eos
1793 2318 1861 2369 ab
1896 2315 2044 2368 omni

467 2428 654 2468 contra
694 2415 977 2468 veritatem
1010 2414 1415 2467 machinatione
1475 2412 1667 2465 volens
1729 2408 2044 2470 excludere,

469 2503 1155 2573 doctrinamquetraditam
1184 2503 1482 2570 antiquitus
1546 2503 1824 2554 immotam
1891 2514 2045 2553 asse-

472 2613 617 2663 rens,
651 2607 775 2649 ante
801 2598 979 2650 omnia
1018 2597 1232 2660 statuit,
1267 2605 1323 2649 ut
1353 2606 1662 2650 sanctorum
1686 2594 1790 2648 518
1826 2592 2044 2646 l’atrum

467 2689 602 2744 fides
635 2689 946 2744 inconvulsa
984 2701 1322 2759 permaneat.
1365 2690 1443 2742 Ac
1491 2700 1710 2758 propter
1775 2702 1871 2742 eos
1920 2689 2046 2759 qni-

469 2782 589 2834 dem
621 2781 711 2849 qui
742 2779 1002 2849 Spiritum
1036 2791 1287 2834 sanctum
1349 2791 1688 2850 oppugnant,
1739 2780 2042 2834 doctrinam

468 2875 531 2925 de
563 2873 867 2926 substantia
895 2872 1132 2942 Spiritus
1162 2888 1190 2926 a
1227 2875 1434 2928 sanctis
1471 2874 1577 2927 illis
1612 2872 1713 2926 150
1765 2873 2042 2938 Patribus,

464 2964 671 3034 aliquot
724 2973 848 3034 post
893 2966 1050 3019 annis
1107 2966 1161 3019 in
1228 2965 1474 3035 Augusta
1524 2966 1658 3020 urbe
1709 2970 2042 3035 congressis,

2152 1836 2310 1888 θένου
2348 1837 2534 1907 φωνὴν
2565 1838 2996 1908 ἀπαρνούμενοι,
3025 1840 3076 1892 ol.
3106 1840 3162 1894 δὲ
3187 1843 3450 1911 σύγχυσιν
3473 1842 3567 1896 καὶ
3589 1842 3744 1909 κρᾶ-

2151 1944 2237 1980 σιν
2260 1929 2596 1998 εἰσάγοντες,
2660 1931 2759 1986 καὶ
2808 1933 2940 2002 μίαν
2979 1927 3122 1986 εἶναι
3181 1934 3344 2002 φύσιν
3376 1935 3477 2003 τῆς
3526 1933 3744 2004 σαρκὸς

2150 2021 2246 2075 καὶ
2272 2022 2372 2092 τῆς
2403 2021 2661 2093 θεότητος
2725 2023 3163 2088 ἀναπλάττοντες
3207 2026 3473 2097 ἀνοήτως,
3504 2025 3601 2078 καὶ
3628 2042 3745 2079 πα-

2152 2111 2320 2182 θητὴν
2351 2112 2448 2166 τοῦ
2478 2114 2821 2182 Μονογενοῦς
2853 2116 2954 2186 τὴν
2984 2116 3135 2170 θείαν
3161 2115 3326 2186 φύσιν
3365 2122 3431 2189 τῇ
3464 2118 3743 2188 συγχύσει

2148 2211 2575 2278 τερατευόμενοι
2605 2225 2623 2242 ·
2655 2208 2746 2264 διὰ
2776 2210 2937 2263 τοῦτο
2979 2212 3162 2263 πᾶσαν
3192 2212 3380 2274 αὐτοῖς
3406 2210 3743 2265 ἀποκλεῖσαι

2153 2301 2290 2354 κατὰ
2322 2301 2422 2371 τῆς
2475 2301 2736 2374 ἀληθείας
2796 2305 3050 2377 μηχανὴν
3076 2303 3380 2377 βουλομένη
3414 2306 3447 2377 ἡ
3473 2305 3745 2376 παροῦσα

2149 2393 2245 2445 νῦν
2273 2392 2471 2465 αὖτηή
2511 2396 2664 2464 ἁγία,
2697 2396 2906 2468 μεγάλη
2957 2397 3056 2451 καὶ
3098 2397 3452 2468 οἰκουμενικὴ
3488 2397 3745 2462 σύνοδος,

2150 2484 2210 2534 τὸ
2235 2484 2330 2536 τοῦ
2363 2485 2720 2556 κηρύγματος
2758 2487 2966 2540 ἀνωθεν
2991 2488 3288 2542 ἀσάλευτον
3311 2489 3740 2552 ἐκδιδάσκουσα,

2149 2575 2318 2649 ὥρισε
2350 2577 2815 2648 προηγουμένως,
2883 2583 2993 2648 τιη⁹
3023 2579 3193 2648 ἁγίων
3224 2582 3365 2633 Πατέ
3376 2599 3481 2650 ρων
3513 2582 3617 2649 τὴν
3653 2582 3745 2634 πί-

2151 2686 2268 2722 στιν
2299 2670 2486 2739 μένειν
2542 2670 3039 2742 ἀπαρεγχείρητον.
3098 2675 3210 2728 Καὶ⁵
3239 2674 3329 2727 διὰ
3365 2677 3464 2744 μὲν
3498 2675 3628 2739 τοὺς
3658 2675 3743 2746 τῷ

2153 2763 2431 2834 Πνεύματι
2465 2763 2544 2836 τῷ
2575 2765 2715 2834 ἁγίῳ
2747 2767 3112 2837 μαχομένους,
3132 2768 3235 2837 τὴν
3256 2771 3466 2840 χρόνοις
3501 2769 3743 2841 ὕστερον

2149 2857 2301 2928 παρὰ
2333 2858 2441 2911 τῶν
2483 2859 2580 2929 τῆς
2645 2857 3038 2929 βασιλευούσης
3090 2861 3299 2922 πόλεως
3353 2861 3732 2916 συνελθόντων

2151 2953 2321 3020 ἁγίων
2351 2949 2427 3022 ρν¹
2457 2952 2718 3022 Πατέρων
2743 2951 2874 3023 περὶ
2903 2955 3000 3023 τῆς
3041 2951 3135 3005 τοῦ
3178 2951 3499 3022 Πνεῦμα-τος
3537 2957 3743 3018 οὐσίας

469 3057 717 3110 traditam
757 3057 1268 3125 conlirtnat;quam
1300 3058 1373 3111 illi
1400 3058 1673 3113 universis
1720 3068 1906 3111 notam
1962 3057 2039 3111 fe-

2153 3041 2560 3111 παραδοθεῖσαν
2582 3040 2932 3095 διδασκαλίαν
2961 3045 3137 3114 κυροῖ,
3160 3045 3225 3116 ἢν
3256 3047 3454 3098 ἐκεῖνοι
3474 3051 3587 3110 τοῖς
3629 3051 3745 3102 πᾶ-

465 3156 676 3210 cerunt,
707 3163 814 3202 non
845 3148 997 3217 quasi
1033 3148 1288 3218 quiddam
1322 3147 1633 3215 afferentes,
1661 3151 1804 3216 quod
1849 3148 2044 3218 priori-

463 3239 565 3296 bus
594 3241 844 3304 deesset,
876 3242 967 3295 sed
1001 3256 1154 3295 suam
1198 3240 1266 3294 de
1322 3238 1525 3310 Spiritu
1583 3253 1772 3294 saneto
1837 3249 2048 3295 senten-

469 3331 598 3384 tiam
634 3332 897 3387 adversus
937 3333 1077 3396 illos,
1105 3332 1195 3402 qui
1247 3339 1566 3401 potestatem
1645 3331 1762 3400 ejus
1826 3331 2044 3384 abolere

460 3423 842 3492 conabantur,
891 3440 1165 3480 sacrarum
1227 3424 1548 3479 Litterarum
1598 3424 1926 3479 testimoniis
1980 3423 2044 3476 il-

463 3518 800 3572 lustrantes:
868 3531 1089 3588 propter
1139 3534 1233 3573 eos
1288 3534 1438 3579 vero,
1491 3519 1579 3587 qni
1638 3527 2040 3572 sacramentum

465 3609 763 3663 Dominieae
820 3608 1244 3678 dispensationis
1317 3608 1660 3664 falsariorum
1721 3625 1872 3663 more
1918 3624 2040 3662 cor-

464 3717 718 3770 rumpere
741 3711 975 3765 tentant,
1004 3701 1450 3770 etitnprudenter
1511 3717 1703 3769 purum
1767 3703 2039 3755 hominem

461 3809 584 3849 esse
617 3803 886 3863 nugantur
939 3808 1064 3847 eum
1105 3794 1194 3860 qui
1251 3794 1317 3846 de
1362 3804 1547 3847 sancta
1615 3790 1834 3863 Virgine
1873 3793 2038 3846 Maria

461 3896 775 3954 procreatus
811 3884 946 3950 fuit;
985 3885 1123 3938 beati
1157 3883 1364 3955 Cyrilli,
1396 3884 1484 3952 qni
1510 3884 1892 3939 Alexandrince
1941 3901 2037 3953 pa-

460 3988 579 4033 stor
601 3976 849 4031 ecclesia:
880 3974 1004 4040 fuit,
1025 3976 1313 4046 synodales
1335 3975 1400 4027 ad
1423 3972 1733 4028 Nestorium
1761 3983 1813 4029 et
1842 3972 2038 4028 Oricu-

465 4070 598 4125 tales
629 4070 917 4139 episcopos
953 4070 1163 4123 litteras
1215 4069 1315 4122 sibi
1349 4069 1756 4122 consentientes
1791 4068 2036 4136 amplexa

457 4172 586 4218 est:
626 4171 736 4217 tum
769 4162 836 4217 ad
865 4161 1202 4217 Nestorianze
1251 4161 1537 4215 dementiae
1584 4159 2036 4224 confutationem,

460 4265 573 4309 tum
610 4256 676 4309 ad
715 4254 1216 4324 interpretationem
1281 4269 1382 4324 pro
1435 4254 1501 4308 iis
1553 4253 1881 4318 institutam,
1938 4253 2036 4320 qui

454 4349 546 4419 pio
569 4349 686 4404 zelo
708 4346 936 4420 symboli
958 4345 1192 4401 salubris
1211 4346 1542 4401 intellectum
1569 4345 1900 4399 desiderant.
1930 4343 2026 4397 At-

2151 3150 2234 3186 σιν
2258 3132 2590 3204 ἐγνώρισαν·
2622 3134 2718 3204 οὐχ
2747 3131 2824 3196 ὣς
2858 3149 2913 3186 τι
2947 3133 3136 3187 λοιπὸν
3182 3138 3298 3199 τοῖς
3358 3137 3744 3207 προλαϐοῦσιν

2147 3227 2555 3294 ἐπεισάγοντες,
2589 3227 2727 3280 ἀλλὰ
2754 3227 2852 3297 τὴν
2889 3227 3018 3300 περὶ
3043 3227 3140 3282 τοῦ
3191 3229 3350 3299 ἁγίου
3407 3235 3744 3304 Πνεύματος

2147 3318 2329 3373 αὐτῶν
2383 3319 2616 3386 ἔννοιαν,
2676 3323 2822 3375 κατὰ
2866 3321 2976 3376 τῶν
3026 3326 3128 3395 τὴν
3185 3325 3354 3380 αὑτοῦ
3404 3326 3745 3384 δεσποτείαν

2146 3413 2362 3466 ἀθετεῖν
2401 3415 2782 3486 πειρωμένων,
2819 3417 3128 3486 Γραφικαῖς
3157 3421 3488 3491 μαρτυρίαις
3513 3423 3746 3494 τρανῶ-

2147 3522 2364 3566 σαντες·
2403 3506 2491 3560 διὸ.
2512 3506 2569 3560 δὲ
2591 3507 2718 3571 τοὺς
2749 3506 2810 3560 τὸ
2829 3510 2926 3578 τῆς
2950 3510 3272 3578 οἰκονομίας
3323 3510 3747 3582 παραφθείρειν

2145 3598 2558 3670 ἐπιχειροῦντας
2589 3601 2911 3672 μυστήριον,
2935 3603 3032 3655 καὶ
3060 3602 3220 3672 ψιλὸν
3251 3603 3551 3676 ἄνθρωπον
3572 3603 3745 3677 ξεῐναι

2143 3693 2236 3744 τὸν
2285 3695 2348 3744 ἐκ
2386 3693 2488 3763 τῆς
2525 3693 2684 3762 ἁγίας
2749 3694 3029 3764 Παρθένου
3066 3695 3331 3767 τεχθέντα
3354 3698 3608 3770 Μαρίας,
3635 3703 3748 3754 ἁν-

2143 3783 2308 3846 αιδῶς
2373 3781 2775 3855 ληρωδοῦντας,
2815 3785 2914 3847 τὰς
2973 3783 3067 3838 τοῦ
3109 3785 3385 3856 μακαρίου
3427 3788 3743 3858 Κυρίλλου,

2140 3874 2236 3928 τοῦ
2294 3877 2393 3944 τῆς
2433 3875 2825 3946 Ἀλεξανδρέων
2872 3876 3204 3947 Ἑκκλησίας
3253 3879 3552 3948 γενομένου
3606 3898 3746 3935 ποι·

2145 3969 2306 4038 μένος
2338 3970 2619 4032 συνοδικὰς
2665 3969 2955 4032 ἐπιστολὰς
3018 3971 3154 4041 πρὸς
3186 3989 3244 4024 τε
3273 3972 3596 4044 Νεστόριον,
3638 3976 3747 4032 καὶ

2138 4061 2263 4125 τοὺς
2296 4062 2396 4131 τῆς
2429 4063 2724 4132 Ἀνατολῆς
2775 4063 3072 4134 ἁρμοδίους
3131 4065 3300 4129 οὖσας
3348 4066 3592 4134 ἐδέξατο’
3653 4074 3748 4132 είς

2139 4153 2359 4223 ἔλεγχον
2386 4157 2485 4225 μὲν
2513 4155 2612 4225 τῆς
2635 4155 2930 4227 Νεστορίου
2955 4157 3400 4229 φρενοϐλαῦείας,
3427 4163 3749 4234 ἑρμηνείαν

2138 4248 2196 4301 δὲ
2239 4249 2350 4300 τῶν
2422 4248 2642 4301 εύσεὸεῖ
2691 4249 2842 4320 ζήλῳ
2880 4251 2975 4304 τοῦ
3003 4253 3276 4323 σωτηρίου
3316 4256 3596 4326 συμϐόλου
3637 4278 3749 4313 πο-

2141 4339 2380 4393 θούντων
2413 4342 2510 4410 τὴν
2535 4339 2781 4397 ἔννοιαν*
2823 4337 2912 4406 αἷς
2965 4345 3062 4399 καὶ
3117 4344 3218 4416 τὴν
3281 4347 3576 4420 ἐπιστολὴν
3637 4352 3749 4405 τοῦ

456 4458 562 4512 que
595 4443 677 4496 bis
703 4442 992 4512 epistolam
1020 4455 1237 4509 quoque
1263 4437 1558 4495 beatissimi
1595 4439 2034 4508 sanctissimiqne

2145 4435 2235 4501 τῆς
2265 4434 2532 4505 μεγίστης
2570 4433 2792 4504 Ῥώμης
2825 4436 3118 4507 προέδρου,
3167 4438 3264 4492 τοῦ
3294 4445 3750 4512 μακαριωτάτου

458 4533 850 4603 archiepiscopi
875 4533 1093 4596 Leonis,
1128 4531 1274 4586 illius
1304 4532 1554 4585 maxima:
1603 4531 1788 4585 Romae
1847 4529 2035 4599 pra-si-

457 4626 564 4690 dis,
621 4626 686 4685 ad
724 4637 926 4681 sanctte
959 4626 1233 4680 memoriae
1286 4622 1606 4677 Flavianum
1669 4623 2037 4692 archiepisco-

454 4732 606 4786 pum,
650 4719 955 4772 evertendae
1008 4718 1414 4786 depravationis
1459 4716 1811 4786 Eutycbiante
1868 4729 2033 4769 causa

455 4813 735 4880 scriptam,
769 4812 932 4865 veluti
960 4811 1137 4879 magni
1169 4811 1311 4864 illius
1343 4809 1486 4863 Petri
1519 4809 1848 4863 confessioni
1896 4824 2032 4864 con-

2141 4525 2237 4577 καὶ
2268 4525 2576 4592 ἁγιωτάτου
2625 4527 3066 4598 ἀρχιεπισκόπου
3088 4529 3344 4598 Λέοντος,
3369 4536 3471 4604 τὴν
3494 4541 3754 4607 γραφεῖ-

2142 4634 2240 4671 σαν
2272 4619 2406 4689 πρὸς
2438 4620 2530 4674 τὸν
2586 4621 2643 4672 ὲν
2669 4620 2848 4689 ἁγίοις
2901 4623 3336 4693 ἁρχιεττίσκοπον
3396 4627 3750 4701 Φλαόιανδν,

2136 4711 2223 4762 ἐπ’
2251 4711 2533 4780 ἀναιρέσει
2581 4712 2681 4781 τῆς
2735 4713 2996 4786 εὐτυχοῦς
3060 4720 3375 4783 κακονοίας,
3431 4720 3526 4775 ἅτε
3561 4723 3636 4795 δὴ
3673 4730 3750 4800 τῇ

2135 4798 2230 4852 τοῦ
2285 4801 2522 4870 μεγάλου
2566 4803 2774 4874 Πέτρου
2831 4806 3094 4879 ὁμολογίᾳ
3146 4808 3588 4875 συμϐαίνουσαν·
3637 4798 3752 4871 καί

2136 4896 2324 4962 κοινήν
2381 4912 2504 4947 τινα
2543 4895 2745 4966 στήλην
2802 4897 3114 4965 ὀρθοδοξίας
3178 4902 3320 4963 κατὰ
3353 4903 3464 4955 τῶν
3494 4908 3753 4960 κακοδο-

2137 4985 2392 5050 ξούντων,
2424 4987 2652 5050 εἰκότως
2686 4990 3024 5059 συνήρμοσε,
3063 4991 3201 5061 πρὸς
3233 4993 3332 5064 τὴν
3362 4995 3470 5048 τῶν
3503 4997 3755 5069 ὀρθοδὸ-

2137 5079 2242 5143 ξων
2264 5081 2554 5148 δογμάτων
2600 5081 2915 5148 βεϐαίωσιν.
2967 5085 3094 5148 Τοῖς
3123 5103 3181 5138 τε
3215 5087 3322 5157 γὰρ
3354 5088 3434 5150 εἰς
3465 5087 3604 5143 Tle
3632 5095 3752 5165 τὴν

2132 5175 2319 5242 δυάδα,
2354 5175 2414 5227 τὸ
2442 5179 2542 5243 τῆς
2595 5174 2909 5243 οἰκονομίας
2951 5177 3184 5249 ὃιασπᾷν
3237 5182 3582 5252 ἐπιχειροῦσι
3627 5205 3754 5256 μυ-

2135 5271 2375 5336 στήριον,
2439 5269 2878 5337 παρατάττεταιο
2911 5271 3004 5321 καὶ
3036 5272 3162 5332 τοὺς
3227 5273 3477 5342 παθητὴν
3533 5274 3751 5346 λέγειν

2131 5362 2445 5431 τολμῶντας
2479 5361 2574 5414 τοῦ
2628 5363 2968 5429 Μονογενοῦς
3035 5365 3134 5435 τὴν
3170 5365 3420 5436 θεότητα,
3451 5367 3550 5420 τοῦ
3615 5374 3748 5429 τῶν

2132 5453 2294 5522 ἱερῶν
2327 5454 2629 5506 ἀπωθεῖται
2661 5454 2946 5522 συλλόγου’
2977 5457 3201 5517 καὶτοῖς
3233 5459 3325 5510 ἐπὶ
3355 5457 3450 5510 δύο
3492 5460 3747 5530 φύσεων

2130 5546 2222 5598 τοῦ
2280 5545 2524 5614 Χριστοῦ
2578 5547 2837 5617 κρᾶσινῆ
2901 5548 3166 5618 σύγχυσιν
3209 5551 3520 5604 ἐπινοοῦσιν
3564 5557 3748 5613 ἁνθί-

2130 5638 2476 5692 σταταιθκαὶ
2531 5642 2658 5702 τοὺς
2705 5639 2981 5709 οὐράνιον,
3035 5641 3295 5712 ἢὲτέρας
3344 5642 3490 5705 τινὸς
3536 5644 3750 5719 ὑπάρ-

2130 5753 2248 5804 χειν
2276 5734 2464 5800 οὐσίας
2517 5733 2616 5804 την
2648 5733 2707 5800 ἐξ
2739 5733 2898 5805 ἡμῶν
2956 5734 3257 5804 ληφθεῖσαν
3287 5735 3435 5806 αὑτῷ
3466 5737 3575 5807 τὴν
3611 5739 3751 5796 δού..

454 4903 787 4965 venientem,
820 4915 870 4956 et
907 4903 1212 4956 columnam
1240 4902 1526 4970 quamdam
1555 4910 1714 4978 recta:
1751 4903 2033 4956 sententia:

458 4997 752 5068 publicam,
781 4997 1044 5051 adversus
1078 4996 1340 5048 malarum
1388 4995 1700 5064 opinionum
1753 5004 2028 5058 auctores,

454 5089 521 5142 ad
570 5090 867 5142 orthodoxa
933 5088 1180 5156 dogmata
1236 5087 1582 5150 stabilienda,
1646 5088 1842 5142 merito
1902 5102 2032 5141 con-

445 5182 646 5249 junxit.
671 5180 802 5235 Nam
831 5190 884 5235 et
913 5181 976 5234 iis
1001 5183 1112 5234 haec
1145 5181 1368 5248 Opponit
1410 5195 1552 5244 sese,
1589 5179 1678 5246 qui
1708 5175 2026 5234 sacramen-

455 5285 566 5328 tum
602 5273 1024 5341 dispensationis
1053 5273 1106 5325 in
1145 5275 1277 5326 duos
1313 5272 1447 5324 filios
1485 5273 1791 5326 distrahere
1846 5273 2031 5325 nitun-

455 5378 578 5430 tur;
622 5375 674 5419 et
705 5381 798 5419 eos
824 5375 967 5419 ctetn
1006 5375 1319 5419 sanctorum
1356 5363 1598 5432 expellit,
1638 5364 1730 5431 qui
1791 5364 2019 5432 passibiv

455 5461 560 5517 lem
622 5461 802 5513 dicere
859 5457 1197 5511 divinitatem
1258 5457 1531 5525 Unigeniti
1601 5458 1838 5522 audent;
1873 5466 1927 5510 et
1962 5457 2028 5510 iis

453 5554 679 5617 resistit,
709 5552 796 5620 qui
832 5552 883 5604 in
908 5551 1122 5605 duabus
1171 5550 1371 5605 Christi
1421 5551 1632 5604 naturis
1694 5549 2028 5606 contmiSIio-

448 5660 573 5698 nem
613 5644 692 5696 vel
721 5642 1092 5698 confusionem
1121 5640 1504 5711 excogitantet
1542 5655 1634 5695 eos
1669 5639 2021 5704 exterminat,

449 5738 539 5806 qui
577 5745 845 5803 sumptam
875 5740 941 5793 de
977 5737 1129 5793 nobis
1152 5734 1407 5790 servilem
1442 5731 1695 5798 formam,
1744 5734 2022 5791 caelestem
