3912 6212
208 263 299 331 197
1580 267 2038 330 DlSPUTATlO
2081 267 2130 328 l.

3368 271 3472 339 193

202 383 288 437 λου
317 381 543 453 μορφὴν
575 379 1020 452 παραπταίοντας
1051 379 1351 449 ἐξελαύνειο
1402 381 1498 434 καὶ
1530 383 1652 444 τοὺς
1682 382 1775 435 δύο

1895 393 2031 441 esse,
2067 379 2149 434 vel
2182 378 2405 433 alterius
2435 379 2712 447 cujusdam
2749 383 3072 441 substantia
3115 387 3377 458 delirant;
3414 407 3472 450 et

206 473 295 542 μὲν
329 474 444 543 πρὸ
465 471 566 534 τῆς
605 472 855 533 ὲνὼσεως
905 471 1100 538 φύσειε
1149 471 1243 525 τοῦ
1280 472 1489 543 Κυρίου
1517 471 1781 542 μυθεύον-

203 581 310 627 τας,
345 564 482 633 μίαν
511 561 571 615 δὲ
599 559 741 632 μετὰ
769 560 871 632 τὴν
901 561 1100 616 ἕνωσιν
1149 560 1616 629 ἀναπλάττοντας,
1645 565 1781 617 ἀνα·-

205 657 503 726 θεματίζει.

277 789 574 857 Ἐπὸμενοι
613 791 795 844 τοίνυν
828 794 941 856 τοῖς
983 793 1158 861 ἁγίοις
1207 795 1520 863 Πατράσιν,
1553 793 1647 847 ἕνα
1689 795 1785 848 καὶ

207 883 287 933 τὸν
329 881 498 935 αὑτὸν
521 885 809 953 ὁμολογεῖν
835 887 984 951 Υίδν,
1018 889 1111 938 τὸν
1141 889 1344 956 Κύριον
1375 887 1534 957 ἡμῶν
1576 886 1785 958 Ἰησοῦν

208 971 470 1041 Χριστὸν,
507 972 821 1043 συμφώνως
854 977 1094 1039 ἅπαντες
1124 977 1515 1047 ἐκδιδάσκομεν
1537 995 1551 1009 ·
1581 980 1785 1032 τέλειον

211 1066 292 1118 τὸν
318 1067 481 1118 αὐτὸν
535 1069 590 1119 ὲν
629 1069 864 1136 θεότητι,
914 1070 1008 1122 καὶ
1048 1068 1256 1123 τέλειον
1290 1071 1384 1123 τὸν
1409 1071 1570 1124 αὑτὸν
1599 1076 1656 1125 ὲν
1695 1074 1790 1126 ἀν-

213 1157 550 1230 θρωπότητι·
601 1159 737 1212 Θεὸν
791 1160 1034 1230 ἀληθῶς,
1086 1162 1181 1215 καὶ
1225 1163 1516 1233 ἄνθρωπον
1569 1164 1788 1235 ἀληθῶς

212 1253 294 1302 τὸν
318 1250 509 1313 αὑτὸν,
563 1251 628 1303 ὲκ
658 1250 840 1321 ψυχῆς
872 1251 1100 1321 λογικῆς
1131 1253 1229 1306 καὶ
1263 1248 1519 1323 σώματος
1541 1268 1556 1283 ⁸
1595 1254 1786 1324 όμοού.

216 1361 321 1396 σιον
369 1344 448 1413 τῷ
511 1344 689 1414 Πατρὶ
739 1345 884 1398 κατὰ
918 1345 1180 1415 θεότητα,
1244 1348 1339 1399 καὶ
1371 1346 1658 1417 ὀμοούσιον
1698 1347 1787 1400 τὸν

216 1436 370 1489 αὐτὸν
425 1439 563 1508 ἡμῖν
611 1436 757 1490 κατὰ
816 1437 918 1509 τὴν
964 1438 1399 1508 ἀνθρωπότηταο
1431 1440 1575 1492 κατὰ
1608 1441 1786 1492 πάντα

215 1531 385 1596 ὅμοιον
418 1530 576 1600 ἡμῖν,
612 1533 783 1600 χωρὶς
833 1532 1109 1602 ἁμαρτίας
1133 1547 1146 1562 ⁸
1181 1531 1287 1602 πρὸ
1317 1532 1534 1585 αἰώνων
1583 1533 1684 1602 μὲν
1723 1535 1787 1585 ὲκ

217 1622 299 1674 τοῦ
367 1623 586 1694 Πατρδς
651 1624 987 1695 γεννηθέντα
1041 1625 1178 1678 κατὰ
1225 1626 1322 1696 τὴν
1379 1625 1644 1696 θεότηταο
1699 1627 1786 1678 ἐπ’

218 1716 446 1786 ἐσχάτων
479 1717 537 1768 δὲ
570 1717 679 1769 τῶν
705 1719 930 1786 ἡμερῶν
961 1717 1053 1771 τὸν
1085 1719 1251 1772 αὑτὸν
1277 1719 1344 1771 δι’
1371 1721 1544 1788 ἡμᾶς,
1584 1720 1678 1772 καὶ
1702 1720 1786 1772 {ti
1822 1729 1861 1780 Β

218 1806 305 1877 τὴν
341 1808 620 1878 ἡμετέραν
660 1808 936 1879 σωτηρίαν
975 1812 1042 1862 ὲκ
1093 1810 1315 1879 Μαρίας
1350 1811 1452 1880 τῆς
1504 1811 1786 1881 Παρθένου

219 1898 306 1968 τῆς
334 1899 625 1963 Θεοτόκου,
670 1900 816 1953 κατὰ
841 1902 941 1971 τὴν
974 1902 1403 1973 ἀνθρωπότητα,
1442 1904 1539 1956 ἕνα
1565 1907 1661 1957 καὶ
1692 1906 1785 1956 αὐ-

222 1992 304 2045 τὸν
343 1993 607 2063 Χριστὸν.
653 1993 805 2059 Υίὸν,
844 1994 1070 2064 Κύριον,
1100 1996 1406 2064 Μονογενῆ,
1451 1998 1514 2049 ὲκ
1550 1996 1645 2050 δύο
1685 1997 1787 2063 φύ-

223 2101 348 2138 σεων
399 2085 750 2156 ἀσυγχύτους,
812 2088 1123 2158 ἀτρέπτως,
1181 2089 1523 2158 ἀδιαιρέτως,
1585 2092 1787 2161 ἀχωρί-

227 2194 350 2242 στως
378 2179 787 2251 γνωριζόμενοι)
808 2196 823 2211 ο
877 2182 1112 2254 οὐδαμοῦ
1147 2182 1248 2251 τῆς
1275 2182 1381 2237 τῶν
1418 2184 1635 2252 φύσεων
1667 2185 1787 2237 δια-

225 2273 381 2338 φορᾶς
417 2273 788 2343 ἀνῃρημένης
835 2273 926 2326 διὰ
956 2274 1055 2343 τὴν
1099 2274 1330 2338 ἕνωσιν,
1379 2274 1694 2346 σωζομένης
1731 2276 1788 2328 δὲ

229 2362 413 2431 μᾶλλον
448 2364 548 2432 τῆς
592 2364 854 2432 ἰδιότητος
888 2365 1158 2434 ἑκατέρας
1199 2366 1418 2434 φύσεως
1441 2406 1456 2431 ,
1489 2368 1584 2420 καὶ⁸
1615 2369 1695 2431 εἰς
1731 2367 1788 2418 ἓν

228 2455 504 2524 πρόσωπον
550 2456 647 2509 καὶ
693 2456 826 2527 μίαν
880 2458 1182 2509 ὑπόστασιν
1214 2459 1654 2528 συντρεχούσης’
1688 2460 1790 2512 οὐκ

228 2552 296 2610 si;
321 2549 409 2602 δύο
439 2549 713 2618 πρόσωπα
749 2548 1116 2619 μεριζόμενον
1147 2550 1180 2621 ἦ
1215 2550 1626 2622 διαιρούμενον,
1673 2550 1788 2604 ἀλλ’

228 2638 310 2692 ἕνα
338 2641 428 2692 καὶ
458 2641 550 2694 τὸν
582 2641 746 2693 αὑτὸν
783 2641 911 2694 Υἱόν
941 2645 1238 2710 μονογενῆ.
1274 2641 1408 2695 Θεὸν
1433 2644 1629 2711 Λόγον,
1671 2644 1786 2697 Κύ-

232 2749 334 2802 ριον
366 2731 572 2801 Ἰησοῦν
603 2733 878 2802 Χριστόν·
914 2733 1170 2805 καθάπερ
1200 2735 1410 2789 ἄνωθεν
1437 2737 1484 2788 οἱ
1512 2736 1790 2805 προφῆται

233 2827 346 2893 περὶ
381 2823 568 2888 αὐτοῦ,
620 2827 712 2876 καὶ
739 2824 903 2887 αὐτὸς
935 2825 1084 2894 ἡμᾶς
1117 2828 1144 2878 ό
1172 2825 1379 2896 Κύριος
1419 2825 1624 2898 Ἰησοῦς
1655 2829 1792 2897 Χρι-

237 2917 349 2980 στος
382 2917 759 2982 ἐξεπαίδευσέ,
788 2919 879 2970 καὶ
904 2919 964 2970 τὸ
991 2919 1101 2970 τῶν
1133 2919 1396 2989 Πατέρων
1427 2918 1586 2988 ἡμῶν
1611 2937 1793 2992 παρα-

232 3009 412 3064 δέδωκε
482 3011 778 3082 σύμϐολον.
862 3010 1082 3063 Τούτων
1149 3013 1330 3064 τοίνυν
1399 3012 1538 3080 μετὰ
1604 3015 1787 3083 πάσης

236 3102 552 3174 πανταχόθεν
579 3103 869 3173 ἀκριϐείας
909 3121 966 3156 τε
1018 3104 1110 3156 καί
1135 3104 1438 3172 ἐμμελείας
1471 3104 1601 3174 παρ’
1635 3107 1791 3175 ἡμῶν

234 3197 706 3260 διατυπωθέντων,
764 3197 968 3265 ὥρισεν
1020 3198 1053 3265 ἡ
1111 3195 1240 3264 ἀγία
1293 3201 1387 3248 καὶ
1432 3197 1789 3266 οὶκουμενικὴ

238 3290 454 3353 σύνοδος,
487 3291 685 3361 ἑτέραν
719 3290 905 3343 πίστιν
945 3290 1136 3359 μηδενὶ
1177 3289 1379 3354 ἐξεῖναι
1409 3293 1729 3362 προφέρειν,
1757 3291 1788 3363 ἢ

239 3383 574 3452 συγγράφειν,
607 3384 641 3451 ἦ
681 3381 1013 3447 συντιθέναι,
1064 3383 1095 3452 ἢ
1151 3374 1393 3454 φρονεῖν,
1438 3386 1470 3454 ἢ
1515 3385 1791 3438 διδάσκειν

239 3479 458 3548 ἑτέρους.
513 3480 657 3543 Τοὺς
702 3479 759 3531 δὲ
809 3476 1129 3548 τολμῶντας
1183 3479 1216 3548 ἢ
1255 3479 1563 3533 συντιθέναι
1605 3484 1791 3534 πίστιν

240 3573 428 3641 ἑτέραν,
465 3573 637 3642 ἤγουν
678 3572 1062 3642 προκομίζειν,
1119 3572 1477 3641 ἢδιδάσκειν,
1530 3572 1564 3644 ἢ
1611 3591 1794 3640 παρα-

237 3665 408 3718 διδόναι
435 3668 625 3736 ἕτερον
657 3664 931 3732 σύμϐολον
965 3667 1079 3727 τοῖς
1114 3664 1396 3716 ἐθέλουσιν
1429 3664 1788 3736 ἐπιστρέφειν

242 3762 307 3822 εἰς
339 3761 628 3826 ἐπίγνωσιν
668 3757 932 3828 ἀληθείας
964 3757 1023 3820 ἐξ
1058 3755 1436 3826 Ἑλληνισμοῦ,
1486 3757 1518 3824 ἢ
1569 3757 1792 3810 Ἰουδαῖ-

243 3851 378 3922 σμοῦ,
411 3854 575 3922 ἦγουν
607 3851 666 3916 ἐξ
687 3852 954 3922 αἱρέσεως
981 3852 1078 3920 τῆς
1099 3849 1513 3921 οἱασδηποτοῧν,
1541 3850 1788 3918 τούτους,

240 3948 278 3998 ti
310 3947 397 4016 μὲν
425 3945 532 4000 εἶεν
561 3946 858 4000 ἐπίσκοποι
889 3945 920 4015 ἢ
974 3944 1231 4013 κληρικοὶ
1251 3987 1266 4009 ,
1301 3942 1622 4013 ἀλλοτρίους
1651 3940 1791 4001 εἶναι

242 4040 346 4104 τοὺς
381 4042 711 4100 ἐπισκόπους
762 4038 862 4104 τῆς
909 4035 1218 4104 ἐπισκοπῆς
1241 4051 1259 4065 ο
1309 4037 1404 4088 καὶ
1439 4037 1565 4099 τοὺς
1597 4037 1793 4106 κληρι·

244 4135 370 4197 τοὺς,
399 4134 491 4186 τοῦ
526 4134 735 4203 κλήρου
757 4147 772 4161 ο
807 4131 856 4183 εἰ
887 4130 943 4183 δὲ
982 4129 1306 4200 μονάζοντες
1358 4130 1394 4199 ἢ
1434 4129 1615 4182 λαῖκοὶ
1656 4126 1789 4196 εἷεν,

243 4225 716 4297 ἁναθεματίζεσθαι
744 4223 970 4284 αὐτούς.

306 4354 446 4407 Ἐπεὶ
471 4353 530 4406 δὲ
562 4350 889 4422 ἀνεγνώσθη
927 4351 954 4403 ό
981 4350 1139 4420 ὅρος,
1186 4344 1280 4404 καὶ
1307 4350 1374 4402 τὰ
1408 4348 1588 4421 βιϐλία
1637 4350 1792 4418 εὑρέ-

1891 485 2009 536 cos,
2039 473 2127 541 qui
2156 473 2289 525 duas
2324 474 2539 540 quidem
2577 475 2784 528 Domini
2807 486 3028 532 naturas
3051 491 3176 536 ante
3209 485 3469 541 unionem

1893 563 2226 629 fabulantur,
2258 580 2420 618 unam
2447 581 2575 621 vero
2604 581 2726 637 post
2771 574 3026 629 unionem
3072 577 3305 648 ﬁngunt,
3341 595 3474 634 ana-

1895 656 2234 712 thematizat.
3081 661 3084 664 ’

1967 784 2269 854 Sequentes
2297 802 2428 858 ergo
2456 801 2672 846 sanctos
2697 794 2818 848 illos
2846 794 3060 860 Patres,
3091 802 3327 858 universi
3347 821 3478 861 con-

1893 891 2026 930 sona
2044 893 2174 931 voce
2192 896 2354 932 unum
2371 891 2424 934 ct
2444 885 2693 938 eumdem
2711 885 2904 942 Filium
2926 891 3209 948 Dominum
3226 908 3470 954 nostrum

1891 966 2072 1022 Jcsum
2099 972 2400 1035 Christum,
2438 977 2799 1032 conﬁtendum
2827 998 2949 1038 esse
2983 985 3238 1042 docemus
3270 1008 3282 1042 :
3315 1006 3474 1045 eum-

1892 1061 2012 1114 dem
2044 1061 2097 1115 in
2119 1064 2403 1119 divinitate
2429 1069 2728 1135 perfecmm
2752 1077 3071 1130 eteumdem
3099 1081 3396 1148 perfectum
3419 1087 3473 1138 iu

1895 1151 2231 1210 humanitate
2257 1173 2271 1208 :
2306 1173 2431 1214 vere
2456 1160 2646 1227 Deum,
2672 1172 2724 1216 et
2758 1169 3007 1222 eumdem
3048 1188 3173 1226 vere
3204 1176 3471 1232 hominem

1893 1258 1956 1297 ex
1980 1245 2242 1314 participe
2270 1250 2498 1305 rationis
2522 1253 2700 1306 anima
2721 1270 3058 1327 corporeque
3077 1277 3420 1322 constantem
3455 1289 3472 1325 :

1893 1333 2133 1403 ejusdem
2167 1353 2290 1391 cum
2325 1339 2484 1394 Patre
2509 1345 2850 1410 substantias,
2886 1355 3183 1407 secundum
3224 1359 3478 1415 divinita-

1897 1430 2027 1486 tem,
2059 1435 2113 1477 et
2163 1429 2414 1482 eumdem
2477 1433 2757 1487 nobiscum
2825 1438 3065 1506 ejusdem
3131 1447 3475 1518 substantiat,

1895 1519 2188 1571 secundum
2225 1519 2615 1580 humanitatem
2650 1543 2662 1580 :
2692 1528 2923 1585 similem
2957 1535 3112 1589 nobis
3142 1555 3238 1607 per
3268 1546 3474 1607 omnia,

1893 1619 2123 1676 excepto
2158 1624 2382 1678 peccato
2413 1633 2425 1668 :
2457 1627 2580 1671 ante
2609 1622 2799 1675 srecula
2838 1625 3054 1693 quidem
3085 1644 3149 1683 ex
3192 1630 3351 1688 Patre
3381 1653 3476 1705 ge-

1895 1699 2087 1764 nitum,
2146 1705 2321 1771 quoad
2385 1707 2743 1778 divinitatem,
2802 1721 3062 1774 extremis
3109 1737 3237 1778 vero
3285 1727 3478 1785 diebus

1892 1795 2144 1855 eumdem
2175 1813 2395 1868 propter
2420 1818 2538 1869 nos,
2569 1816 2622 1858 et
2679 1808 2912 1866 salutem
2965 1825 3226 1883 nostram,
3291 1831 3470 1874 natum

1892 1900 1959 1938 ex
2021 1885 2185 1941 Maria
2237 1891 2451 1960 Virgine
2505 1893 2758 1965 Deipara,
2811 1905 3111 1960 secundum
3166 1909 3476 1965 humanita-

1892 1987 1998 2029 tem
2033 1995 2045 2027 :
2079 1995 2242 2033 unmn
2273 1992 2328 2036 et
2362 1986 2613 2066 eumdem
2680 1991 2957 2049 Christum
3013 1996 3235 2068 Filium,
3293 2005 3475 2059 Domi-

1894 2084 2041 2132 num,
2078 2069 2452 2142 Unigenitum,
2485 2064 2812 2147 qui-duabus
2840 2100 2903 2139 ex
2939 2091 3150 2146 naturis
3172 2064 3305 2149 citra
3341 2112 3474 2151 con-

1894 2159 2184 2226 fusionem,
2225 2169 2602 2233 mutationem,
2645 2173 2990 2242 divisionem,
3047 2185 3472 2254 scparationem,

1893 2254 2251 2322 agnoseitur;
2339 2273 2680 2328 nequaquam
2759 2275 3072 2324 naturarum
3157 2276 3474 2334 discrimine

1892 2355 2115 2413 propter
2171 2348 2424 2402 unionem
2477 2354 2713 2416 sublato,
2789 2362 2882 2413 sed
2930 2361 3211 2433 utriusque
3265 2378 3476 2424 natura

1895 2439 2227 2506 proprietate
2277 2443 2424 2496 Salva
2483 2447 2684 2513 potius,
2740 2460 2794 2502 et
2855 2453 2905 2504 in
2956 2469 3118 2508 uuam
3184 2474 3471 2526 personam

1894 2545 2166 2601 unamque
2191 2537 2507 2605 hypostasin
2530 2552 2799 2596 coeunte:
2835 2559 2943 2598 non
2972 2548 3022 2599 in
3054 2549 3189 2604 duas
3213 2567 3475 2620 personas

1893 2622 2221 2694 discerptum
2258 2629 2340 2682 vel
2371 2631 2631 2696 divisum,
2663 2635 2756 2686 sed
2797 2652 2961 2690 unum
3008 2651 3062 2694 et
3095 2644 3342 2698 eumdem
3381 2645 3473 2701 Fi-

1895 2712 2027 2767 lium
2053 2717 2362 2788 uuigenam,
2395 2720 2561 2775 Deum
2592 2722 2931 2792 Sermonem,
2965 2727 3252 2786 Dominum
3289 2733 3474 2791 .lesum

1894 2804 2218 2865 Christum:
2281 2810 2424 2866 sicut
2478 2814 2606 2868 olim
2643 2828 2793 2872 vates
2823 2821 2889 2873 de
2930 2821 3066 2891 ipso,
3106 2832 3160 2878 et
3206 2826 3321 2897 ipse
3375 2845 3476 2884 nos

1897 2896 2156 2955 Dominus
2181 2901 2339 2958 Jesus
2362 2906 2616 2961 Christus
2644 2910 2866 2976 erudiit,
2892 2922 2947 2965 et
2997 2896 3306 2986 symbolum
3337 2920 3467 2976 illud

1894 2989 2114 3046 Patrum
2151 3007 2460 3051 nostrorum
2494 3002 2735 3057 tradidit.
2769 3003 2865 3058 llis
2893 3021 3022 3077 ergo
3045 3023 3171 3063 cum
3197 3015 3349 3068 omni
3374 3031 3477 3069 un-

1816 3068 1862 3129 C
1896 3086 2057 3154 dique
2087 3091 2437 3146 accuratioue
2485 3093 2874 3167 diligentiaque
2930 3116 2959 3153 a
3004 3104 3159 3158 nobis
3220 3108 3472 3174 saticltis,

1895 3192 2047 3232 sacra
2076 3189 2130 3235 et
2159 3185 2484 3240 universalis
2518 3189 2759 3258 synodus
2813 3192 3073 3261 decrevit,
3127 3198 3330 3251 nemini
3390 3200 3475 3257 fas

1893 3286 2018 3327 esse
2049 3273 2209 3328 ﬁdem
2262 3276 2420 3330 aliam
2454 3280 2720 3347 proferre,
2758 3285 2842 3338 vel
2872 3285 2922 3338 in
2989 3286 3196 3343 litteras
3247 3289 3473 3358 referre,

1895 3365 1977 3418 vel
2013 3381 2360 3436 conmanere,
2395 3371 2477 3424 vel
2509 3373 2785 3442 amplecti,
2821 3378 2903 3432 vel
2955 3380 3092 3432 alios
3131 3381 3349 3437 docere.
3413 3384 3472 3438 Si

1893 3459 1983 3525 qni
2011 3474 2139 3514 vero
2161 3460 2365 3516 fuerint
2394 3465 2510 3517 ausi
2543 3467 2704 3520 fidem
2772 3471 2934 3523 aliam
2992 3473 3072 3525 vel
3121 3487 3472 3544 componere,

1894 3550 2008 3604 sive
2039 3551 2305 3619 proferre,
2337 3556 2421 3610 vel
2443 3557 2662 3625 docere,
2695 3563 2777 3613 vel
2837 3562 2981 3616 aliud
3047 3564 3113 3618 iis
3167 3567 3474 3636 symbolum

1898 3642 2132 3708 tradere,
2190 3645 2279 3712 qui
2341 3647 2406 3700 de
2465 3651 2806 3718 paganismo,
2849 3651 2964 3706 sive
3008 3651 3314 3720 Judaismo,
3357 3658 3480 3713 sive

1894 3745 2038 3788 secta
2070 3752 2413 3808 quacumque
2450 3741 2697 3798 veritatis
2744 3745 2809 3796 ad
2862 3745 3197 3814 agnitionem
3237 3764 3296 3803 se
3346 3764 3478 3804 con-

1897 3839 2108 3883 vertere
2139 3829 2322 3885 volunt
2354 3852 2367 3887 :
2402 3849 2516 3897 eos,
2543 3836 2587 3888 si
2624 3836 2826 3890 fuerint
2855 3838 3098 3907 episcopi
3132 3842 3212 3894 vel
3263 3842 3479 3907 clerici,

1895 3928 2004 3974 tam
2036 3923 2103 3975 ab
2131 3924 2509 3994 episcoporum
2569 3941 2733 3995 quam
2765 3928 3094 3984 clericorum
3137 3934 3340 3988 ordine
3389 3948 3476 3987 re-

1895 4026 2111 4083 movet;
2157 4016 2239 4070 sin
2273 4019 2549 4084 monachi,
2580 4020 2664 4075 vel
2705 4022 2827 4077 laici
2859 4022 3085 4089 luerim,
3133 4027 3475 4082 anathemati

1893 4111 2083 4162 statuit
2113 4124 2230 4163 esse
2256 4111 2562 4178 subjectos.

1901 4313 1906 4318 ’
1968 4327 2333 4400 Posteaquam
2372 4331 2585 4388 concilii
2616 4332 2899 4389 decretum
2929 4336 3213 4389 recitatum
3257 4335 3474 4401 fuisset,

246 4444 388 4515 θησαν
413 4444 763 4509 ὲξισάζοντα,
813 4441 874 4493 τό
904 4457 965 4493 τε
1004 4440 1375 4510 Ἃρμηνικὸν,
1423 4442 1516 4493 καὶ
1554 4440 1614 4494 τὸ
1658 4439 1788 4493 Ῥωο

1895 4435 2058 4492 atque
2085 4423 2223 4479 liber
2251 4424 2573 4480 Armenicns
2605 4425 2851 4481 Romano
2886 4429 3216 4495 respondere
3276 4428 3472 4494 depreo

247 4538 432 4603 μαῐκὺν,
459 4538 554 4590 καί
584 4537 641 4589 αἱ
677 4534 757 4603 τῷ
786 4530 1079 4603 Καθολικῷ
1123 4531 1384 4586 δοκοῦσαι
1429 4535 1660 4600 ἀσαφεῖς
1691 4532 1791 4583 αὑ-

246 4627 318 4680 τοῦ
345 4629 507 4694 λέξεις
543 4627 768 4700 μετρίαι
803 4624 962 4678 οὖσαι
999 4624 1194 4693 ἱκανῆς
1238 4626 1576 4697 τετυχήκασι
1614 4640 1790 4693 σαφη-

249 4717 594 4782 νείας,είπενό
616 4718 931 4790 Θεωριανδς
961 4716 1097 4787 πρὸς
1131 4715 1221 4769 τὸν
1256 4715 1580 4770 Καθολικόν·
1600 4714 1788 4786 Ὀρᾷς,

251 4813 482 4880 ἁγιώτατα
510 4813 772 4878 δέσποτα,
821 4812 904 4863 ὅτι
934 4811 1044 4862 τῶν
1071 4806 1148 4881 χλ¹
1191 4809 1466 4879 θεοφόρων
1526 4808 1790 4877 Πατέρων

251 4907 364 4971 θεῖος
398 4909 577 4978 χορὸς,
639 4905 748 4958 τῶν
809 4904 866 4956 έν
895 4901 1289 4972 Χαλκηδονέων
1348 4901 1500 4954 πόλει
1551 4919 1790 4970 συναγη-

250 5001 512 5070 γερμένων,
571 5002 633 5053 οὑ
673 5000 834 5067 μόνον
877 4997 1029 5049 οὐδὲν
1082 4996 1187 5062 ἔξω
1221 4995 1322 5065 τῆς
1354 4996 1463 5047 τῶν
1497 4995 1788 5063 δογμάτων

251 5091 503 5164 ὀρθότητος
551 5093 853 5163 λελάληκεν
900 5093 938 5164 ἢ
969 5091 1346 5161 πεφρόνηκεν,
1384 5088 1500 5142 ἀλλ’
1536 5086 1654 5141 οὐδὲ
1685 5085 1788 5138 κάν

255 5187 332 5258 μιᾷ
354 5188 484 5254 λέξει
523 5188 649 5259 ξένη
698 5188 780 5249 είς
840 5185 937 5256 τὴν
989 5183 1207 5237 ἔκθεσιν
1248 5180 1341 5254 τοῦ
1391 5181 1540 5234 θείου
1593 5179 1788 5232 τούτου

251 5281 352 5350 ερον
395 5284 683 5356 ἐχρήσατο.
738 5282 1022 5353 Τετήρηκε
1057 5281 1166 5350 γὰρ
1215 5282 1314 5349 τήν
1343 5277 1628 5352 τεθπίστιν
1677 5275 1787 5328 τῶν

254 5374 338 5444 πρὸ
364 5376 518 5430 αὑτοῦ
548 5377 720 5444 ἁγίων
751 5375 1035 5445 Πατέρων,
1056 5374 1153 5427 καὶ
1186 5371 1327 5426 αὑτά
1345 5370 1409 5442 δὴ
1435 5369 1502 5423 τὰ
1537 5371 1783 5443 ῥήματα.

255 5467 358 5531 Καὶ,
376 5469 419 5521 εί
437 5469 699 5535 κελεύεις,
725 5468 886 5536 δείξω
915 5485 1020 5532 σοι,
1046 5468 1112 5521 ὲκ
1143 5466 1314 5519 ποίων
1337 5463 1788 5536 προγενεστέρων

257 5556 658 5630 θείωῐιατέρων
708 5562 821 5623 τοῖς
871 5559 1165 5631 μακαρίοις
1205 5558 1423 5620 τούτοις
1466 5555 1636 5618 θείοις
1677 5555 1789 5607 [Ια-

258 5653 417 5721 τράσιν
438 5657 645 5726 ἑκάστη
672 5654 817 5722 λέξις
863 5654 956 5708 τοῦ
988 5654 1117 5726 ὅρου
1145 5653 1339 5706 τούτου
1383 5650 1784 5721 παρείληπται.

263 5744 311 5794 Δί
336 5749 534 5815 πλείους
567 5749 678 5820 γὰρ
718 5747 903 5803 αὐτῶν
945 5747 1053 5801 ἀπὺ
1099 5745 1209 5801 τῶν
1247 5743 1324 5816 τῷ
1374 5741 1631 5816 μακαρίῳ
1677 5739 1787 5793 Ku-

1894 4523 2136 4576 hensus:
2185 4519 2320 4574 satis
2372 4530 2555 4574 essent
2607 4523 2844 4592 denique
2915 4520 3205 4577 declarata:
3251 4523 3473 4576 concilii

1893 4625 2075 4677 voces,
2108 4625 2240 4666 sane
2267 4611 2600 4676 tolerabiles,
2635 4628 2758 4681 qua:
2782 4613 3029 4668 Generali
3071 4615 3194 4668 visa:
3252 4615 3474 4671 Fuerant

1891 4706 2154 4771 obscurae,
2233 4705 2574 4759 Theorianus
2655 4707 2801 4760 hisce
2886 4706 3205 4762 Generalem
3290 4708 3474 4764 verbis

1892 4797 2249 4867 compellabat
2281 4813 2295 4850 :
2327 4797 2508 4862 Vides,
2553 4798 2902 4853 sanctissime
2959 4801 3198 4865 domine,
3251 4814 3467 4854 saeru-m

1894 4894 2041 4946 illum
2096 4909 2295 4950 ccetum
2347 4895 2450 4949 650
2505 4892 2812 4946 divinorum
2874 4891 3119 4959 Patrum,
3172 4897 3224 4948 in
3274 4896 3472 4964 Oppido

1893 4986 2322 5042 Chalcedonensi
2372 4996 2849 5056 congregatorum,
2917 5001 3022 5039 non
3103 4988 3263 5040 modo
3336 4988 3470 5041 nihil

1893 5093 2047 5138 extra
2085 5083 2392 5149 dogmatnm
2423 5079 2804 5134 rectitudinem
2831 5079 2915 5131 vel
2947 5077 3185 5132 locutum
3215 5095 3355 5142 esse,
3385 5081 3467 5133 vel

1894 5177 2151 5238 sensisse,
2205 5176 2300 5227 sed
2357 5189 2422 5226 ne
2469 5188 2573 5225 una
2628 5172 2848 5240 quidem
2904 5173 3186 5241 peregrina
3239 5187 3372 5224 voce
3399 5173 3466 5222 ad
3522 5198 3524 5200 τ

1895 5271 2053 5338 hujus
2098 5266 2263 5320 divini
2311 5265 2515 5320 det-reti
2570 5266 2963 5334 expositionem
3001 5279 3181 5316 ttsutn.
3238 5261 3368 5316 Nam
3413 5272 3468 5314 et

1895 5364 2049 5416 Iidem
2079 5359 2296 5413 Patrum
2334 5373 2393 5413 se
2429 5357 2694 5426 majorum
2721 5367 2880 5412 relate
2923 5356 3168 5418 retinuit,
3233 5367 3286 5410 et
3352 5355 3467 5425 ipsa

1892 5469 2105 5524 quoque
2141 5453 2326 5508 verba.
2374 5450 2672 5505 Ostendam
2723 5465 2850 5504 vero
2875 5450 2994 5513 tibi,
3053 5451 3095 5502 si
3152 5449 3349 5518 placet,
3401 5464 3472 5502 ex

1891 5548 2087 5617 quibus
2129 5543 2531 5615 antiquioribus
2558 5543 2695 5597 divis
2715 5543 2967 5598 Patribns
3000 5542 3053 5596 hi
3091 5542 3232 5596 beati
3281 5539 3472 5595 Patres

1890 5654 2080 5695 vocem
2112 5640 2410 5710 quamlibet
2443 5639 2606 5708 hujus
2636 5638 2840 5692 decreti
2883 5635 3239 5706 sumpserint.
3307 5635 3471 5689 Com-

1891 5734 2073 5806 plures
2093 5733 2314 5805 quidem
2347 5741 2497 5790 certe
2537 5733 2603 5789 de
2632 5730 2821 5802 Cyrilli
2856 5729 3264 5787 commentariis
3314 5743 3476 5782 usur-
