4008 6170
536 285 644 348 103

1959 280 2063 339 ΤΗ
2074 276 2393 340 EORIANI

3697 261 3811 328 204

536 405 634 459 sed
665 416 830 459 unum
864 409 911 456 et
941 399 1190 454 eumdem
1223 398 1415 453 Filium
1442 397 1755 468 unigenam,
1792 397 1958 453 Deum
1987 395 2117 452 Ser-

2249 412 2332 460 ον,
2364 392 2477 448 ἁλλ’
2504 393 2601 447 ἕνα
2623 393 2717 446 καὶ
2741 391 2832 445 τὸν
2857 390 3021 445 αὑτὸν
3054 389 3184 443 Υίδν
3220 380 3510 459 μονογενῖι,
3540 385 3675 441 θεὸν
3701 386 3814 441 Λύ-

534 509 776 560 tltoueut,
809 494 1092 548 Dominum
1132 491 1313 546 Iesum
1343 491 1638 545 Christum.

789 586 1002 657 Cyriui,
1042 601 1106 639 ea:
1149 585 1372 653 epistola
1418 584 1487 639 ad
1521 582 1852 639 Successum.

612 679 732 734 Non
773 682 824 733 in
861 679 998 734 duas
1041 693 1302 749 personas
1343 686 1397 732 et
1437 677 1579 732 ﬁlios
1609 679 1944 748 disrrrpetur
1975 693 1987 732 :
2019 676 2114 732 sed

535 776 736 832 mansit
759 789 898 828 unus
926 783 981 833 et
1008 771 1151 827 idem
1187 772 1445 825 Dominus
1471 771 1632 827 Jesus
1650 770 1923 828 Christus.

1149 956 1235 1008 Ea:
1267 953 1496 1008 decreto.

608 1051 763 1107 Sicut
811 1048 939 1105 olim
987 1057 1138 1102 Vates
1192 1047 1258 1101 de
1302 1046 1439 1115 ipso,
1469 1055 1525 1100 et
1557 1045 1674 1114 ipse
1717 1059 1817 1100 nos
1851 1042 2119 1102 Dominus

537 1142 696 1200 Jesus
721 1140 978 1197 Christus
1007 1139 1225 1203 erudiit,
1272 1146 1326 1192 et
1368 1137 1669 1210 symbolum
1720 1139 1848 1193 illud
1897 1135 2116 1193 Patrum

538 1245 850 1294 nostrorum
887 1233 1132 1289 tradidit.

777 1328 992 1398 (Σεμναὶ,
1032 1341 1103 1380 ex
1148 1325 1372 1396 epistola
1413 1326 1483 1380 ad
1532 1322 1863 1380 Nestorium.

610 1420 701 1478 Sic
727 1431 949 1476 sanctos
975 1419 1212 1475 sensisse
1248 1417 1438 1475 Patres
1473 1418 1832 1474 inveniemus.

1155 1598 1240 1654 Ea:
1284 1600 1514 1656 decreto.

611 1697 710 1754 llis
741 1712 870 1769 ergo
899 1707 1021 1750 cum
1059 1695 1210 1751 omni
1240 1695 1476 1765 undique
1508 1693 1853 1750 accuratione
1893 1694 2121 1768 diligen-

2221 505 2342 557 γον,
2375 487 2472 540 καὶ
2499 487 2705 558 Κύριον
2738 485 2945 557 Ἰησοῦν
2967 483 3227 555 Χριστόν.

2223 578 2550 647 Κουρίλλου,
2582 579 2650 630 ἐκ
2686 575 2797 645 τῇς
2846 577 2998 645 πρὸς
3044 577 3395 629 Σούκενσον
3446 571 3808 642 ἐπιστολῆς.

2294 670 2405 725 Καὶ
2431 672 2531 725 οὐκ
2560 671 2640 732 είς
2664 669 2757 722 δύο
2784 668 3177 740 μερισῦἡσεται
3211 667 3484 736 πρόσωπα
3504 663 3602 718 καὶ
3631 665 3810 729 υἱοὺς,

2224 764 2361 820 ἀλλὰ
2392 763 2709 837 μεμένηκεν
2733 758 2816 827 εἷς
2842 763 2939 816 καὶ
2962 764 2991 816 ό
3020 761 3182 826 αὐτὸς
3212 760 3421 834 Κύριος
3436 759 3645 830 Ἰησοῦς
3665 759 3809 830 Χρι·

2228 857 2371 920 στός.

2803 947 2899 1000 Ἐκ
2928 945 3036 1000 τοῦ
3057 945 3224 1013 ὅρου.

2301 1042 2571 1114 Καθάπερ
2620 1040 2829 1096 ἄνωθεν
2883 1041 2933 1093 oi
2987 1038 3268 1110 προφῆται
3322 1039 3452 1109 περὶ
3486 1029 3678 1103 αὑτοῦ,
3710 1037 3812 1096 καὶ

2226 1138 2392 1200 αὐτὸς
2430 1138 2578 1206 ἡμᾶς
2610 1134 2987 1203 ἐξεπαίδευσε,
3017 1133 3112 1188 καὶ
3145 1133 3207 1187 τὸ
3235 1133 3344 1186 τῶν
3363 1131 3625 1204 Πατέρων
3648 1131 3812 1204 ἡμῶν

2227 1232 2578 1304 παραδέδωκε
2606 1230 2898 1301 σύμϐολον.

2297 1327 2629 1394 Κυρίλλου,
2657 1326 2728 1380 ἐκ
2770 1322 2882 1392 τῆς
2915 1322 3065 1393 πρὸς
3086 1324 3418 1394 Νεστόριον
3441 1321 3809 1390 ἐπιστολῆς.

2299 1418 2488 1481 Οὕτως
2513 1417 2823 1490 εὑρήσομεν
2851 1418 2981 1479 τοὺς
3013 1415 3206 1487 ἁγίους
3243 1418 3661 1488 πεφρονηκότας
3695 1414 3814 1468 Πα-

2226 1508 2413 1581 τέρας.

2807 1598 2910 1658 Ἐκ
2937 1605 3044 1659 τοῦ
3077 1603 3243 1672 ὅρου.

2301 1693 2520 1750 Τούτων
2559 1697 2741 1750 τοίνυν
2764 1698 2905 1768 μετὰ
2937 1697 3121 1768 πάσης
3147 1695 3489 1766 πανταχόθεν
3520 1693 3811 1766 ἀκριϐείας

540 1794 726 1863 tiaqne
774 1806 802 1844 a
844 1789 1002 1845 nobis
1050 1788 1294 1854 sancitis,
1361 1786 1604 1844 decrevit
1657 1801 1815 1842 sacra
1859 1790 2117 1860 synodus,

2249 1807 2289 1844 τε
2322 1790 2415 1845 καὶ
2449 1761 2928 1861 ὲμμελείαςνπαρ
2966 1761 3123 1862 ἡμων
3156 1761 3634 1851 semensum,
3667 1787 3811 1859 ὥρη

541 1888 741 1946 nemini
772 1887 855 1943 fas
878 1901 1019 1952 esse,
1060 1884 1218 1939 [idem
1254 1884 1415 1938 aliam
1457 1882 1723 1955 proferre,
1758 1883 1841 1939 vel
1889 1885 1942 1940 in
1977 1886 2128 1944 litte-

543 1999 635 2039 ras
659 1982 862 2037 referre
890 1998 902 2034 :
935 1991 991 2035 et
1018 1987 1240 2034 cratera.

874 2069 1086 2141 Cyrilli,
1138 2086 1202 2124 ea:
1248 2065 1516 2139 Ephesina
1557 2076 1783 2141 synodo.

614 2164 706 2220 His
734 2180 862 2234 ergo
885 2163 1150 2231 recitatis,
1189 2163 1431 2217 decrevit
1458 2176 1615 2219 sacra
1647 2166 1888 2236 synodus
1925 2164 2126 2222 nemini

540 2257 622 2315 fas
654 2273 794 2326 esse,
828 2257 989 2312 (idem
1013 2256 1175 2311 aliam
1210 2253 1493 2326 proferre:
1530 2265 1586 2313 et
1623 2268 1841 2315 extera.

612 2435 866 2494 TllEOR.
927 2433 1124 2499 Vides,
1193 2433 1542 2490 sanctissime
1593 2433 1848 2504 domine,
1913 2451 2123 2493 sacram

541 2532 682 2600 hanc
701 2529 965 2600 synodqu
985 2526 1332 2582 Chalcedone
1359 2525 1601 2582 habitam
1661 2542 1691 2581 a
1721 2537 1870 2584 recta
1902 2526 2124 2583 Patrum

540 2624 807 2680 sententia
857 2636 924 2677 ne
963 2620 1185 2692 paulum
1232 2618 1450 2689 quidem
1496 2619 1838 2676 recessisse:
1877 2620 1973 2677 sed
2007 2622 2124 2692 ipsa

543 2719 702 2773 verba
740 2732 864 2771 cum
895 2725 1074 2770 mente
1103 2714 1393 2769 verborum
1430 2713 1764 2770 retinuisse?

610 2808 768 2864 GEN.
828 2808 1088 2878 Equidem
1143 2807 1194 2860 in
1253 2805 1358 2862 hoe
1403 2805 1620 2861 decreto
1681 2807 1818 2862 nihil
1878 2808 2122 2875 invenio,

542 2903 687 2974 quod
736 2901 1052 2958 orthodoxa:
1111 2898 1233 2954 ﬁdei
1273 2901 1594 2954 adversetur
1622 2908 1642 2953 ’ξ
1679 2901 1927 2973 adeoque
1958 2904 2127 2959 miror

544 2997 635 3065 qui
671 2994 873 3050 factum
904 2993 975 3047 sit
1005 3003 1066 3047 nt
1095 2993 1266 3047 nostri
1295 2989 1530 3059 majores
1563 2992 1907 3064 impudenter
1952 2998 2019 3050 ad
2071 2998 2122 3052 id

542 3087 982 3144 calumniaodum
1028 3084 1503 3155 progrederemur.

617 3177 874 3237 TilEOR.
914 3180 1294 3250 Apponamus,
1349 3179 1393 3232 si
1429 3176 1626 3247 placet,
1676 3194 1864 3236 eorum
1911 3196 2125 3252 quoque

544 3276 766 3331 Patrum
818 3271 1211 3337 auctoritates,
1253 3271 1346 3341 qui
1411 3273 1604 3339 partim
1658 3284 1785 3328 ante
1833 3273 2121 3344 Cyrillum,

542 3369 736 3439 partim
792 3371 912 3435 post
951 3377 1073 3416 eum
1115 3362 1352 3417 illustres
1415 3365 1782 3430 exstiterunt,
1839 3375 1947 3419 tam
2001 3383 2124 3420 ver-

543 3464 624 3517 bis
665 3474 827 3532 quam
859 3453 1148 3511 sententiis
1196 3465 1399 3510 sanctae
1435 3455 1867 3513 Cbalcedouensi
1915 3460 2123 3530 5)nodo

541 3553 956 3622 respondentes.

612 3643 770 3711 (BEN,
841 3642 900 3695 ld
952 3655 1084 3695 vero
1127 3653 1590 3709 supervacaneum
1646 3638 1853 3708 fuerit;
1905 3645 2120 3716 quippe

540 3738 728 3808 Cyrilli
777 3750 941 3803 supra
997 3734 1236 3789 recitata:
1289 3733 1644 3788 auctoritates
1693 3733 1989 3791 sufﬁciunt.

610 3939 866 3998 THEOR.
929 3937 1220 3993 Videamus
1269 3950 1441 4006 ergo,
1486 3935 1532 3991 si
1606 3936 1825 4006 placet,
1877 3947 2011 4009 quot
2067 3949 2120 3996 et

541 4033 792 4104 qualibus
849 4029 1016 4087 sectis
1074 4028 1311 4083 divinum
1368 4028 1469 4083 hoc
1509 4026 1789 4084 decretum
1838 4044 1960 4086 sese
2004 4021 2119 4088 ob—~

535 4127 712 4200 jiciat.

610 4217 774 4276 GEN.
826 4215 880 4271 ld
943 4228 1072 4270 vero
1134 4212 1455 4284 praeclarum
1518 4213 1684 4268 fuerit
1759 4214 1995 4284 intueri},
2051 4231 2117 4273 ne

540 4311 668 4385 quid
710 4322 896 4363 eorum
940 4304 1095 4360 nobis
1141 4305 1299 4369 desit,
1335 4319 1456 4374 quae
1496 4303 1748 4374 deinceps
1777 4305 1894 4374 ejus
1945 4307 2116 4363 stabi-

537 4404 703 4460 liendi
737 4416 896 4457 causa
929 4397 1158 4470 proferri
1197 4398 1417 4454 debent.

1167 4492 1250 4547 Ea:
1289 4495 1518 4548 decreto.

616 4589 788 4645 Unum
847 4599 901 4643 et
959 4586 1208 4645 eumdem
1280 4584 1496 4654 Filium,
1532 4586 1813 4643 Dominum
1856 4589 2111 4645 'nostrum

534 4683 718 4737 Jesum
784 4682 1082 4744 Christum,
1134 4694 1251 4734 esse
1290 4680 1654 4734 conﬁtendum
1701 4683 1941 4737 universi
1986 4699 2112 4738 con-

535 4792 664 4830 sonu
695 4791 830 4829 voce
861 4775 1134 4828 docemus.

608 4866 862 4922 TIIEOR.
919 4865 973 4920 in
1011 4867 1096 4921 his
1147 4867 1363 4922 obturat
1420 4881 1481 4922 os
1531 4865 1697 4921 Paulo
1757 4867 2112 4926 Samosateno

532 4972 588 5016 et
619 4958 890 5023 Nestorio,
928 4958 1018 5026 qui
1065 4958 1336 5015 hominem
1397 4961 1726 5027 adorabant,
1775 4972 1829 5016 et
1877 4963 1931 5016 in
1973 4965 2110 5018 duos

536 5051 674 5105 lilios
741 5051 858 5105 ausi
924 5060 1051 5105 sunt
1105 5065 1228 5104 eum
1292 5053 1555 5118 dividere,
1619 5053 1906 5125 aliumque
1966 5055 2108 5110 dice~

533 5159 594 5198 re
658 5141 855 5199 Filium
917 5153 1109 5196 natura
1172 5141 1529 5209 Sermonem,
1582 5155 1638 5200 et
1695 5147 1860 5200 alium
1920 5162 2110 5202 rursus

535 5233 732 5288 Filium
779 5248 877 5302 per
908 5233 1138 5302 gratiam
1177 5233 1454 5288 Christum
1509 5233 1715 5302 Jesuin,
1768 5236 1861 5305 qui
1914 5253 2108 5292 nomen

535 5327 656 5381 Filii
700 5341 798 5397 per
827 5326 1078 5378 unionem
1123 5334 1178 5379 et
1207 5324 1641 5394 conjunctionem
1692 5341 1817 5383 cum
1874 5329 2108 5383 naturali

532 5419 671 5476 Filio
704 5421 774 5474 sit
807 5419 1069 5487 adeptus:
1105 5419 1199 5486 qui
1262 5419 1494 5488 denique
1548 5436 1651 5475 non
1711 5420 2111 5475 conﬁtebantur

533 5528 696 5565 unum
725 5521 782 5564 et
813 5508 1063 5563 eumdem
1101 5507 1314 5570 Filium,
1345 5509 1529 5563 carnis
1569 5510 1791 5579 quidem
1831 5521 2106 5579 espertem

535 5613 663 5655 ante
692 5601 1012 5656 descensum
1058 5610 1111 5654 et
1158 5599 1392 5654 hominis
1440 5603 1900 5672 assmnptionom:
1933 5605 2110 5658 incar-

534 5704 719 5755 natum
749 5709 877 5748 vero
923 5692 1174 5759 eumdem
1212 5702 1344 5762 post
1396 5693 1714 5748 descensum
1765 5705 1818 5751 et
1875 5697 2108 5751 hominis

537 5788 961 5857 assuinptionetn
997 5787 1169 5842 nosu‘i
1211 5801 1375 5841 causa
1408 5785 1622 5841 factam.
1851 5789 1854 5791 ’

2231 1895 2325 1939 σαν
2377 1885 2411 1956 ἡ
2445 1883 2577 1953 ἁγία
2608 1883 2851 1948 σύνοδος,
2902 1882 3100 1955 ἑτέραν
3131 1884 3320 1937 πίστιν
3369 1880 3565 1953 μηδενὶ
3602 1881 3812 1947 ἐξεῖναι

2227 1976 2551 2050 προφέρειν,
2583 1977 2615 2050 ἢ
2649 1977 2996 2049 συγγράφειν
3016 1992 3030 2007 ο
3057 1979 3151 2031 καὶ
3182 1977 3248 2032 τὰ
3275 1976 3458 2032 λοιπά.

2333 2072 2662 2140 Κυρίλλου,
2693 2071 2760 2126 ἐκ
2792 2072 2903 2138 τῆς
2931 2071 3057 2126 κατ’
3092 2072 3363 2140 Ἔφεσον
3385 2067 3682 2126 συνόδου.

2298 2160 2522 2217 Τούτων
2563 2162 2747 2218 τοίνυν
2797 2162 3280 2233 ἀναγνωσθέντων,
3332 2162 3533 2235 ὥρισεν
3586 2164 3618 2234 ὴ
3676 2163 3816 2230 ἁγία

2230 2256 2470 2324 σύνοδος,
2511 2258 2706 2330 ἑτέραν
2736 2257 2929 2312 πίστιν
2973 2258 3164 2330 μηδενὶ
3206 2258 3410 2324 ἐξεῖναι
3467 2258 3768 2330 προφέρειν
3793 2273 3810 2286 ο

2227 2351 2322 2405 καὶ
2347 2351 2415 2406 τὰ
2447 2350 2634 2406 λοιπά.

2312 2444 2372 2500 ’0
2406 2444 2597 2500 ΘΕΩΡ.
2642 2446 2827 2518 Ὁρᾷς,
2857 2445 3126 2515 ἁγιώτατε
3154 2444 3411 2512 δέσποτα,
3447 2444 3529 2498 ὃτι
3558 2443 3680 2498 οὐδὲ
3709 2444 3815 2499 κᾶν

2230 2539 2429 2612 μικρὸν
2459 2541 2732 2612 ὲκὸέὸηκε
2778 2541 2880 2611 τῆς
2925 2540 3093 2612 ὀρθῆς
3150 2540 3259 2594 τῶν
3290 2541 3558 2612 ιιατέρων
3586 2540 3748 2610 δόξης
3773 2542 3809 2611 ἡ

2227 2631 2286 2684 ὲν
2309 2630 2616 2703 Χαλκηδόνι
2638 2633 2772 2701 ἁγία
2799 2633 3016 2698 σύνοδος
3050 2634 3343 2706 γενομένη,
3368 2634 3506 2689 ἁλλὰ
3544 2636 3687 2705 μετὰ
3709 2635 3813 2704 τῆς

2227 2719 2466 2785 διανοίας
2501 2723 2597 2775 καὶ
2623 2721 2767 2776 αύτὰ
2793 2722 2864 2775 τὰ
2890 2724 3114 2795 ῥήματα
3149 2723 3418 2793 ἐφύλαξεν
3442 2740 3458 2790 ;

2314 2812 2372 2867 '0
2408 2799 2582 2889 ΚΑΘ.
2620 2812 2762 2882 Ἐγὼ
2789 2812 2939 2866 οὐδὲν
2969 2811 3210 2866 ιναντεον
3236 2815 3303 2884 τῇ
3335 2812 3602 2884 ὀρθοδόξῳ
3626 2811 3815 2868 πίστει

2227 2905 2470 2978 εὑρίσκω
2518 2907 2576 2959 ἐν
2624 2907 2801 2976 τούτῳ
2849 2906 2928 2978 τῷ
2959 2907 3107 2978 ὅρῳ·
3146 2906 3241 2960 καὶ
3291 2906 3579 2977 θαυμάζω,
3610 2907 3727 2972 πῶς
3758 2908 3818 2960 οἱ

2227 2999 2334 3071 πρὸ
2366 2997 2525 3071 ἡμῶν
2558 2999 2789 3063 ἀναιδῶς
2817 3001 2898 3064 είς
2936 3000 3305 3070 συκοφαντίαν
3354 3000 3643 3072 ἐχώρησαν
3685 2999 3817 3055 κατ’

2229 3092 2421 3149 αὐτοῦ.

2311 3187 2372 3242 ’θ
2404 3188 2600 3242 ΘΕΩΡ.
2632 3187 2998 3260 Παραθῶμεν,
3041 3191 3088 3244 εί
3116 3189 3283 3256 δοκεῖ,
3319 3192 3414 3245 καὶ
3442 3189 3552 3244 τῶν
3580 3190 3684 3262 πρὸ
3711 3189 3814 3245 τοῦ

2227 3281 2383 3349 ἁγίου
2424 3282 2716 3354 Κυρίλλου,
2745 3286 2838 3338 καὶ
2868 3286 2978 3339 τῶν
3027 3287 3147 3356 μετ’
3179 3286 3346 3340 αὑτὸν
3387 3285 3815 3356 διαλαμψάντων

2228 3378 2398 3445 ἁγίων
2435 3379 2694 3449 Πατέρων
2722 3381 2967 3451 χρήσεις,
2995 3381 3184 3443 αὑταῖς
3214 3381 3392 3448 λέξεσι
3441 3381 3536 3434 καὶ
3567 3380 3813 3452 νοήμασι

2225 3466 2291 3542 τῇ
2320 3472 2378 3524 ὲν
2406 3471 2716 3544 Χαλκηδόνι
2749 3472 2882 3545 ἁγίᾳ
2913 3473 3118 3545 συνόδῳ
3155 3473 3499 3545 στοιχούσας.

2305 3650 2366 3704 Ὀ
2423 3651 2586 3707 ΚΑΘ.
2629 3652 2889 3726 Περιττόν
2929 3653 3043 3709 ἔστι
3066 3654 3225 3709 τοῦτο
3251 3671 3265 3686 ⁶
3305 3655 3539 3727 ἀρκοῦσι
3586 3653 3696 3727 γὰρ
3744 3655 3809 3710 αἱ

2223 3741 2317 3797 τοῦ
2351 3743 2507 3812 ἁγίου
2536 3745 2807 3818 Κυρέλλου
2837 3749 3196 3819 ’προτεθείσαι
3228 3751 3477 3822 χρήσεις.

2307 3924 2366 3982 Ὀ
2405 3928 2603 3984 ΘΕΩΡ.
2642 3930 2873 4002 Ἰδωμεν
2911 3929 3124 3999 λοιπὸν,
3172 3935 3221 3987 el
3261 3933 3429 4000 δοκεῖ,
3483 3934 3679 3997 πόσαις
3707 3932 3810 3987 καὶ

2222 4023 2365 4087 οἵαις
2414 4023 2692 4094 αἱρέσεσιν
2739 4027 2766 4080 ό
2807 4024 2947 4091 θεῖος
3002 4020 3337 4099 οὗτοςὸρος
3391 4030 3809 4100 ἀντιπαρατατ-

2221 4129 2392 4169 τεται.

2304 4207 2364 4260 '0
2393 4208 2552 4263 ΚΑΘ.
2595 4209 2777 4263 Καλόν
2809 4212 2925 4265 ἐστι
2968 4211 3127 4267 τοῦτο
3164 4212 3312 4280 ίδεῖν,
3351 4213 3437 4267 ἵνα
3473 4215 3640 4285 μηδὲν
3667 4217 3808 4289 ἡμῖν

2221 4301 2444 4375 ἐλλείπῃ
2463 4304 2544 4366 εἰς
2575 4303 2836 4359 σύστασιν
2876 4305 3043 4360 αὐτοῦ
3089 4306 3347 4379 λεχθῆναι
3388 4307 3712 4376 ὀφειλόντων
3744 4314 3806 4375 ὲς

2222 4393 2469 4466 ὕστερον.

2809 4489 2909 4543 Ἐκ
2937 4489 3044 4543 τοῦ
3081 4489 3242 4558 ὅρου.

2291 4582 2426 4635 Ἕνα
2474 4583 2565 4635 καὶ
2618 4582 2711 4636 τὸν
2757 4584 2919 4637 αὐτόν
2964 4585 3248 4655 ὁμολογεῖν
3304 4583 3432 4640 Υίὸν
3471 4588 3563 4642 τὸν
3595 4589 3805 4660 Κύριον

2217 4675 2373 4745 ήμῶν
2429 4674 2638 4743 Ἰησοῦν
2688 4677 2925 4748 Χριστὸν
2958 4679 3266 4747 συμφώνως
3309 4682 3549 4745 ἅπαντες
3579 4683 3802 4738 ἐκδιδά-

2217 4784 2437 4837 σκομεν.

2296 4861 2354 4912 '0
2399 4860 2593 4913 ΘΕΩΡ.
2637 4861 2724 4916 Ἐν
2768 4862 2977 4926 τούτοις
3036 4864 3126 4916 τὸν
3191 4865 3515 4936 Σαμοσατέα
3563 4868 3802 4938 Παῦλον,

2215 4953 2308 5006 καὶ¹
2356 4953 2669 5023 Νεστόριον,
2724 4955 2852 5015 τοὺς
2904 4955 3371 5029 ἁνθρωπολὰτρας
3412 4961 3798 5032 ἐπιστομίζει,

2187 5046 2338 5109 ,τοὺς
2362 5047 2441 5111 είς
2474 5047 2602 5099 υίῶν
2626 5048 2793 5101 δυάδα
2823 5049 3143 5118 τολμῶντας
3183 5053 3348 5106 αὑτὸν
3396 5055 3630 5127 διαιρεῖν
3651 5072 3666 5086 ⁶
3701 5065 3803 5115 καὶ

2213 5139 2369 5194 ἄλλον
2405 5139 2506 5209 μὲν
2533 5138 2791 5209 λέγοντας
2819 5141 2950 5198 Υίὸν
2981 5143 3141 5212 φύσει
3185 5144 3277 5199 τὸν
3313 5147 3511 5216 Λόγον,
3548 5149 3710 5204 ἄλλον
3742 5155 3802 5209 δὲ

2214 5236 2381 5288 πάλιν
2416 5235 2777 5309 Υίδνξχάριτι
2809 5238 2901 5292 τὸν
2950 5239 3185 5307 Χριστὸν
3221 5241 3445 5311 Ἰησοῦν,
3478 5246 3672 5301 ἑνὼσει
3701 5247 3798 5302 καὶ

2214 5330 2478 5401 συναφεία
2513 5333 2580 5402 τῇ
2620 5332 2757 5400 πρὸς
2785 5331 2880 5386 τὸν
2911 5334 3054 5387 κατὰ
3087 5334 3252 5403 φύσιν
3285 5333 3413 5389 Υίὸν
3435 5340 3536 5407 τὴν
3572 5341 3802 5410 υἱότητα

2192 5425 2589 5493 κεκτημένον·
2633 5426 2727 5479 καὶ
2759 5426 2856 5498 οὐχ
2888 5427 3290 5496 ὁμολογοῦντας
3318 5430 3412 5484 ἕνα
3455 5433 3548 5485 καὶ
3582 5435 3675 5485 τὸν
3698 5436 3802 5488 αὐε-

2211 5517 2302 5569 τδν
2356 5516 2504 5578 Υῑὸν,
2544 5517 2788 5589 ἄσαρκον
2835 5520 2934 5589 μὲν
2984 5522 3092 5591 πρὸ
3136 5521 3237 5592 τῆς
3281 5523 3638 5590 καταϐάσεως
3700 5529 3801 5582 καὶ

2212 5610 2682 5682 ὲνανθρωπήσεως
2717 5630 2731 5645 ·
2766 5615 3185 5685 σεσαρκωμὲνον
3215 5616 3271 5669 δὲ
3315 5617 3404 5669 τὸν
3452 5618 3620 5671 αὐτὸν
3654 5621 3800 5688 μετὰ

2211 5704 2308 5775 τὴν
2344 5705 2410 5758 δι’
2442 5708 2588 5776 ἡμᾶς
2613 5709 2916 5763 κατάϐασίν
2947 5728 3001 5762 τε
3031 5710 3123 5763 καὶ
3152 5709 3586 5783 ἐνανθρώπησιν.
