4008 6170
489 262 596 334 215

1887 261 2329 330 ΤΠΕΟΒΙΑΝΙ

3647 264 3760 328 216

481 396 697 445 rantes.
752 386 931 453 Quare
975 391 1030 440 et
1077 382 1244 440 animi
1307 385 1473 441 vestri
1518 385 1776 441 seandalo
1825 387 2073 456 percussi

2201 386 2460 453 Ξάνοντες.
2507 388 2598 442 Διὸ
2645 388 3097 456 ἐσκανδαλίζεσθε
3139 389 3229 443 τὸν
3275 386 3402 442 νοῦν
3443 384 3538 442 καὶ
3583 381 3766 455 ὑμεῖς,

487 490 641 547 sunt,
672 480 798 534 dum
816 495 915 536 nos
943 476 1232 551 Eutycheti
1265 479 1492 549 ejusque
1518 479 1848 534 asseclarum
1873 479 2072 550 dogma

491 587 682 633 tenere
742 575 1031 646 putaretis,
1090 573 1184 644 qui
1225 589 1386 628 unam
1433 581 1684 628 naturam
1713 588 1880 644 pravo
1907 590 2072 630 sensu

493 678 766 724 asserunt.
793 666 1178 723 Verumtamen
1216 682 1278 722 ex
1308 667 1410 722 hac
1433 667 1685 736 colloquii
1729 668 2076 722 ventilatione

494 761 696 815 nudata
737 768 822 816 est
877 761 1163 831 palamque
1223 759 1469 816 convicta
1502 761 1771 830 utrimque
1803 761 2074 816 mentien-

489 855 624 908 tium
675 853 902 919 falsitas,
953 853 1155 924 prodiit
1205 853 1260 908 in
1312 853 1491 908 lucem
1539 853 1761 921 veritas,
1814 853 2077 923 planeque

489 946 735 1002 coiistitit
789 956 903 1000 tum
956 961 1050 1001 vos
1101 961 1130 999 a
1164 944 1482 1002 Nestoriana
1525 947 1808 1014 divisione,
1838 956 1947 1002 tum
1978 962 2076 1002 nos

491 1037 563 1093 ab
619 1037 960 1108 Eutyehiana
1024 1037 1344 1093 confusione
1393 1039 1552 1107 longe
1582 1039 1816 1094 abesse:
1847 1038 2074 1092 invicem

491 1143 692 1197 autem,
723 1145 821 1202 per
877 1130 970 1186 Dei
1002 1131 1253 1203 gratiam,
1292 1129 1520 1200 proximi
1565 1127 1661 1185 visi
1697 1146 1902 1196 sumus,
1935 1131 2075 1200 quod

493 1224 693 1280 attinet
747 1223 812 1279 ad
862 1224 1176 1294 dogmatum
1229 1224 1628 1278 rectitudinem.
1689 1222 1794 1278 Sed
1819 1224 2074 1292 quoniam

492 1317 664 1374 vestri
713 1317 922 1387 imperii
965 1323 1224 1387 potestas,
1270 1331 1391 1384 quae
1433 1316 1722 1371 sacerdotii
1769 1316 2078 1372 libertatem

494 1410 750 1480 protegit,
805 1409 949 1480 genti
1005 1417 1204 1465 nostra:
1274 1409 1341 1464 ab
1424 1409 1721 1464 inﬁdelium
1793 1409 2080 1478 tyrannide

493 1512 678 1573 erepta
710 1511 815 1568 est,
847 1502 1049 1558 idcirco
1083 1516 1237 1558 meus
1281 1517 1498 1573 quoque
1531 1501 1876 1572 pontiﬁcatus
1908 1504 2083 1569 patrio

495 1598 613 1655 solo
643 1615 706 1654 ac
733 1601 860 1654 sede
889 1598 1168 1669 depulsus,
1197 1598 1250 1654 in
1277 1599 1452 1655 aliena
1474 1599 1690 1670 regione
1718 1598 2079 1671 periclitatur.

498 1691 860 1758 Quamobrem
910 1706 1084 1763 neque
1139 1691 1193 1747 in
1237 1691 1492 1763 praesenti
1535 1691 1918 1748 Armeniorum
1968 1694 2083 1763 epi-

495 1785 648 1854 scopi
703 1795 757 1839 et
793 1784 1043 1841 doctores
1073 1793 1256 1841 coram
1314 1786 1533 1850 adsunt,
1575 1801 1752 1857 neque
1792 1786 1915 1842 licet
1965 1788 2083 1844 sine

497 1877 691 1935 horum
746 1879 984 1951 generali
1015 1879 1245 1936 concilio
1283 1878 1532 1952 quaesitui
1579 1890 1762 1937 vestro
1819 1894 2081 1953 quantum

497 1985 634 2042 opus
665 1981 748 2028 est
784 1974 1130 2043 respondere,
1160 1988 1230 2029 ne
1263 1989 1361 2044 pro
1406 1967 1693 2031 concordia
1723 1988 1913 2031 ausam
1946 1974 2085 2030 mul-

500 2066 736 2137 tiplicem
774 2066 1060 2122 discordias
1114 2068 1324 2131 demus,
1365 2081 1538 2137 neque
1580 2067 1950 2122 inconstanter
1980 2067 2083 2120 ali-

499 2159 627 2228 quid
683 2158 1052 2214 absurdumve
1104 2158 1408 2230 loquamur.
1463 2156 1629 2230 Igitur
1668 2157 1812 2214 haud
1873 2167 2084 2213 rectum

454 2260 460 2266 ‘
503 2253 637 2307 mihi
665 2253 839 2308 visum
892 2261 998 2318 est,
1025 2267 1146 2313 cum
1178 2251 1240 2308 iis
1273 2261 1481 2307 tantum
1536 2251 1624 2321 qui
1658 2249 1800 2307 circa
1841 2267 1924 2307 me
1959 2261 2086 2306 sunt

499 2345 835 2412 hotninibus,
885 2347 951 2401 de
993 2347 1094 2401 hac
1145 2344 1462 2417 gravissima
1490 2346 1857 2400 controversia
1898 2341 2086 2401 defcno

498 2441 708 2495 sionem
736 2438 999 2505 scribere,
1032 2439 1182 2510 prius
1200 2455 1360 2510 quam
1393 2439 1445 2494 in
1472 2438 1785 2494 Armeniam
1811 2455 2086 2512 magnam,

500 2532 612 2588 imo
659 2541 716 2587 et
773 2532 830 2587 in
891 2533 1134 2604 reliquas
1163 2534 1309 2588 orbis
1368 2541 1549 2604 partes
1575 2533 1794 2588 nuntios
1817 2533 2086 2599 miserim,

501 2635 838 2696 cunctosque
897 2614 1277 2682 Armeniorum
1318 2625 1589 2696 sapientes
1625 2626 2088 2698 congregaverim,

501 2731 799 2790 coramque
844 2720 977 2790 ipsis
1007 2730 1243 2774 vestram
1297 2720 1437 2775 hanc
1472 2720 1538 2775 de
1575 2719 1678 2777 [ide
1721 2731 1777 2777 et
1804 2719 2090 2791 disciplina

503 2809 761 2866 Ecclesiae
790 2811 1144 2881 quaestionem
1172 2810 1512 2880 exposuerim
1550 2829 1565 2866 :
1598 2807 1740 2882 quod
1787 2827 1912 2868 cum
1978 2811 2091 2879 fiet,

504 2903 757 2975 equidem
807 2919 998 2989 omnes
1013 2920 1161 2960 meos
1178 2916 1426 2973 conatus,
1447 2907 1709 2973 studium,
1735 2905 2089 2973 voluntatem,

505 3013 750 3067 operam,
818 2997 1276 3064 adhortationem,
1335 2999 1444 3055 vim
1473 3001 1706 3071 exempli
1777 3000 1976 3071 ipsam,
2035 2997 2090 3055 in

2176 482 2490 553 νομίζοντες
2526 486 2674 555 ἡμᾶς
2710 487 3020 555 ὁμόφρονας
3052 479 3194 539 εἶναι
3222 481 3319 537 τοῦ
3355 479 3630 552 Εὐτυχοῦς
3670 478 3773 532 καὶ

2175 575 2285 629 τῶν
2330 574 2664 647 μετάῦτοῦ,
2707 578 2819 632 τῶν
2857 578 3130 647 λεγόντων
3176 575 3308 647 μίαν
3347 571 3509 645 φύσιν
3553 570 3766 634 κακῶς.

2177 669 2324 740 Πλὴν
2353 672 2418 724 ἐκ
2444 672 2544 742 τῆς
2576 671 2804 744 ἐρεύνης
2834 671 3042 742 ταύτης
3106 666 3404 738 ἐγυμνώθη
3433 664 3530 720 καὶ
3560 665 3773 716 ἀπεκα-

2174 764 2354 835 λύφθη
2381 766 2414 833 ἡ
2439 767 2624 834 ἀπάτη
2649 765 2746 835 τῆς
2775 762 3132 834 ψευδολογίας
3162 761 3465 832 ἑκατέρων,
3493 759 3588 812 καί
3616 753 3772 808 ἐδιώ-

2177 858 2310 930 χθη,
2345 859 2441 912 καὶ
2471 857 2685 928 φανερᾶ
2713 857 2938 926 γέγονεν
2969 857 3002 928 ἡ
3034 854 3262 926 ἀλήθεια
3283 894 3299 919 ,
3331 851 3428 906 καὶ
3457 846 3774 918 ἑστερεὼοη

2176 953 2259 1006 ὅτι
2301 953 2520 1023 μακρὰν
2551 949 2644 1019 ἀφ’
2668 950 2821 1020 ὑμῶν
2853 950 3001 1003 ἐστιν
3031 949 3063 1020 ἡ
3096 946 3189 1000 τοῦ
3226 944 3528 1014 Νεστορίου
3561 940 3774 1005 διαίρε-

2179 1062 2284 1110 σις,
2331 1044 2428 1097 καὶ
2469 1044 2560 1112 ἀφ’
2595 1042 2755 1114 ἡμῶν
2800 1043 2827 1113 ἡ
2872 1041 2971 1095 τοῦ
3020 1039 3298 1109 Εὑτυχοῦς
3340 1037 3632 1106 σύγχυσις,
3680 1030 3779 1085 καὶ

2181 1138 2411 1210 πλησίον
2439 1136 2686 1207 ἀλλήλων
2711 1137 3018 1206 γεγόναμεν
3044 1137 3111 1205 τῇ
3147 1131 3405 1206 ὀρθότητι
3430 1130 3538 1183 τῶν
3562 1125 3782 1196 δογμάο

2179 1251 2287 1287 των
2307 1275 2320 1299 ,
2355 1233 2541 1303 χάριτι
2566 1230 2662 1284 τοῦ
2693 1230 2853 1285 θεοῦ.
2886 1229 3105 1299 Ἐπειδὴ
3136 1226 3194 1282 δὲ
3224 1230 3252 1281 6
3287 1225 3475 1298 Θρόνος
3505 1224 3605 1297 τῆς
3635 1222 3780 1291 ὑμε-

2180 1328 2345 1397 τέρας
2379 1325 2691 1394 βασιλείας,
2727 1325 2820 1394 ἀφ’
2843 1316 2904 1378 οῦ
2935 1323 2970 1395 ἡ
3000 1323 3100 1394 τῆς
3130 1318 3547 1392 ἀρχιερωσύνης
3578 1313 3781 1369 αὐθεν-

2179 1421 2270 1475 τία
2301 1421 2655 1492 κρατύνεται,
2683 1419 2968 1491 ἀφῄρηται
2997 1397 3106 1471 ἀπὶ)
3131 1414 3226 1468 τοῦ
3257 1414 3450 1483 γένους
3482 1408 3640 1493 ὴμςὶιν
3671 1405 3785 1460 ἀπὸ

2182 1515 2281 1584 τῆς
2308 1512 2624 1585 τυραννίδος
2653 1512 2764 1566 τῶν
2795 1507 3146 1580 ἀλλοφύλων,
3173 1506 3266 1562 διὰ
3290 1505 3452 1558 τοῦτο
3482 1504 3576 1557 καὶ
3606 1503 3641 1571 ἡ
3675 1499 3780 1568 ἀρ·

2183 1606 2494 1679 χιερωσύνη
2536 1605 2697 1680 ἡμῶν
2741 1603 2973 1677 ἐδιώχθη
3017 1601 3127 1658 ἀπὸ
3169 1602 3268 1671 τῆς
3310 1598 3546 1671 πατρίου
3593 1593 3782 1665 χώρας

2186 1703 2279 1755 καὶ
2307 1701 2402 1755 τοῦ
2435 1699 2648 1773 θρόνου,
2680 1683 2775 1754 καὶ
2804 1700 2886 1762 είς
2914 1696 3208 1767 ἀλλοτρίαν
3235 1692 3422 1765 χώραν
3456 1685 3788 1749 κλυδωνίζιο

2184 1813 2273 1852 ται
2323 1793 2685 1866 παροικοῦσα.
2728 1791 2820 1858 Ἐξ
2861 1786 2931 1864 ἧς
2976 1791 3158 1852 αίτίας
3205 1788 3307 1842 οὐκ
3357 1784 3558 1856 ἔχομεν
3610 1781 3788 1848 ἔγγὺς

2187 1891 2324 1964 πρὸς
2357 1889 2418 1944 τὸ
2454 1890 2629 1963 παρὸν
2660 1890 2787 1953 τοὺς
2823 1887 3106 1959 ἀρχιερεῖς
3145 1887 3241 1936 καὶ
3277 1877 3634 1939 διδασκάλους
3670 1873 3786 1927 τῶν

2199 1983 2539 2055 Ἀρμενίωνο
2582 1981 2680 2035 καὶ
2721 1981 2891 2053 χωρὶς
2928 1980 3028 2047 τῆς
3067 1979 3179 2032 τῶν
3220 1977 3439 2032 πάντων
3478 1966 3786 2041 συμϐολῆς,

2188 2075 2509 2130 ἀνένδεκτόν
2549 2074 2667 2126 ἐστι
2702 2070 2916 2126 τελείαν
2955 2068 3139 2122 δοῦναι
3171 2063 3469 2134 ἀπολογίαν
3502 2060 3580 2131 τῷ
3615 2073 3790 2129 προσο

2185 2171 2430 2238 τάγματι
2467 2167 2563 2222 τοῦ
2611 2166 2928 2238 ζητήματος
2999 2161 3188 2233 ὑμῶν,
3233 2162 3322 2214 ῐνα
3368 2157 3447 2230 μὴ
3488 2154 3614 2211 ἀντὶ
3655 2152 3792 2206 ἑνώ-

2190 2280 2350 2326 σεως.
2390 2261 2682 2330 διαφόρους
2728 2259 2913 2323 αἰτίας
2961 2255 3291 2327 παρέξωμεν
3337 2246 3645 2324 χωρισμοῦ,
3691 2241 3792 2297 καὶ

2191 2357 2585 2428 σεσαλευμένοι
2620 2355 2714 2410 καλ⁸
2748 2354 3030 2409 ἀλλόκοτοι
3065 2349 3300 2420 γενῶσιν
3332 2347 3380 2400 οἱ
3417 2344 3566 2413 λόγοι
3599 2339 3787 2413 ἡμῶν.

2191 2452 2290 2504 Διὶ
2324 2450 2483 2502 τοῦτο
2518 2449 2618 2503 οὐκ
2654 2445 3007 2517 ἐνδεχόμενον
3042 2440 3220 2506 ἔδοξεν
3253 2438 3388 2508 ἡμῖν
3429 2432 3568 2505 μετὰ
3611 2429 3794 2501 μόνων

2189 2544 2300 2598 τῶν
2334 2544 2466 2616 παρ’
2494 2542 2640 2612 ἡμᾶς
2679 2539 2891 2612 γράψαι
2932 2536 3029 2608 τὴν
3067 2532 3371 2601 ἀπολογίαν
3408 2529 3502 2584 τοῦ
3537 2524 3793 2580 τοιούτου

2197 2634 2436 2708 μεγάλου
2466 2633 2802 2705 ζητήματος,
2834 2631 3026 2702 μέχρις
3051 2627 3121 2682 ἂν
3145 2622 3559 2691 ἀποστείλωμεν
3585 2619 3668 2679 είς
3693 2616 3795 2681 τὴν

2199 2729 2445 2800 μεγάλην
2474 2725 2769 2799 Ἀρμενίαν
2792 2766 2805 2789 ,
2839 2727 2934 2779 καὶ
2963 2724 3043 2786 εἰς
3070 2722 3180 2776 πᾶν
3213 2722 3379 2793 μέρος
3404 2717 3503 2786 τῆς
3532 2711 3807 2780 almus-£-

2195 2840 2324 2892 νης,
2354 2823 2450 2877 καὶ
2483 2819 2834 2888 ὲπισυνάξωμ
2847 2836 2904 2872 εν
2933 2817 3182 2878 ἅπαντας
3212 2813 3340 2876 τοὺς
3371 2804 3454 2871 οἷς
3485 2811 3603 2861 ἐστι
3631 2803 3798 2858 δύνα-

2200 2933 2293 2988 μις
2330 2914 2526 2985 σοφίας
2560 2915 2914 2985 Ἀρμενίους,
2954 2911 3051 2965 καὶ
3087 2906 3322 2962 ἐνώπιον
3363 2901 3544 2957 αὐτῶν
3587 2896 3800 2968 προθή-

2199 3025 2381 3078 σωμεν
2409 3008 2503 3060 τὸν
2537 3005 2672 3076 παρ’
2698 3004 2851 3075 ὑμῶν
2884 3001 3224 3074 ζητούμενον
3258 2998 3389 3064 περὶ
3422 2993 3522 3064 τῆς
3555 2991 3800 3050 πίστεως

505 3106 570 3144 eo
623 3092 900 3148 collocabo
959 3104 1016 3147 ut
1058 3093 1262 3150 amoris
1313 3094 1485 3148 mutui
1525 3094 1955 3165 paeisqueintcr
1991 3109 2089 3149 nos

2201 3104 2292 3159 καὶ
2329 3101 2430 3172 τῆς
2468 3101 2678 3166 τάξεως
2715 3099 2816 3171 τῆς
2849 3095 3184 3166 Ἔκκλησίας
3224 3091 3406 3160 λόγον,
3445 3086 3584 3157 ἐμοῦ
3623 3102 3801 3177 κατα-

507 3187 876 3242 instaurandm
905 3196 1094 3242 auctor
1118 3187 1218 3241 sim
1255 3204 1267 3242 :
1305 3187 1554 3242 videiicet
1582 3199 1640 3243 ut
1660 3202 1759 3243 nos
1789 3185 2089 3253 vobiscum,

506 3281 600 3350 qui
638 3279 847 3350 priores
878 3282 981 3335 hoc
1003 3280 1244 3350 spiritale
1274 3280 1470 3336 bonum
1499 3281 1616 3336 ﬁeri
1639 3280 1894 3347 eurastis,
1926 3279 2100 3336 beati-

509 3377 696 3431 tudine
721 3375 810 3431 il‘a
838 3376 1185 3447 paciﬁcorum
1211 3377 1357 3448 digni
1381 3375 1573 3444 simus,
1611 3392 1769 3446 quam
1797 3376 1853 3432 in
1915 3375 2095 3432 Evan-

508 3469 650 3537 gelio
680 3468 929 3526 Christus
982 3470 1257 3540 promisit.
1282 3469 1547 3538 Quoniam
1581 3487 1710 3528 vero
1738 3470 1892 3526 missi
1920 3487 1948 3524 a
1978 3486 2096 3526 ma-

509 3562 794 3630 gnitudine
822 3572 910 3615 tua
940 3561 1042 3615 viri
1069 3560 1495 3631 postulaverunt,
1529 3570 1746 3617 utnunc
1771 3563 1932 3616 etiam
1966 3562 2092 3617 bre-

514 3661 637 3708 Vem
692 3653 926 3724 aliquem
956 3653 1160 3722 scripto
1187 3668 1492 3708 sermonem
1514 3653 1588 3722 ,αθ
1620 3664 1803 3709 nostra
1837 3653 1891 3708 in
1928 3655 2092 3709 rebus

512 3744 637 3800 ﬁdei
666 3745 934 3801 sententia
968 3746 1035 3801 ad
1093 3755 1334 3800 sanctam
1386 3744 1721 3813 majestatem
1754 3756 1899 3800 tuam
1921 3746 2099 3802 mitte-

513 3851 719 3906 remus,
752 3837 805 3892 id
853 3851 985 3893 sane
1009 3837 1260 3904 l‘ecimus,
1288 3837 1430 3893 haud
1456 3837 1570 3894 fere
1601 3841 1822 3902 nostris,
1851 3839 1944 3893 sed
1975 3854 2104 3894 san-

513 3939 726 3986 ctorum
759 3933 849 4002 qui
880 3941 1005 3986 ante
1025 3931 1429 4003 separationem
1463 3932 1648 3988 vixere
1669 3933 1950 3989 doctorum
1976 3947 2101 3987 ver-

510 4025 600 4080 bis
624 4035 859 4084 utentes.

2203 3196 2584 3267 ναγκόιζοντος
2612 3194 2708 3247 καὶ
2741 3191 3164 3252 ἐπισπεύδοντος
3194 3188 3289 3241 καὶ
3319 3181 3430 3238 οἷον
3458 3175 3803 3250 ἀγωνιζομὲιι

2201 3307 2292 3344 νου
2327 3288 2422 3342 καὶ
2455 3285 2912 3359 προθυμουμένου
2948 3284 3045 3337 καὶ
3072 3279 3438 3352 ποδηγοῦντος
3469 3274 3671 3335 αὐτοὺς
3705 3268 3803 3323 καὶ

2201 3381 2639 3454 παροτρύνοντος
2668 3382 2748 3444 είς
2779 3380 2839 3433 τὸ
2871 3378 3044 3432 αἴτιον
3074 3375 3171 3446 τῆς
3205 3374 3430 3443 ἀγάπης
3461 3371 3555 3424 καὶ
3587 3369 3688 3437 τῆς
3721 3365 3803 3415 εί·

2203 3476 2372 3546 μήνης
2395 3490 2408 3504 ⁸
2439 3473 2514 3538 ὡς
2551 3475 2617 3527 ἂν
2648 3476 2743 3527 καὶ
2779 3474 2942 3543 ἡμεῖς
2982 3469 3101 3541 μεθ’
3126 3468 3281 3538 ὑμῶν
3311 3466 3420 3519 τῶν
3453 3458 3803 3526 πρωταιτίων

2200 3567 2294 3622 τοῦ
2343 3567 2582 3621 τοιούτου
2630 3561 3006 3636 πνευματικοῦ
3053 3559 3283 3632 ἀγαθοῦ,
3329 3557 3653 3625 ἀξιωίιῶμεν
3701 3548 3800 3604 τοῦ

2204 3659 2555 3732 μακαρισμοῦ
2581 3658 2690 3714 τῶν
2714 3656 3071 3731 εἰρηνοποιῶν
3095 3654 3184 3708 τοῦ
3209 3648 3623 3725 ἐπηγγελμένον
3651 3642 3805 3714 παρὰ

2201 3752 2297 3805 τοῦ
2334 3751 2592 3824 Χριστοῦ.
2630 3751 2784 3804 Ἐπεὶ
2819 3750 2877 3804 δὲ
2915 3751 2965 3802 oi
3003 3746 3155 3819 παρὰ
3185 3746 3286 3816 τῆς
3326 3741 3479 3815 ὑμῶν
3514 3733 3808 3812 μεγαλειὸο

2201 3859 2364 3913 τητος
2400 3842 2797 3906 ἀποσταλέντες
2831 3840 3104 3913 ἐζήτησαν
3145 3837 3346 3910 μικρόν
3375 3851 3498 3888 τινα
3532 3831 3628 3884 καὶ
3666 3827 3809 3898 πρὸς

2203 3937 2266 3988 τὸ
2303 3937 2478 4007 παρὸν
2507 3935 2664 4004 λόγον
2697 3935 2976 4008 ἔγγραφον
3008 3934 3106 3986 καὶ
3145 3931 3272 4003 περὶ
3301 3929 3399 3998 τῆς
3437 3923 3677 3983 πίστεως
3707 3916 3806 3972 τοῦ

2207 4030 2478 4102 ἡμετέρου
2507 4031 2778 4099 δόγματος
2809 4025 3182 4097 ἀποσταλῆναι
3218 4023 3351 4094 πρὸς
3382 4019 3481 4092 τὴν
3510 4016 3676 4086 ἁγίαν
3705 4012 3808 4084 βαρ

515 4120 721 4177 σιλείαν
757 4137 851 4174 σου
872 4162 886 4186 ,
921 4118 1082 4174 τοῦτο
1119 4085 1500 4190 πεποιήκαμεν
1533 4120 1633 4174 οὐκ
1669 4116 1762 4190 ἀφ’
1788 4118 1987 4192 ἡμῶν,
2022 4119 2136 4172 ἀλλ’
2173 4085 2283 4177 ἀέἐδ
2307 4085 2413 4178 τῶν
2440 4085 2692 4196 χρήσεων
2733 4085 2842 4176 vim
2881 4121 3055 4190 ἁγίων
3077 4085 3419 4173 όιδασιξάλων
3437 4085 3540 4182 τῆς
3563 4085 3810 4179 ίἘκκληει

516 4215 639 4281 σίας
663 4216 773 4271 τῶν
804 4213 911 4288 πρὸ
937 4212 1031 4269 τοῦ
1060 4213 1367 4286 χωρισμοῦ.

589 4309 921 4368 Conﬁtentur
957 4309 1139 4379 itaque
1169 4307 1690 4363 consubstantialem
1715 4317 1769 4363 et
1809 4310 2108 4365 increatam

517 4413 763 4461 sanctam
811 4402 1154 4469 Trinitatem,
1205 4401 1259 4456 in
1292 4412 1403 4457 tres
1455 4401 1765 4458 distinctam
1823 4417 2108 4472 personas.

520 4511 739 4568 unaque
796 4506 989 4551 natura
1023 4505 1078 4550 et
1107 4494 1390 4550 divinitate
1430 4495 1794 4566 conjunctam,
1828 4496 1969 4551 haud
1998 4497 2110 4551 cir-

526 4591 917 4662 cumscriptam
974 4599 1220 4659 tempore
1250 4629 1263 4654 ,
1292 4603 1470 4658 neque
1499 4601 1861 4657 cessaturam,
1887 4589 1972 4646 vel
1995 4591 2109 4646 cui-

527 4682 661 4740 libet
709 4682 998 4739 mutationi
1022 4682 1342 4749 obuoxiam,
1367 4693 1425 4737 ut
1450 4693 1646 4738 creata:
1669 4693 1875 4739 natura:
1908 4683 2107 4740 solent.

520 4775 690 4834 Pa'er
755 4787 841 4834 est
916 4776 1211 4847 ingenitus,
1269 4776 1468 4846 quippe
1514 4776 1790 4831 anemine
1837 4791 2110 4832 manans:

524 4865 698 4925 Filius
743 4883 774 4923 a
822 4867 982 4923 Patre
1021 4868 1235 4937 genitus
1259 4867 1701 4932 incorporaliter,
1734 4877 1792 4920 ut
1821 4883 1889 4922 ex
1925 4878 2111 4924 mente

525 4961 750 5018 Verbum
795 4974 814 5016 :
865 4960 1100 5030 Spiritus
1176 4974 1206 5014 a
1266 4958 1427 5014 Patre
1497 4958 2116 5028 incomprehensibiiiter

527 5054 1067 5122 inscrutabiliterque
1101 5053 1418 5123 procedens.
1449 5050 1578 5106 Siue
1624 5051 1889 5122 principio
1910 5049 2111 5120 Pater;

527 5161 561 5204 ιι
605 5146 772 5205 Patre
828 5157 1008 5204 autem
1057 5153 1282 5220 experte
1319 5147 1570 5219 principii
1622 5145 1830 5215 Filius;
1877 5147 2116 5218 itemque

532 5234 769 5311 Spiritus
826 5239 1105 5311 ingenitus
1167 5240 1286 5296 sine
1335 5239 1617 5310 principio,
1679 5240 1833 5310 cujus
1868 5241 1944 5296 rei
1977 5244 2116 5298 ratio

531 5343 709 5402 neque
736 5341 919 5388 mente
943 5332 1190 5403 intelligi,
1219 5349 1394 5404 neque
1413 5334 1588 5401 lingua
1621 5335 1881 5406 explicari
1908 5344 2113 5406 potest:

535 5439 642 5482 una
689 5424 964 5490 voluntas,
1002 5440 1109 5479 una
1150 5426 1256 5489 vis,
1298 5442 1401 5480 una
1456 5427 1691 5496 potentia
1727 5444 1908 5482 :unus
1936 5443 2112 5482 rerum

531 5521 771 5575 Omnium
823 5515 1018 5587 factor,
1071 5535 1210 5574 unus
1258 5519 1523 5588 provisor,
1552 5521 1702 5592 cujus
1724 5521 1890 5588 gloria
1917 5520 2112 5576 cmlum

529 5613 585 5668 ἰο
609 5613 802 5683 lnsque
848 5613 1108 5684 repletur.
1165 5612 1488 5668 Novissimis
1515 5622 1695 5668 autem
1731 5614 1940 5680 diebus,
1978 5631 2115 5669 unus

535 5707 600 5760 de
646 5715 830 5760 sani-ta
863 5704 1153 5772 Trinitate,
1189 5705 1358 5759 Filius
1428 5720 1644 5773 nempe,
1676 5705 1892 5760 volente
1934 5704 2117 5777 Patre,

539 5806 590 5853 tt
615 5808 803 5854 sancto
837 5795 1042 5870 SpirFIu
1074 5808 1420 5872 cooperante,
1451 5797 1514 5853 ad
1549 5797 1840 5853 humanam
1868 5810 2115 5856 naturam

2295 4310 2698 4384 Ὀμολογοῦμεν
2727 4310 2859 4380 γοῦν
2914 4305 3200 4378 ὀμοοῦσιον
3237 4305 3333 4358 καὶ
3365 4301 3665 4372 ἀγέννητον
3707 4296 3810 4369 τὴν

2219 4408 2378 4473 ἁγίαν
2418 4403 2626 4475 Τριάδα
2672 4405 2731 4456 ὲν
2760 4403 2909 4473 τρισὶ
2957 4398 3349 4470 διαιρουμένην
3399 4397 3519 4458 ταῖς
3567 4390 3811 4446 ὑποστά-

2221 4513 2360 4561 σεσι,
2405 4497 2496 4549 καὶ
2547 4496 2626 4557 εἰς
2685 4494 2815 4563 μίαν
2849 4491 3014 4561 φύσιν
3059 4493 3155 4542 καὶ
3201 4489 3437 4558 θεότητα
3481 4483 3807 4554 ἑνουμένην,

2218 4591 2322 4644 οὐκ
2365 4589 2662 4661 είργμὲνην
2713 4591 2770 4641 ἐν
2819 4587 2996 4658 χρόνῳ
3039 4586 3160 4638 οὐδὲ
3189 4584 3505 4652 παυομένην
3538 4580 3572 4650 ἢ
3609 4592 3813 4648 τρεποο

2222 4686 2393 4759 μένην
2421 4685 2497 4750 ὡς
2543 4684 2781 4756 γενητὴν
2825 4683 3010 4752 φύσιν.
3056 4681 3116 4734 '0
3165 4676 3356 4746 Πατὴρ
3396 4675 3719 4744 ἀγέννητος,
3748 4668 3807 4724 οὐ

2220 4782 2328 4852 γὰρ
2375 4781 2440 4834 ἔκ
2480 4796 2648 4844 τινος,
2677 4778 2760 4831 ὅτι
2806 4776 2864 4843 ἐξ
2909 4775 3158 4836 οὐδενός’
3205 4775 3234 4826 6
3274 4771 3402 4833 Υἱὸς
3447 4766 3708 4838 γεννητὸς
3748 4766 3814 4818 ἐκ

2219 4873 2314 4928 τοῦ
2368 4872 2605 4942 Πατρδς,
2647 4871 2960 4941 ἀσωμάτως
3000 4866 3078 4932 ὡς
3127 4867 3285 4934 λόγος
3337 4866 3402 4916 ὲκ
3439 4859 3532 4916 νοῦ
3561 4876 3576 4892 ·
3619 4861 3720 4913 καὶ
3751 4859 3814 4912 τὸ

2222 4965 2448 5035 Πνεῦμα
2489 4962 2825 5035 ὲκπορευτδν
2865 4965 2930 5017 ὲκ
2967 4959 3061 5015 τοῦ
3114 4957 3330 5030 Πατρός
3371 4954 3815 5026 ἁνεξερευνήτως

2221 5053 2320 5108 καὶ
2345 5054 2758 5123 ἁκατανοήτως.
2796 5052 3068 5121 Ἀνιρχος
3123 5051 3153 5103 6
3195 5046 3409 5118 Πατὴρ,
3456 5046 3551 5099 καὶ
3602 5045 3668 5098 ὲκ
3715 5041 3812 5097 τοῦ

2223 5150 2466 5219 ἁνάρχου
2496 5148 2709 5218 Πατρός
2738 5148 2767 5199 6
2799 5146 2960 5209 Υἱός·
2997 5147 3094 5197 καὶ
3125 5143 3186 5196 τὸ
3225 5141 3456 5211 Πνεῦμα
3491 5140 3815 5208 ἁγεννήτως

2225 5242 2318 5295 καὶ
2353 5241 2608 5312 ἀνάρχως
2659 5238 2756 5296 καὶ
2800 5239 3207 5307 ἀκαταλήπτως
3257 5235 3356 5308 νῷ,
3411 5235 3504 5289 καὶ
3553 5236 3817 5306 ἀρρήτως

2223 5333 2368 5404 λόγῳ
2392 5349 2404 5362 ⁸
2427 5333 2486 5385 ἒν
2522 5332 2733 5404 Θέλημα
2765 5334 2857 5386 καὶ
2892 5332 2991 5399 μία
3027 5331 3257 5400 δύναμις
3293 5331 3388 5384 καὶ
3415 5326 3515 5399 μία
3555 5328 3815 5393 ἕξουσίν

2226 5423 2306 5490 εἷς
2339 5428 2572 5498 ποιητὴς
2598 5429 2707 5480 τῶν
2737 5428 2930 5493 όντων,
2959 5427 3053 5479 καὶ
3095 5426 3178 5489 είς
3209 5423 3518 5497 προνοητὴς
3567 5421 3814 5487 πάντων,

2226 5515 2287 5579 οῦ
2313 5523 2530 5593 πλήρης
2559 5525 2586 5574 ό
2612 5522 2837 5592 οὐρανὸς
2865 5522 2957 5574 καὶ
2991 5523 3022 5592 ὴ
3053 5520 3121 5590 γῆ
3147 5520 3247 5590 τῆς
3280 5519 3462 5588 δόξης,
3505 5517 3624 5576 Ἐπ’
3649 5514 3815 5586 ἐσχά-

2225 5632 2332 5669 των
2353 5615 2408 5668 δὲ
2433 5615 2537 5666 τῶν
2564 5611 2806 5685 ἡμερῶν,
2840 5613 2868 5665 6
2901 5607 2979 5676 εἷς
3011 5613 3112 5684 τῆς
3147 5612 3309 5680 ἁγίας
3341 5609 3573 5680 Τριάδος
3602 5608 3632 5660 6
3659 5608 3811 5672 Υἱὸς,

2227 5706 2448 5776 εὐδοκία
2480 5703 2571 5758 τοῦ
2607 5705 2818 5777 Harpe;
2855 5706 2946 5757 καὶ
2983 5703 3275 5775 συνεργεέᾳ
3307 5701 3402 5755 τοῦ
3435 5701 3593 5780 ἁγίου
3641 5698 3813 5754 Πνεῦ-

2230 5817 2399 5874 ματος
2431 5797 2678 5853 ἔκκλινεν
2700 5799 2780 5865 είς
2810 5797 2912 5870 τὴν
2944 5797 3219 5870 ἡμετέραν
3243 5797 3405 5870 φύσιν
3433 5795 3520 5852 διὰ
3547 5793 3646 5869 τὴν
3679 5795 3814 5867 fuas-
