4008 6170
267 291 371 362 2i?

1620 278 2083 350 DISPUTATIO
2124 277 2209 343 II.

3444 263 3547 327 918

261 411 434 481 τέραν
468 409 749 478 σωτηρίαν
773 423 786 436 ·
821 403 920 458 ’καὶ
977 405 1167 459 ἔλαϐεν
1221 407 1255 474 ἡ
1292 402 1475 457 τελεία
1521 401 1716 469 θεότης
1759 401 1860 471 τὴν

1979 405 2188 466 propter
2245 405 2487 450 nostram
2542 373 2773 445 salutem
2828 397 3000 444 semet
3049 369 3351 446 inclinavit,
3387 381 3457 435 ita
3489 381 3548 432 ut

259 503 482 556 τελείαν
511 501 864 571 ἀνθρωπίνην
887 503 1071 569 φύσιν,
1098 497 1280 571 ψυχὴν
1306 496 1402 552 καὶ
1425 496 1551 551 νοῦν
1578 498 1671 551 καὶ
1696 495 1856 565 σῶμα

261 594 329 646 ἐκ
362 593 462 662 τῆς
496 592 862 660 ἀειπαρθένου
892 589 1113 662 Μαρίας
1133 607 1148 622 ·
1198 585 1310 644 καί]
1338 590 1560 659 ἐγένετο
1599 587 1761 658 καινὴ
1790 589 1857 641 ἐκ

258 686 355 739 δύο
389 686 610 755 φύσεων
642 686 724 747 είς
753 684 884 753 μίαν
919 685 1227 738 ὑπόστασιν
1262 680 1568 736 ὲνωθεισῶν
1607 681 1858 753 ἀπορρή-

258 796 368 837 τως
412 779 511 831 καὶ
555 777 878 849 ἀχωρίστους
907 791 928 809 ⁸
964 778 1060 832 καὶ
1109 777 1375 848 ἐγεννήθη
1422 776 1480 843 ἐξ
1522 775 1694 847 αὐτῆς
1725 775 1856 840 Θεὸς

259 872 726 945 ἕνα-ιθρωπήσας,
755 874 851 926 καὶ
881 870 908 923 ὁ
937 871 1065 935 Υἱὸς
1095 870 1190 925 τοῦ
1217 869 1378 937 Θεοῦ,
1415 869 1542 935 Υἱὸς
1566 870 1856 942 ἀνθρώπου

261 970 356 1020 καὶ
384 966 685 1037 γενόμενος
721 966 815 1018 καὶ
844 962 1182 1034 καλούμενος
1215 962 1326 1017 οὔτ’
1361 962 1636 1034 ἡλλοιώθη
1667 966 1732 1018 ὲκ
1758 965 1857 1035 τῆς

261 1057 622 1130 ἀνθρωπίνης
656 1058 847 1122 οὐσίας
877 1058 938 1110 τὸ
957 1057 1307 1126 προσληφθέν
1331 1063 1394 1111 ἐκ
1417 1058 1516 1127 τῆς
1551 1058 1855 1128 Παρθένου,

261 1147 382 1201 ἀλλ’
406 1149 466 1201 ὲν
503 1149 570 1218 τῇ
599 1148 824 1221 ἀρρήτῳ
855 1147 1049 1201 ένώσει
1091 1146 1192 1217 τῆς
1225 1147 1479 1218 θεότητος
1513 1149 1608 1202 καὶ
1637 1148 1738 1218 τῆς
1766 1150 1860 1201 ἀν-

262 1241 646 1312 θρωττότητος,
683 1243 902 1310 ἔμεινεν
931 1241 1314 1312 ἁμετάϐλητος
1336 1244 1432 1295 καὶ
1458 1241 1731 1314 ἄτρεπτος
1752 1241 1860 1296 τῶν

262 1336 486 1402 φύσεων
514 1339 547 1403 ἡ
586 1337 922 1407 φανέρωσις,
965 1336 1105 1407 πλὴν
1149 1337 1298 1407 μόνῳ
1345 1335 1421 1409 νῷ
1478 1336 1861 1407 θεωρουμένη,

261 1432 360 1483 καὶ
394 1431 725 1517 ὰχωρίσξως
754 1430 848 1483 καὶ
879 1429 1231 1499 ἀδιαιρέτως.
1264 1432 1375 1483 Καὶ
1395 1434 1503 1501 γὰρ
1531 1432 1862 1502 ὑπερέκεινα

260 1521 363 1592 τῆς
403 1522 609 1592 μίξεως
638 1521 746 1574 τῶν
779 1521 993 1580 θνητῶν
1028 1522 1250 1590 φύσεων
1279 1527 1479 1576 νοεῖται
1507 1525 1539 1593 ἡ
1574 1524 1667 1579 τοῦ
1699 1525 1862 1594 Ποιη-

260 1616 360 1670 τοῦ
385 1615 591 1688 κρᾶσις
619 1614 759 1685 μετὰ
784 1616 877 1670 τοῦ
905 1617 1236 1686 κτίσματος’
1269 1618 1478 1670 ἐκεῖναι
1501 1618 1610 1687 γὰρ
1633 1617 1666 1690 ἢ
1697 1617 1862 1688 χωρί-

262 1711 454 1775 Caveat
501 1713 570 1780 τῇ
613 1709 830 1775 ἑνὼσει,
865 1711 901 1782 ἦ
942 1709 1378 1781 μεταϐάλλουσιν
1427 1714 1506 1773 είς
1549 1711 1723 1765 ἄλλασ
1755 1710 1859 1764 ὅδὲ

265 1803 510 1876 Ποιητής
548 1805 714 1874 φύσει
739 1805 948 1876 ἥνωται
988 1804 1142 1874 ἡμῖν,
1174 1804 1516 1874 χωρισμὸνῆ
1557 1804 1862 1876 μεταϐολὴν

263 1898 365 1951 οὐκ
393 1897 621 1964 ἐδέξατο
651 1897 734 1962 τίς
765 1894 1190 1968 ἀνθρωπότητι,
1227 1898 1259 1968 ἢ
1295 1897 1396 1966 τῆς
1439 1897 1864 1971 ἀνθρωπότητος

263 1991 345 2051 ti;
379 1988 642 2058 θεότητα.
674 1990 767 2041 Διὸ
818 1988 882 2042 οὐ
923 1989 1067 2043 κατᾶ
1090 1989 1184 2044 τὸν
1227 1989 1526 2062 Νεστόριον
1570 1991 1867 2061 μερίζομεν

265 2085 344 2144 tt;
380 2083 480 2137 δύο
528 2083 798 2155 πρόσωπα
833 2084 924 2138 τὸν
972 2085 1071 2139 ἕνα
1107 2085 1365 2157 Χριστὸν,
1418 2085 1558 2151 οὐδὲ,
1591 2088 1734 2140 κατά
1775 2087 1867 2140 τὸν

273 2174 505 2246 Εὐτυχῆ
541 2176 637 2231 καὶ
667 2175 792 2240 τοὺς
827 2177 1146 2250 ὁμόφρονας
1187 2177 1378 2243 αὐτοῦ,
1427 2182 1507 2243 είς
1545 2176 1684 2250 μίαν
1704 2181 1868 2249 φύσιν

269 2270 612 2340 συγχέομεν,
648 2270 786 2324 ἀλλὰ
822 2270 1058 2339 λέγομεν
1099 2270 1196 2334 τὰς
1228 2268 1322 2325 δύο
1367 2271 1561 2341 φύσεις
1599 2273 1742 2327 κατὰ
1775 2274 1867 2327 τὸν

268 2364 451 2433 μέγαν
482 2362 790 2435 Γρηγόριον
819 2364 914 2416 τὸν
941 2364 1204 2434 Θεολόγον
1231 2367 1287 2418 ὲν
1317 2367 1383 2436 τῇ
1413 2367 1546 2437 πρὸς
1573 2368 1868 2439 Κληδόνων

265 2456 538 2526 ἐπιστολῇ
572 2455 854 2528 γράφοντα
885 2458 1030 2510 κατὰ
1067 2457 1452 2530 ’Λπολιναρίου
1486 2461 1582 2513 καὶ
1623 2461 1734 2514 τῶν
1771 2462 1869 2516 σὺν

267 2549 448 2621 αὐτῷ,
483 2550 570 2603 ὅτι
608 2549 801 2617 φύσεις
841 2549 935 2604 δύο
959 2565 977 2581 ⁵
1018 2545 1136 2603 εἶτα
1175 2550 1322 2619 λέγει
1377 2553 1469 2605 καὶ
1521 2552 1621 2623 τὴν
1660 2554 1866 2618 αἰτίαν,

267 2645 403 2706 Θεὸς
442 2644 543 2697 καὶ
589 2642 901 2715 ἄνθρωπος.
949 2644 1058 2697 Καὶ
1108 2645 1166 2697 ὲν
1217 2645 1488 2718 ἀληθείᾳ·
1536 2647 1632 2701 καὶ
1675 2649 1782 2720 γὰρ
1820 2651 1870 2702 εί

268 2738 408 2802 Θεὸς
460 2737 625 2808 μόνον
657 2738 689 2806 ἢ
729 2737 1021 2810 ἄνθρωπος
1067 2738 1248 2809 μόνον,
1285 2737 1509 2804 εὔλογον
1550 2741 1618 2793 ἂν
1658 2742 1742 2810 είη
1783 2741 1868 2794 λέ-

269 2849 394 2903 γειν
424 2835 562 2903 μίαν
590 2832 751 2902 φύσιν
776 2831 945 2902 ἔχειν,
969 2831 1001 2904 ἢ
1026 2831 1177 2886 θείαν
1200 2834 1234 2905 ἢ
1267 2833 1612 2904 ἀνθρωπίνην
1638 2851 1654 2866 ·
1680 2835 1868 2907 ἐπειδὴ

267 2929 324 2982 δὲ
354 2927 498 2990 Θεός
524 2929 639 2980 ἐστι
672 2925 767 2980 καὶ
796 2925 1084 2998 ἄνθρωπος
1131 2927 1352 2990 ένωθεὶς
1382 2929 1610 3000 ἀρρήτῳ
1656 2927 1868 2995 ἐνώσει,

267 3022 435 3090 δῆλον
467 3023 554 3075 ὅτι
616 3021 770 3074 θείαν
827 3021 939 3090 ἔχει
997 3019 1160 3089 φύσιν
1218 3022 1313 3074 xal
1346 3021 1722 3093 ἀνθρωπίνην.
1755 3021 1870 3074 ἀλλ’

1961 495 2201 567 perfecta
2233 491 2488 548 divinitas
2520 485 2817 560 perfectam
2846 482 3103 540 asciverit
3128 480 3544 544 humanitatem,

1950 589 2199 662 animam
2254 585 2484 646 scilicet.
2510 590 2744 636 mentem
2800 590 3127 648 corpusque,
3182 589 3248 629 ex
3284 583 3547 644 perpetua

1961 680 2185 752 Virgine
2243 679 2414 733 Maria
2450 697 2464 732 :
2502 677 2751 745 factaque
2810 687 2949 728 nova
2998 667 3316 739 conjunclio
3375 673 3550 718 estex

1964 775 2168 831 duabus
2218 773 2430 827 naturis
2487 768 2586 824 sub
2641 781 2870 838 persona
2914 764 3072 818 unica
3124 758 3468 815 ineffabiliter
3497 769 3550 809 et

1963 863 2404 940 inseparabiliter
2459 863 2651 928 unitis,
2713 861 2962 930 Deusque
2991 859 3314 912 humanatus
3350 853 3418 907 de
3439 852 3553 905 Ma-

1960 966 2041 1020 ria
2105 974 2264 1018 natus
2290 969 2372 1016 est
2405 975 2419 1012 :
2458 966 2510 1012 et
2538 957 2628 1026 qui
2675 954 2842 1010 Filius
2871 951 2967 1007 Dei
2999 960 3102 1016 est,
3148 950 3287 1003 idem
3325 955 3378 1001 et
3408 960 3466 1000 re
3497 954 3550 998 et

1963 1054 2182 1111 nomine
2231 1051 2402 1107 Filius
2464 1047 2698 1103 hominis
2758 1059 2877 1099 esse
2901 1042 3067 1111 coepit
3100 1057 3114 1095 :
3153 1052 3326 1109 neque
3369 1046 3550 1091 tamen

1964 1151 2201 1204 uthomo
2233 1147 2410 1212 ﬁeret,
2438 1142 2673 1199 divinam
2711 1146 2960 1192 naturam
2989 1136 3299 1192 immutavit
3327 1150 3341 1199 ;
3378 1143 3552 1201 neque

1963 1241 2017 1298 id
2044 1240 2184 1312 quod
2235 1255 2264 1292 ιι
2294 1235 2514 1306 Virgine
2567 1231 2831 1299 sumpsit,
2867 1229 3162 1283 humanam
3188 1223 3549 1282 substantiam

1966 1332 2243 1396 deseruit;
2297 1331 2390 1386 sed
2449 1329 2502 1382 in
2535 1312 2791 1380 ineffabili
2823 1321 3119 1376 divinitatis
3142 1326 3196 1373 et
3247 1315 3555 1371 humanita-

1964 1427 2032 1482 tis
2060 1423 2279 1489 unione,
2301 1418 2651 1477 immutabilis
2683 1426 2736 1471 et
2769 1411 3200 1469 inconvertibilis
3228 1418 3551 1464 naturarum

1965 1519 2166 1577 mansit
2222 1517 2485 1580 ostensio,
2544 1527 2705 1584 quam
2740 1520 2919 1565 tamen
2950 1515 3130 1562 mente
3179 1501 3552 1560 tantummodo

1964 1607 2322 1678 contemplari
2354 1606 2506 1671 licet;
2540 1616 2735 1672 eaque,
2761 1609 2818 1654 ut
2857 1598 2991 1660 dixi,
3045 1590 3484 1663 inseparabiliter
3504 1598 3559 1642 et

1972 1700 2347 1762 indivisibilite
2369 1716 2395 1754 r
2429 1696 2675 1754 confecta
2737 1704 2840 1751 est.
2875 1690 3090 1747 Etenim
3119 1686 3396 1744 Creatoris
3421 1699 3559 1746 con-

1967 1799 2137 1857 cretio
2190 1811 2310 1850 cum
2378 1801 2659 1854 creatura,
2746 1802 2911 1856 supra
2967 1785 3180 1840 solitam
3220 1779 3557 1836 mortalium

1966 1901 2284 1950 naturarum
2347 1886 2651 1942 mistionem
2709 1893 2792 1937 est
2827 1897 2841 1934 :
2876 1883 2957 1936 hac
3003 1879 3201 1949 quippe
3226 1874 3310 1930 vel
3339 1875 3404 1929 ab
3438 1871 3561 1926 aliis

1971 1994 2300 2057 separantur
2330 1982 2455 2036 dum
2486 1979 2603 2033 aliis
2635 1976 2914 2036 uuiuntur,
2963 1973 3044 2026 vel
3097 1969 3240 2025 aliud
3290 1966 3418 2038 quid
3446 1962 3560 2019 elli-

1970 2079 2198 2135 ciuntur
2241 2093 2256 2133 :
2318 2073 2544 2130 Creator
2579 2079 2761 2124 autem
2812 2064 3132 2120 naturaliter
3184 2060 3340 2116 nobis
3375 2058 3560 2113 unitus

1972 2182 2078 2241 est,
2139 2171 2266 2241 quin
2332 2180 2515 2223 tamen
2565 2181 2594 2219 a
2648 2160 2941 2218 divinitate
2989 2165 3356 2226 separaretur,
3387 2151 3468 2207 ve!
3503 2150 3558 2204 in

1973 2265 2370 2322 humanitatem
2426 2257 2684 2314 divinitas
2733 2262 3160 2311 converteretur.
3195 2246 3558 2315 Quamobrem

1970 2359 2113 2415 haud
2172 2373 2294 2412 cum
2321 2351 2574 2408 Nestorio
2624 2366 2788 2404 unum
2826 2347 3104 2402 Christum
3141 2345 3192 2397 in
3223 2341 3358 2395 duas
3379 2351 3561 2407 perso-

1977 2473 2076 2514 nas
2111 2455 2397 2526 partimur,
2454 2463 2628 2520 neque
2683 2462 2805 2502 cum
2843 2442 3135 2513 Eutychete
3176 2439 3396 2511 ejusque
3422 2448 3565 2488 asse.

1974 2551 2072 2607 clis
2141 2550 2192 2602 in
2249 2546 2464 2601 unicam
2497 2552 2748 2597 naturam
2804 2535 3233 2598 contundimus;
3289 2529 3382 2584 sed
3426 2527 3562 2580 duas

1977 2655 2197 2700 naturas
2249 2656 2315 2695 ex
2349 2636 2526 2707 magni
2556 2634 2788 2701 theologi
2851 2626 3103 2698 Gregorii
3127 2621 3393 2680 sententia
3430 2617 3566 2673 dici-

1977 2749 2120 2798 mus,
2160 2729 2331 2804 quiin
2386 2727 2619 2799 epistola
2651 2727 2717 2780 ad
2760 2723 3075 2779 Cledouium
3112 2717 3372 2772 adversus
3396 2710 3563 2782 Apol-

1975 2828 2202 2883 linarem
2227 2826 2452 2895 ejusque
2480 2831 2870 2878 consectancos
2889 2816 3025 2871 duas
3055 2823 3274 2866 naturas
3293 2807 3520 2863 afﬁrmat
3546 2821 3560 2858 :

1975 2922 2129 2992 cujus
2163 2921 2237 2976 rei
2262 2920 2671 2983 additeausam,
2709 2912 2831 2984 quia
2856 2911 3102 2967 videlicet
3133 2907 3270 2960 Deus
3295 2905 3565 2970 boumque

1975 3027 2078 3071 est.
2106 3013 2274 3069 Recte
2307 3011 2358 3068 id
2383 3025 2513 3067 sane
2544 3030 2559 3067 :
2598 3024 2721 3064 nam
2755 3007 2798 3062 si
2829 3004 2969 3060 Deus
2997 2997 3366 3055 tantummodo
3395 3005 3564 3060 esset,

268 3114 605 3184 ἡνωμένως,
639 3114 984 3183 ἀχωρίστως,
1021 3113 1210 3186 ὥσπερ
1255 3113 1401 3185 ψυχὴ
1433 3117 1526 3168 καὶ
1562 3116 1741 3187 σῶμαο
1775 3116 1870 3168 καὶ

1981 3109 2064 3165 vel
2093 3112 2254 3163 homo
2296 3104 2691 3171 tantummodo,
2719 3109 2866 3157 recte
2909 3099 3180 3154 diceretur
3214 3108 3372 3146 unam
3409 3099 3567 3142 natu-

271 3208 353 3261 ἔτι
398 3206 728 3277 ὑπερϐαίνει
768 3209 800 3277 ἡ
842 3207 1070 3278 ἀλήθεια
1121 3207 1220 3278 τῆς
1271 3208 1519 3272 ἑνώσεως
1573 3209 1632 3263 τὸ
1689 3211 1874 3280 παρά-

269 3301 506 3368 δειγμα,
538 3299 616 3362 ὡς
655 3301 750 3352 καὶ
787 3298 952 3362 αὐτὸς
984 3302 1010 3352 ό
1038 3298 1355 3362 διδάσκει).ος
1386 3298 1511 3370 ἑξῆς
1545 3299 1727 3369 λέγει·
1757 3302 1873 3354 Οὐκ

269 3396 439 3457 ἄλλος
496 3395 596 3448 καὶ
645 3393 827 3458 ἄλλος,
864 3393 937 3465 μὴ
971 3393 1212 3462 γένοιτοο
1242 3393 1310 3446 τὰ
1347 3397 1458 3464 γὰρ
1494 3395 1779 3464 ἀμφότερα
1813 3396 1869 3448 ὲν

269 3493 338 3559 τῇ
383 3490 712 3557 συγκράσει,
752 3486 889 3540 Θεοῦ
926 3487 1024 3556 μὲν
1069 3487 1616 3558 ὲνανθρωπήσοιντος,
1659 3487 1870 3559 ἀνθρὼσ

271 3599 384 3634 που
421 3579 480 3634 δὲ
525 3577 842 3640 θεωθέντος.
874 3577 987 3630 Καὶ
1039 3575 1275 3646 ἀλλαχοῦ
1317 3593 1473 3646 φησι,
1504 3575 1734 3638 Διπλοῦς
1762 3574 1872 3646 γὰρ

269 3669 341 3746 ἦν
370 3671 622 3744 δηλονότι
653 3673 716 3741 τῇ
745 3667 906 3739 φύσει
937 3668 998 3721 οὐ
1029 3669 1092 3739 τῇ
1127 3670 1444 3722 ὑποστάσει.

1981 3220 2096 3260 ram
2158 3200 2381 3265 habere,
2413 3201 2497 3253 vel
2551 3199 2790 3254 divinam
2826 3193 3031 3249 scilicet
3084 3190 3165 3244 vel
3219 3189 3559 3241 humanam:

1983 3313 2128 3351 nunc
2191 3311 2310 3348 cum
2371 3292 2513 3347 Deus
2566 3302 2621 3347 et
2677 3287 2837 3344 homo
2878 3287 2949 3340 sit
2991 3279 3246 3337 ineﬂabili
3282 3274 3565 3345 copulatus

1983 3391 2202 3454 unione,
2228 3397 2440 3445 constat
2469 3400 2591 3441 eum
2647 3393 2754 3438 tum
2783 3379 3024 3436 divinam
3075 3377 3277 3430 habere
3313 3377 3563 3426 naturam

1985 3490 2096 3535 tum
2121 3480 2285 3533 etiam
2320 3478 2632 3539 hmnanam,
2664 3470 2951 3539 coniuncte
2985 3475 3167 3521 tamen
3200 3473 3255 3517 et
3280 3463 3565 3526 insepara-

1983 3574 2166 3630 biliter
2190 3587 2288 3627 ceu
2323 3570 2504 3625 anima
2540 3580 2845 3638 corpusque
2870 3570 2995 3618 sunt
3029 3579 3042 3616 :
3072 3561 3180 3614 imo
3218 3551 3568 3627 hypostaticaa

1985 3667 2201 3723 unionis
2236 3665 2436 3720 veritas
2466 3662 2780 3733 praedictum
2810 3655 3116 3736 exemplum
3161 3656 3401 3722 superat,
3423 3643 3570 3698 velut

272 3778 393 3843 ipse
453 3774 647 3824 doctor
693 3768 744 3821 in
803 3765 1159 3836 sequentibus
1214 3765 1328 3821 ait:
1363 3765 1476 3818 Non
1524 3763 1660 3818 alius
1706 3774 1871 3833 atque
1910 3763 2050 3819 alios
2087 3771 2209 3828 est;
2239 3760 2426 3815 absit:
2494 3767 2720 3826 utraque
2765 3753 2912 3809 enim
2979 3765 3068 3806 res
3120 3749 3170 3802 in
3219 3738 3570 3800 concretione

274 3867 456 3930 adest,
497 3863 639 3917 Deus
689 3861 939 3917 videlicet
975 3863 1311 3926 incarnatus,
1368 3861 1530 3916 homo
1552 3859 1870 3919 deiﬁcatus.
1916 3861 2056 3914 Tum
2089 3868 2143 3915 et
2173 3857 2300 3912 alibi
2369 3857 2442 3909 ait
2473 3873 2487 3910 :
2524 3851 2729 3923 Duplici
2764 3849 2907 3906 enim
2962 3857 3154 3902 natura
3193 3848 3426 3903 constat,
3463 3849 3571 3889 non

275 3976 537 4033 persona.

349 4055 428 4110 Τδ
455 4053 514 4107 δὲ
541 4052 727 4122 λέγειν
761 4054 910 4124 ἡμᾶς
948 4053 1076 4123 μίαν
1104 4052 1286 4123 φύσιν,
1328 4053 1402 4124 μή
1445 4068 1527 4116 τις
1564 4051 1632 4104 δι’
1665 4049 1794 4104 ἄλλο
1827 4064 1880 4102 τι

274 4148 558 4222 ὑπολάϐῃ,
591 4147 707 4201 ἀλλ’
733 4149 765 4219 ἢ
795 4148 882 4202 διὰ
912 4147 1012 4218 τὴν
1052 4148 1164 4201 τῶν
1202 4147 1298 4200 δύο
1329 4147 1548 4216 φύσεων
1571 4142 1880 4215 ἀχώριστον

275 4245 522 4299 ἕνωσιν·
575 4242 605 4295 ὃ
647 4241 1051 4312 μεμαθήκαμεν
1091 4242 1244 4314 παρὰ
1291 4242 1403 4294 τῶν
1451 4238 1754 4309 όρθοδόξων
1799 4236 1882 4290 δι-

276 4335 577 4390 ὃασκᾶλων
631 4334 730 4404 τῆς
768 4333 1138 4405 Ἐκκλησίας,
1192 4332 1433 4403 μάλιστα
1471 4330 1530 4386 δὲ
1581 4331 1732 4402 παρὰ
1786 4328 1881 4383 τοῦ

281 4431 445 4498 ἁγίου
488 4427 763 4499 Κυρίλλου
820 4427 914 4479 τοῦ
961 4424 1395 4498 Ἀλεξανδρείας,
1443 4425 1630 4488 καθὼς
1681 4423 1883 4495 γράφει

2059 4044 2213 4114 Quod
2242 4051 2423 4097 autem
2458 4055 2556 4095 nos
2580 4053 2742 4092 unam
2773 4044 3024 4090 naturam
3051 4031 3302 4092 dicimus,
3329 4026 3380 4082 id
3415 4037 3574 4079 nemo

1986 4139 2058 4195 ob
2088 4137 2249 4193 aliam
2278 4150 2500 4191 causam
2549 4129 2667 4188 ﬁeri
2706 4128 3005 4191 existimet,
3038 4124 3140 4180 nisi
3174 4122 3298 4194 quia
3341 4121 3569 4173 duarum

1989 4241 2309 4288 naturarum
2332 4225 2712 4294 inseparabilis
2741 4223 2864 4276 unio
2884 4230 2965 4276 est
2999 4238 3011 4274 :
3050 4232 3210 4288 quam
3245 4227 3356 4269 rem
3386 4211 3453 4265 ab
3483 4225 3574 4262 or-

1987 4326 2239 4380 thodoxis
2254 4321 2503 4377 Ecclesiae
2519 4317 2833 4375 doctoribus
2845 4312 3006 4369 didici
3018 4309 3428 4380 mus,praeeipue
3443 4318 3573 4357 vero

1991 4435 2018 4473 τι
2041 4427 2232 4472 sancto
2265 4413 2467 4484 Cyrillo
2494 4408 2884 4473 Alexandrino,
2913 4407 3002 4474 qui
3029 4412 3218 4458 contra
3255 4398 3570 4453 Nestorium

278 4519 443 4587 οὗτος
476 4525 621 4577 κατὰ
659 4519 955 4592 Νεστορίου
985 4524 1044 4574 ἐν
1081 4522 1148 4591 τῇ
1190 4519 1382 4592 πρώτῃ
1420 4519 1556 4590 πρὸς
1587 4515 1871 4570 Σούκενσοι

1993 4515 2044 4569 in
2070 4512 2242 4581 prima
2268 4511 2334 4564 ad
2371 4509 2705 4562 Successum
2763 4500 2991 4570 epistola
3044 4498 3115 4550 ita
3168 4493 3395 4551 scribit:
3427 4490 3570 4543 Con-

278 4619 580 4690 ιπιστολῇ,
623 4615 1033 4685 ὐμολογοῦμεν
1075 4614 1208 4687 μίαν
1245 4612 1341 4667 τοῦ
1385 4614 1561 4682 Λόγου
1599 4612 1760 4681 φύσιν
1798 4625 1887 4663 σε·

282 4709 789 4785 σαρκωμένην,ὡς
840 4710 890 4762 οἱ
937 4706 1181 4777 Πατέρες
1230 4707 1540 4777 εἰρήκασιν.
1593 4704 1757 4758 Ἀλλὰ
1790 4703 1886 4756 καὶ

281 4805 343 4857 ὲν
371 4804 444 4873 τῇ
477 4799 712 4870 δευτέρᾳ
740 4797 875 4870 πρὸς
904 4798 1068 4852 αὑτὸν
1099 4794 1361 4867 ἐπιστολῇ
1393 4796 1475 4848 ἔτι
1503 4793 1886 4867 ἀριδηλότερον

281 4894 464 4962 λέγει,
499 4890 671 4954 τιθεὶς
721 4889 941 4961 πρῶτον
974 4888 1068 4942 τὸν
1107 4887 1266 4956 λόγον
1311 4887 1419 4940 τῶν
1458 4882 1888 4954 ἐναντιουμένων

282 4986 440 5058 αὑτῷ
473 4984 688 5053 λέγοντι
727 4983 857 5055 μίαν
886 4983 1052 5052 φύσιν
1081 4982 1176 5035 τοῦ
1209 4976 1846 5049 ΛόγουΪσεσαρκωμένην
1867 4989 1881 5005 ⁶

283 5083 351 5136 ΕΞ
384 5087 454 5134 ὲκ
486 5078 582 5132 δύο
614 5079 832 5147 φύσεων
859 5075 1188 5146 συνηνέχθη.
1222 5075 1407 5145 φησὶν,
1439 5074 1466 5128 ό
1511 5069 1885 5142 Ἑμμανουὴλ,

287 5175 437 5246 μετᾶ
488 5171 548 5226 δὲ
595 5169 695 5243 τὴν
745 5169 941 5222 ἕνωσιν
995 5168 1092 5238 μία
1127 5167 1292 5236 φύσις
1329 5169 1533 5220 νοεῖται
1576 5160 1670 5217 τοῦ
1707 5161 1884 5232 Λόγου

284 5287 425 5325 osa:
436 5266 719 5340 ρκωμένη,
743 5265 935 5336 ἕψεται
963 5263 1180 5326 πάντως
1205 5263 1267 5316 τὸ
1292 5260 1490 5333 χρῆναι
1513 5259 1696 5327 λέγειν
1722 5255 1888 5311 αὐτὸν

285 5360 492 5414 ¹διαθεῖν
521 5359 603 5421 είς
647 5356 786 5410 ἰδίαν
818 5352 1007 5424 φύσιν.
1043 5351 1186 5424 Πρὸς
1219 5350 1315 5415 οὓς
1359 5348 1710 5418 ἀπολογεῖται
1748 5350 1888 5418 μετά

283 5470 450 5516 τινας
482 5450 682 5517 λόγους
711 5448 806 5503 καὶ
849 5445 1008 5500 τοῦτο
1033 5461 1046 5475 ·
1085 5445 1222 5499 Ποία
1270 5442 1454 5497 τοίνυν
1492 5442 1684 5495 παθεῖν
1721 5439 1886 5494 αὑτὸν

287 5547 514 5616 ἀνάγκη
549 5546 629 5608 είς
663 5542 800 5597 ἰδίαν
828 5539 1013 5611 φύσιν,
1053 5541 1101 5591 εί
1133 5539 1346 5607 λέγοιτο
1388 5535 1527 5605 μετὰ
1561 5534 1662 5605 τὴν
1687 5533 1884 5589 ἕνωσιν

293 5641 398 5712 μία
429 5640 596 5709 φύσις
639 5636 772 5690 Υίοῦ
814 5633 1244 5705 σεσαρκωμὲνη;
1304 5631 1367 5684 Et
1400 5629 1497 5700 μὲν
1538 5628 1646 5698 γὰρ
1693 5627 1792 5681 οὐκ
1819 5620 1886 5698 ἦν

289 5734 353 5787 ἓν
381 5733 497 5796 τοῖς
529 5730 719 5799 λόγοις
750 5729 849 5800 τῆς
888 5723 1292 5802 οίκονομίαςῆτὸ
1319 5723 1563 5792 πεφυκὸς
1589 5720 1885 5791 ὑπομένειν

289 5828 353 5882 τὸ
381 5825 574 5896 πάθος,
602 5823 782 5898 ὀρθῶς
807 5824 874 5881 ἂν
908 5821 1116 5893 ἔφησαν
1149 5819 1228 5875 ὅτι
1256 5817 1410 5881 ὄντος
1434 5813 1530 5871 τοῦ
1575 5814 1883 5885 πεφυκότος

1993 4607 2211 4660 litemur
2277 4617 2440 4657 unam
2491 4597 2652 4654 Verbi
2721 4605 2972 4650 naturam
3033 4593 3412 4652 inearnatam,
3493 4583 3571 4638 uti

1991 4700 2182 4754 Patres
2216 4697 2485 4751 dixerunt.
2547 4690 2650 4746 Sed
2715 4697 2769 4745 et
2820 4690 2872 4743 in
2934 4683 3172 4741 secunda
3211 4682 3273 4736 ad
3323 4677 3573 4734 eumdem

1991 4788 2246 4861 epistola,
2282 4788 2459 4842 adhuc
2496 4783 2840 4840 enucleatius
2895 4779 2994 4842 ait,
3045 4788 3329 4842 postquam
3375 4770 3574 4825 adver-

1990 4883 2229 4941 santium
2255 4883 2379 4944 sibi,
2422 4879 2513 4948 qui
2549 4892 2709 4931 unam
2747 4872 2899 4930 Verbi
2935 4874 3274 4927 incarnatam
3319 4875 3571 4921 naturam

1989 4974 2266 5036 dicebant,
2332 4972 2448 5025 bmc
2483 4970 2647 5024 verba
2688 4965 2917 5021 retulit:
2961 4982 2981 5015 ι
3019 4962 3074 5017 Si
3112 4976 3176 5014 ex
3220 4959 3426 5014 duabus
3479 4967 3573 5009 na-

1993 5067 2131 5122 turis
2195 5073 2554 5121 coacervatos
2612 5070 2698 5115 cst
2735 5056 3073 5118 Emmanuel,
3132 5063 3255 5123 post
3315 5051 3571 5105 unionem

1991 5171 2176 5215 autem
2236 5173 2341 5213 una
2390 5166 2588 5212 natura
2652 5152 2979 5223 intelligitur
3031 5147 3192 5203 Verbi
3253 5149 3576 5210 incarnata,

1994 5255 2242 5326 profecto
2275 5254 2451 5322 ipsum
2486 5252 2541 5304 in
2595 5247 2818 5319 propria
2867 5255 3059 5299 natura
3116 5256 3333 5310 passum
3393 5240 3577 5293 dicere

1993 5357 2228 5416 oportet.
2261 5366 2279 5400 ι
2318 5348 2362 5399 Α
2401 5345 2601 5416 quibus
2633 5347 2704 5397 ita
2758 5357 2817 5397 se
2854 5338 3098 5395 defendit
3140 5345 3258 5406 post
3296 5334 3399 5388 alia
3431 5333 3576 5386 diota

1992 5441 2071 5496 sic
2105 5439 2257 5494 :Cur
2286 5453 2414 5494 vero
2448 5452 2584 5506 opus
2615 5437 2722 5500 sit,
2780 5438 2958 5505 ipsum
3001 5433 3056 5487 in
3115 5431 3329 5502 propria
3381 5434 3572 5481 natura

1992 5533 2124 5601 pati,
2178 5532 2221 5586 si
2285 5530 2496 5585 dicatur
2542 5536 2665 5597 post
2710 5527 2963 5580 unionem
3022 5537 3128 5577 una
3179 5532 3375 5576 natura
3407 5516 3576 5573 Verbi

1995 5623 2316 5679 incarnata?
2356 5621 2412 5675 Si
2439 5621 2583 5676 enim
2610 5619 2754 5674 forte
2782 5633 2887 5674 non
2920 5617 3142 5673 essetin
3178 5613 3572 5674 incarnationis

1993 5717 2205 5772 ratione
2256 5715 2562 5780 subiectum
2597 5710 2892 5782 passionis,
2953 5716 3099 5765 recte
3149 5707 3394 5762 dicerent
3427 5704 3572 5773 quod

1993 5811 2303 5870 desiderato
2377 5806 2608 5867 :tssionis
2641 5805 2908 5882 subjecto,
2950 5818 3177 5861 necesse
3207 5800 3346 5858 ῐομγι
3399 5799 3569 5871 ipsam
