4008 6170
295 296 404 364 225

1634 305 2103 370 DlSPUTATlO
2139 308 2224 371 II.

3468 311 3577 379 226

298 418 389 471 τὸν
424 416 551 471 vein:
586 416 880 487 ὲφιστῶντι
939 417 1015 489 τῷ
1068 418 1387 490 γράμματι,
1436 417 1571 473 ἀλλὰ
1602 421 1696 472 καὶ
1725 419 1871 472 τοῦτ(

1986 420 2237 490 aequitas,
2295 436 2391 477 ceu
2433 422 2743 481 exuberans
2793 439 2967 498 neque
3008 427 3074 483 ad
3135 428 3578 499 perpendiculum

294 513 397 580 τῆς
455 512 551 579 σῆς
603 510 930 582 όρθοτομίας
966 511 1225 582 εύθύτητι
1254 510 1331 574 ὡς
1357 512 1529 583 τραχὺ
1561 510 1757 583 καὶμὴ
1790 510 1887 565 τοῦ

293 605 523 668 κανόνος
558 603 867 658 ύποπίπτον
888 603 967 675 τῷ
997 602 1260 675 γνώμονι,
1292 602 1374 675 τῷ
1410 603 1639 675 καθαρῷ
1664 603 1764 674 τῆς
1796 604 1887 675 ὀρ·

295 695 539 761 θοδοξὲας
573 698 705 768 σίτῳ
723 693 812 751 οἶα
844 695 1042 767 μικρὸν
1091 696 1236 769 [εοά.
1275 694 1478 769 μικρῷ]
1511 698 1604 751 καὶ
1635 698 1892 766 ἀσυμφα-

293 789 383 851 νὲς
440 788 686 855 ζιζάνιόν
741 808 796 843 τι
846 792 1300 864 παραφυόμενον,
1340 789 1535 861 ὥσπερ
1586 791 1885 845 σκανδάλου

296 881 567 952 πρόξενον
602 882 904 948 ἅποξεσθὲν
951 882 1028 944 ὡς
1079 882 1301 937 νοθεῦον
1337 883 1432 936 τοῦ
1484 882 1742 949 εὐγενοῦς
1768 884 1886 948 νοὸς

291 977 393 1045 τὴν
416 977 673 1048 λειότητα
702 976 939 1051 ἀφανείᾳ
962 977 1143 1050 τελείᾳ
1170 976 1629 1049 παραδοθήσεται.
1663 978 1771 1030 Καὶ
1793 976 1886 1030 οὔ-

292 1086 401 1130 τως
433 1070 656 1140 ἀληθῶς
686 1071 744 1123 τδ
796 1070 1189 1142 γεγραμμένον
1224 1070 1399 1131 ἐστὶν.
1447 1070 1530 1124 ὅτι
1599 1069 1704 1125 Ἐν
1732 1069 1884 1140 χειρὶ

291 1162 587 1231 γλώσσης
616 1159 728 1229 ζωὴ
762 1162 858 1215 καὶ
907 1162 1200 1228 θάνατος·
1235 1162 1470 1225 θάνατος
1500 1164 1607 1234 γὰρ
1653 1163 1747 1216 καὶ
1790 1164 1886 1216 θα-

292 1254 471 1307 νάηω
503 1255 811 1319 δεινότατος
848 1258 879 1327 ἡ
920 1256 1020 1327 τῆς
1052 1254 1314 1320 εὐσεϐοῦς
1346 1254 1670 1319 ἀπόπτωσις
1720 1255 1879 1325 δόξης

290 1352 406 1412 τοῖς
452 1352 536 1411 είς
593 1349 695 1419 τὴν
750 1348 981 1420 βέϐηλον
1034 1348 1529 1420 κατενηνεγμένοις
1570 1348 1883 1419 ὰπειθείαν,

292 1443 387 1495 καὶ
448 1443 550 1514 τὴν
606 1443 857 1512 γλῶτταν
910 1443 990 1506 είς
1031 1442 1281 1514 γλῶτταν
1347 1446 1580 1511 είκαῖως
1627 1443 1764 1518 [εοά.
1803 1444 1884 1497 εί-

290 1536 514 1611 καίως]
554 1539 857 1603 όπλίζουσι,
916 1540 1011 1593 καὶ
1059 1538 1135 1602 ὡς
1194 1537 1324 1611 ᾅδου
1356 1537 1535 1609 πύλην
1575 1538 1635 1591 τὸ
1682 1540 1884 1591 οἰκεῖον

289 1634 473 1703 στόμα
501 1632 867 1687 πλατύνουσιν
889 1648 905 1665 ⁸
936 1631 1126 1704 ὥσπερ
1153 1632 1269 1704 ζωὴ
1295 1633 1390 1687 καὶ
1419 1632 1534 1705 ζωὴ
1566 1632 1759 1686 αίωνία
1791 1632 1885 1686 καὶ

288 1726 506 1796 φθορᾶς
538 1726 723 1795 πάσης
747 1708 1176 1797 ὑπερισχύουσα.
1205 1726 1257 1779 οί
1286 1725 1560 1780 σκοτεινοὶ
1586 1725 1681 1780 καὶ
1709 1725 1879 1796 ἀόρα-

286 1834 371 1871 τοι
407 1816 507 1871 καὶ
536 1817 853 1891 ἀπόκρυφοι
877 1816 980 1888 τῆς
1008 1816 1249 1888 ἀληθοῦς
1284 1817 1646 1889 καταλήψεως
1676 1818 1883 1887 θησαυ-

288 1905 400 1977 ροὶ,
448 1904 545 1970 οὓς
589 1904 895 1977 ἐξανοίγειν
936 1908 965 1961 ὁ
1012 1905 1123 1962 τῶν
1165 1907 1307 1962 ὅλων
1334 1906 1468 1972 Θεὸς
1509 1908 1881 1979 ἐπηγγείλατο

284 2002 403 2065 τοῖς
432 2000 615 2072 ὀρθῶς
640 1999 967 2072 ἐκζητοῦσιν
991 2001 1179 2067 αὐτὸν,
1211 2001 1308 2055 καὶ
1333 2001 1410 2073 μὴ
1440 2000 1539 2074 τὴν
1573 2001 1761 2061 κλεῖδα
1782 2003 1881 2073 τῆς

280 2094 549 2164 γνώσεως
578 2095 853 2166 αἴρουσιν,
908 2094 1023 2150 ἀλλ’
1058 2098 1471 2167 εἰσερχομένοις
1523 2098 1621 2151 καὶ
1670 2096 1875 2166 αὐτοῖς,

282 2187 381 2241 καὶ
406 2188 483 2259 μὴ
513 2188 641 2253 τοὺς
670 2189 1095 2261 είσερχομένους
1126 2189 1418 2243 κωλύουσι.

352 2280 473 2352 Τὴν
509 2281 660 2353 ζωὴν
691 2276 786 2334 οὖν
817 2280 1025 2351 ταύτην
1052 2280 1254 2353 ἔχουσα
1284 2284 1315 2351 ἡ
1349 2281 1418 2344 σὴ
1457 2282 1714 2353 τιμιότης
1746 2284 1878 2357 παρ’

282 2375 481 2446 ἑαυτῇ,
519 2372 578 2427 εὖ
603 2369 747 2428 οἶδεν
773 2376 807 2445 η
833 2372 1085 2445 βασιλεία
1118 2374 1276 2445 ἡμῶν
1306 2376 1390 2429 ὅτι
1430 2376 1659 2437 καὶτοῖς
1695 2376 1879 2442 ἄλλοις

276 2468 493 2538 ταύτης
528 2465 834 2537 μεταδώσει
860 2466 958 2521 καὶ
995 2467 1399 2540 μεταριθμήσει
1428 2470 1539 2523 τισὶ
1572 2468 1682 2525 τῶν
1714 2472 1877 2525 ἀπει-

281 2560 567 2631 θεστέρων
591 2558 948 2625 ἐνιζάνουσαν
1001 2562 1301 2633 σκαιότητα
1356 2562 1451 2615 καὶ
1502 2562 1873 2635 σκληρότητα,

280 2658 378 2708 καὶ
408 2657 527 2718 τοῖς
554 2654 810 2722 ποτίμοις
848 2653 1029 2723 λόγοις
1056 2654 1156 2725 τῆς
1203 2655 1609 2725 ἀνεπισφαλοῦς
1639 2659 1878 2723 πίστεως

280 2748 385 2820 τὴν
415 2747 675 2819 ἁλμυρὰν
702 2746 1003 2802 ἁποκλύσει
1047 2745 1326 2803 θάλασσαν
1352 2745 1452 2820 τῆς
1481 2752 1873 2820 κακοπιστίας,

278 2843 377 2895 καὶ
399 2843 717 2912 μετενέγκῃ
733 2842 834 2911 τὴν
854 2841 1009 2895 νόσον
1034 2842 1115 2905 είς
1137 2842 1610 2914 εἰλικρινεστάτην
1640 2844 1873 2912 ὑγιείαν.

282 2935 550 3005 Ἔχοντες
583 2933 678 2987 οὖν
713 2949 775 2987 σε
811 2935 914 3005 τὴν
945 2933 1188 3001 κεφαλὴν
1216 2937 1338 2999 ταῖς
1366 2934 1584 3000 λοιπαῖς
1611 2937 1872 3006 οίκουμε-

278 3032 467 3094 νικαίς
509 3028 772 3102 συνόδοις,
802 3027 939 3081 ἀλλὰ
964 3028 1059 3083 καὶ
1107 3030 1174 3100 τῇ
1218 3030 1455 3100 τετάρτῃ
1513 3031 1872 3102 συνᾴδουσαν,

1992 513 2267 581 quadrans
2295 513 2567 582 (videlicet
2610 526 2867 587 tanquam
2913 534 3083 587 pauca
3112 530 3167 575 et
3228 522 3574 577 inobservata

1990 605 2204 661 zizania
2248 607 2393 662 inter
2438 623 2630 677 purum
2660 610 2996 666 orthodoxia:
3022 613 3255 667 triticum
3290 613 3465 684 nata),
3497 614 3574 677 id,

1991 697 2233 766 inquam,
2293 708 2476 769 utpote
2519 702 2759 756 scandali
2800 701 3172 769 occasionem,
3225 713 3279 758 et
3328 704 3576 773 ingenusc

1990 804 2247 861 pura‘que
2274 793 2468 847 tuentis
2499 794 2786 863 quamdam
2820 795 3107 859 maculam,
3138 792 3382 849 funditus
3412 796 3575 848 abra-

1989 897 2109 936 sutu
2166 884 2402 940 abolebit
2453 896 2505 942 et
2566 886 2892 958 antiquabil.
2959 887 3321 954 Quamobrem
3373 890 3573 943 veritas

1992 974 2290 1047 Scriptura:
2344 980 2575 1035 dicentis
2626 989 2852 1049 apparet
2893 996 2909 1034 :
2956 978 3021 1035 In
3073 992 3327 1050 pomum
3376 979 3573 1051 lingua!

1985 1072 2095 1127 vita
2130 1084 2178 1126 et
2202 1088 2342 1127 mors
2359 1071 2402 1126 ⁸.
2448 1071 2591 1128 Mors
2618 1073 2785 1138 enim,
2822 1073 2933 1129 imo
2976 1089 3121 1129 mors
3160 1075 3432 1128 teterrima
3465 1082 3570 1142 est,

1989 1165 2121 1220 recti
2152 1164 2420 1232 dogmatis
2444 1167 2667 1221 amissio
2706 1166 2771 1220 iis
2798 1166 2889 1235 qui
2926 1166 2977 1220 in
3010 1166 3229 1236 impiam
3283 1166 3570 1221 incurrunt

1988 1255 2448 1323 incredulitatem,
2492 1266 2547 1313 et
2585 1257 2821 1327 linguam
2851 1267 3054 1313 temere
3093 1270 3283 1313 contra
3332 1257 3569 1328 linguam

1987 1360 2222 1416 armant,
2280 1361 2335 1404 et
2375 1360 2630 1420 tauquam
2682 1351 2981 1406 inferorum
3030 1364 3239 1423 portam
3297 1368 3359 1409 os
3414 1370 3568 1409 suum

1987 1442 2236 1498 dilatant.
2292 1442 2496 1497 Contra
2548 1444 2680 1507 vita,
2723 1444 2832 1498 imo
2872 1454 3075 1500 :eterna
3109 1444 3348 1515 nullique
3377 1461 3575 1501 comt—

1984 1534 2153 1604 ptiotti
2187 1534 2421 1590 obnoxia
2464 1536 2597 1599 vita,
2637 1548 2720 1591 est
2756 1539 2808 1589 in
2837 1536 3105 1593 abstrusis
3134 1538 3241 1593 illis
3283 1539 3574 1593 invisibi'i-

1986 1631 2088 1685 hos
2153 1630 2481 1702 arcanisque
2532 1629 2849 1687 orthodoxa:
2919 1634 3208 1689 sententiae
3280 1634 3568 1701 thesauris,

1986 1737 2125 1789 quos
2174 1724 2484 1792 communis
2533 1722 2676 1779 Deus
2728 1734 3096 1781 reseraturum
3154 1740 3213 1781 se
3254 1725 3569 1781 hominibus

1984 1811 2053 1868 iis
2087 1816 2358 1882 promisit,
2407 1816 2499 1886 qui
2539 1816 2712 1885 ipsum
2763 1817 3005 1872 studiose
3041 1828 3315 1887 quaerunt,
3366 1819 3569 1888 quique

1988 1907 2118 1962 recti
2150 1922 2345 1962 sensus
2378 1908 2573 1963 clavim
2604 1925 2709 1963 non
2744 1908 2969 1975 abdunt,
3007 1912 3103 1965 sed
3130 1922 3186 1966 et
3232 1911 3333 1982 ipsi
3391 1911 3583 1967 introv-

1981 2006 2132 2064 euut,
2153 2012 2327 2072 neque
2351 1998 2487 2056 alios
2506 2000 2754 2072 ingressu
2793 2000 3103 2069 prohibent.

2052 2288 2202 2347 Hanc
2245 2307 2377 2364 ergo
2424 2290 2587 2349 vitam
2621 2309 2743 2348 cum
2795 2300 2888 2349 tua
2919 2293 3226 2350 reverentia
3273 2293 3327 2349 in
3355 2308 3415 2350 se
3458 2293 3563 2349 ha.

1978 2383 2143 2451 beat,
2186 2387 2356 2454 probe
2406 2384 2559 2441 novit
2597 2386 2856 2457 maiestas
2904 2402 3023 2443 mea
3073 2396 3126 2443 te
3175 2389 3299 2444 aliis
3346 2406 3564 2461 quoque

1980 2476 2383 2547 lmpertiturum
2414 2493 2556 2541 esse,
2594 2491 3081 2550 correcturumque
3105 2480 3402 2537 hauentem
3430 2483 3565 2553 ipsis

1979 2568 2397 2640 perversitatem
2424 2585 2487 2625 ac
2514 2570 2873 2640 pertinaciam
2904 2587 2919 2626 :
2951 2572 3029 2627 ita
3054 2581 3113 2627 ut
3139 2573 3362 2643 irriguis
3395 2576 3563 2632 tutis-

1977 2663 2133 2717 simae
2180 2663 2305 2718 fidei
2357 2663 2651 2729 doctrinis,
2692 2679 2989 2734 pravorum
3041 2664 3357 2737 dogmatum
3418 2677 3561 2722 tem.

1977 2767 2165 2827 peStas
2192 2757 2442 2824 sedetur,
2480 2769 2535 2813 et
2569 2758 2745 2814 morbi
2776 2758 2969 2813 vitium
3008 2760 3062 2814 in
3098 2758 3558 2830 perfectissimam

1978 2854 2270 2909 sanitatem
2313 2863 2581 2908 vertatur.
2620 2851 2836 2923 Quippe
2862 2867 2986 2907 cum
3026 2862 3080 2908 te
3110 2852 3433 2921 habeamus,
3464 2854 3562 2923 qui

1976 2947 2157 3019 gentis
2188 2954 2353 3017 caput
2395 2960 2478 3011 es,
2538 2953 2654 2999 tum
2692 2947 2916 3017 reliquis
2952 2946 3301 3017 generalibus
3334 2948 3561 3019 synodis

1977 3050 2094 3096 tum
2132 3041 2297 3094 etiam
2333 3051 2542 3110 quarta:
2575 3040 2997 3103 assentientem,
3031 3038 3234 3094 bonam
3269 3054 3421 3109 spem
3454 3039 3560 3091 ali-

278 3123 570 3189 εὑὲλπιδές
600 3100 790 3193 ἐσμεν,
821 3121 896 3187 ὡς
930 3122 1027 3175 καὶ
1056 3120 1128 3175 τὰ
1155 3121 1294 3193 μέλη
1344 3125 1411 3195 τῇ
1444 3100 1654 3195 κεφαλῇ
1704 3142 1869 3179 συνα.

1976 3136 2101 3190 mus
2135 3131 2252 3188 fore
2289 3142 2349 3186 ut
2380 3132 2592 3202 reliqua
2637 3132 2883 3187 membra
2936 3130 3253 3201 conspirent
3299 3143 3424 3185 cum
3458 3144 3557 3185 ca-

273 3214 680 3282 κολουθήσουσι
705 3227 721 3244 ’
754 3213 852 3266 καὶ
884 3216 993 3269 πᾶν
1024 3212 1086 3266 τὸ
1111 3211 1359 3271 διασπῶν
1406 3213 1508 3284 τὴν
1536 3215 1871 3285 ἐπαινουμέ-

1976 3228 2124 3298 pile;
2169 3226 2241 3299 ita
2277 3234 2337 3280 ut
2376 3224 2427 3278 id
2460 3240 2622 3278 omne
2652 3224 2799 3294 quod
2837 3210 3164 3277 laudabilem
3200 3220 3559 3275 concordiam

273 3326 376 3377 νην
408 3305 722 3377 συνέχειαν,
754 3304 850 3358 καὶ
877 3304 970 3357 τὸν
991 3304 1089 3375 τῆς
1112 3301 1360 3368 ἑνὼσεως
1391 3304 1691 3373 σύνδεσμον
1722 3303 1871 3369 λύον,

270 3401 347 3464 ὡς
392 3400 684 3470 ἁσυμτυὲς
719 3400 816 3453 καὶ
846 3396 1199 3469 ἁξύμὸλητον
1224 3400 1289 3468 τῇ
1326 3399 1423 3467 τῆς
1454 3398 1741 3469 ὀλομελίας
1770 3399 1872 3469 ἁρ-

274 3473 538 3564 μολογίᾳ,
585 3490 965 3561 ἀνακαθαρθὲν
1024 3490 1135 3543 ἀπὸ
1168 3488 1262 3543 τοῦ
1312 3490 1481 3561 μέσου
1541 3490 1867 3561 ἀρθήσεται.

271 3587 333 3640 ΕΞ
359 3589 478 3658 γὰρ
503 3586 599 3641 καὶ
626 3587 678 3639 οί
706 3587 961 3656 πρότεροι
987 3585 1097 3638 τῶν
1114 3585 1416 3655 Ἀρμενίων
1442 3586 1701 3654 πιιμένες
1729 3587 1870 3641 κατὰ

268 3682 363 3734 τὸν
392 3680 496 3734 τοῦ
533 3682 818 3751 προφήτου
858 3678 1272 3748 ἡφρονεύσαντο
1323 3677 1502 3747 λόγον,
1532 3680 1626 3730 καὶ
1656 3680 1687 3748 ἡ
1726 3680 1869 3751 νομὴ

269 3774 425 3825 πᾶσα
460 3773 567 3824 οὐκ
599 3771 744 3840 ἔγνω
778 3769 875 3824 καὶ
929 3768 1454 3841 διεσκορπίσθησαν,
1511 3770 1630 3823 ἀλλ’
1667 3772 1696 3824 ὁ
1729 3772 1871 3842 μετὰ

266 3866 501 3929 τούτους
531 3862 703 3917 ἐλθὼν
728 3862 1157 3933 ὲπιστημονικὸς
1182 3862 1277 3915 καὶ
1303 3862 1533 3933 ἔμφρων
1567 3863 1778 3935 ποιμὴν
1807 3864 1869 3917 τὸ

266 3957 703 4031 διασκορπισθὲν
731 3956 1141 4030 ὲπισυναγάγῃ,
1177 3957 1274 4009 καὶ
1305 3954 1674 4025 ἁναγνωρίσει
1730 3956 1867 4011 πᾶσι

267 4056 368 4125 τὴν
424 4053 768 4123 ἀντίστοιχον
817 4051 917 4123 τῆς
965 4051 1269 4121 θανασίμου
1330 4053 1470 4115 πόας
1523 4050 1740 4124 νομὴν,
1773 4051 1868 4106 καὶ

265 4148 550 4221 εἰσαγάγῃ
576 4147 637 4201 τὸ
688 4143 967 4215 ποίμνιον,
998 4146 1093 4199 καὶ
1129 4145 1401 4215 ἐνοικήσει
1434 4146 1498 4215 τῇ
1530 4145 1866 4217 ψυχοτρόφῳ

218 4226 225 4231 .
268 4243 492 4316 μάνδρᾳ
523 4244 590 4312 τῇ
623 4240 870 4309 ἁϐλαὸεῖ,
906 4240 1002 4293 καὶ
1029 4240 1296 4310 εὐφρανεί
1329 4238 1421 4293 τὸν
1448 4238 1861 4308 οἰκοδεσπότην,

265 4339 350 4391 ὅτι
379 4340 447 4391 τὸ
478 4336 747 4389 τάλαντον
784 4336 864 4399 εἰς
894 4334 1135 4389 ἐπίδοσιν
1186 4330 1339 4406 ἦλθε,
1374 4334 1473 4386 καὶ
1523 4335 1579 4388 at!
1608 4334 1863 4407 οὐράνιαι

264 4431 531 4501 δυνάμεις
564 4430 658 4483 ἐπὶ
684 4433 752 4501 τῇ
777 4428 877 4499 τῆς
905 4428 1162 4500 δραχμῆς
1190 4427 1405 4498 εὑρέσει
1436 4427 1860 4497 ἡγαλλιὰσαντο.

1972 3318 2254 3383 distrahit,
2277 3326 2334 3371 et
2353 3317 2581 3371 unitatis
2599 3316 2781 3371 vincla
2807 3315 3293 3383 dissolvit,?utpote
3319 3314 3559 3368 alienum

1971 3420 2024 3467 et
2060 3411 2353 3465 adversum
2386 3410 2631 3464 universi
2669 3408 2916 3480 corporis
2951 3407 3234 3477 compagi,
3264 3414 3557 3477 purgatutn

1971 3502 2207 3573 denique
2235 3518 2267 3557 e
2305 3502 2487 3557 medio
2516 3500 2766 3555 tollatur.
2809 3499 2925 3553 Etsi
2958 3499 3105 3553 enim
3148 3496 3416 3568 prazteriti
3450 3496 3561 3552 Ar-

1971 3596 2280 3649 meniorum
2315 3602 2567 3665 pastores
2599 3590 2967 3654 insanierunt,
3006 3600 3064 3644 ut
3104 3592 3183 3643 ait
3216 3587 3485 3660 propheta
3510 3589 3555 3653 ⁸,

1970 3696 2320 3757 cunctosque
2349 3701 2481 3757 grex
2532 3684 2776 3754 desipuit
2824 3692 2879 3736 et
2926 3682 3212 3752 dispersus
3254 3688 3373 3749 est;
3413 3689 3558 3736 atta-

1969 3798 2097 3837 men
2132 3783 2225 3852 qui
2263 3781 2346 3836 eis
2374 3780 2651 3837 successit
2688 3777 2952 3834 cordatus
2997 3775 3335 3846 sapiensque
3372 3781 3560 3844 pastor

1969 3876 2221 3945 palantes
2261 3872 2655 3944 congregabit.
2694 3878 2749 3926 et
2792 3870 2971 3926 aliena
3020 3870 3326 3924 mortiferis
3371 3868 3556 3924 herbis

1969 3983 2173 4041 pascua
2209 3967 2428 4021 cunctis
2457 3963 2885 4030 demonstrabit,
2934 3962 3279 4034 minabitquo
3310 3978 3555 4033 gregem,

1967 4068 2023 4115 et
2077 4058 2315 4130 spiritali
2371 4058 2505 4114 ovili
2559 4071 2986 4129 quaquaversus
3037 4063 3156 4110 tuto
3212 4055 3558 4124 concludet,

1961 4152 2405 4225 jucundahitque
2452 4149 2933 4222 patremfamilias,
2979 4148 3109 4218 quia
3144 4148 3552 4203 commodatum

1967 4246 2233 4299 talentum
2267 4258 2491 4299 usuram
2542 4243 2777 4314 peperit,
2814 4252 2870 4297 et
2903 4242 3160 4297 cwlestes
3210 4240 3438 4311 spiritus
3483 4240 3554 4295 de

1966 4338 2231 4393 drachma
2264 4338 2485 4391 inventa
2514 4336 2868 4391 la'tabuntur.
2910 4334 3053 4389 Sane
3092 4342 3322 4387 cunctas
3362 4331 3554 4386 Eccle-

1966 4432 2080 4488 sias
2121 4433 2277 4502 puris
2319 4432 2568 4487 fontibus
2622 4428 2903 4492 inundari,
2944 4428 3115 4482 sitivit
3164 4437 3221 4481 et
3274 4424 3391 4480 sitit
3434 4440 3551 4478 ma-

267 4524 372 4579 Τὸν
403 4524 507 4594 τῆς
540 4525 768 4594 εἰρήνης
826 4521 1099 4574 ἀθόλωτον
1137 4521 1385 4589 ποταμὸν
1417 4519 1714 4573 ὲπικλῦσαι
1749 4522 1858 4575 πά-

1976 4524 2133 4593 iestas
2185 4538 2337 4589 mea;
2388 4537 2594 4593 easque
2632 4536 2743 4577 uno
2788 4530 3020 4576 cunctas
3068 4518 3302 4586 Spiritali
3336 4516 3553 4572 vinculo

267 4635 369 4682 σας
394 4619 499 4681 τὰς
549 4615 902 4685 Ἐκκλησίας,
939 4613 1165 4687 ἐδίψησε
1219 4615 1313 4667 καὶ
1362 4612 1496 4685 διψᾷ
1541 4616 1575 4685 η
1609 4613 1860 4684 βασιλεία

262 4714 296 4782 η
306 4712 428 4781 μῶν
450 4726 465 4740 ·
493 4710 591 4762 καὶ
618 4708 700 4773 είς
720 4706 818 4762 ἕνα
843 4706 1141 4778 σύνδεσμον
1170 4709 1378 4769 πάντας
1411 4706 1667 4775 γενέσθαι
1693 4724 1859 4760 πνευ-

268 4805 527 4878 ματικὸν,
590 4802 864 4875 ἐπιθυμίᾳ
913 4803 1226 4875 θερμοτὰτῃ
1283 4802 1377 4856 καὶ
1412 4802 1731 4871 ἐπεθύμησε
1763 4803 1859 4856 καί⁵

267 4901 553 4970 ἐπιθυμεῖ,
607 4898 702 4953 καὶ
732 4898 918 4969 χαίρει
947 4898 1041 4949 ἐπὶ
1080 4895 1294 4959 τούτοις
1328 4895 1405 4957 ὡς
1458 4897 1561 4949 οὐκ
1597 4896 1683 4949 ἐπ’
1714 4894 1861 4965 ἄλλῳ

265 4998 373 5049 τινί
397 5012 414 5027 ο
447 4996 544 5048 καὶ
565 4992 862 5059 ἐνέσταξας
892 4992 1056 5061 γάνος
1091 4989 1365 5061 θυμηδίας
1405 4989 1649 5062 ἀρρήτου
1686 4990 1852 5061 αὐτῇ,

265 5091 347 5143 ὃτι
372 5090 609 5161 εὑρέθης
638 5087 736 5141 καὶ
760 5085 926 5148 αὐτὸς
950 5088 1029 5149 εἰς
1063 5084 1226 5138 τοῦτο
1267 5085 1579 5157 συντρέχων
1612 5085 1707 5138 καὶ
1734 5085 1854 5136 ὲπιο

268 5184 518 5237 σπεύδων
549 5184 609 5236 τὸ
626 5182 723 5251 τῆς
747 5178 1220 5250 ὲκκλησιαστικῆς
1248 5177 1502 5248 ὁμονοίας
1530 5176 1715 5231 καλόν.
1741 5178 1852 5231 Καὶ

265 5279 509 5348 χαιρέτω
544 5278 578 5344 ἡ
639 5273 735 5328 τοῦ
780 5272 917 5327 Θεοῦ
971 5272 1296 5343 Ἐκκλησία,
1352 5270 1448 5325 καὶ
1476 5270 1560 5340 ἐφ’
1584 5271 1718 5340 ἡμῖν
1760 5270 1856 5325 καὶ

265 5369 435 5439 ταύτῃ
480 5370 512 5422 ὁ
537 5367 646 5421 τῶν
677 5365 838 5421 θείων
865 5364 1185 5420 ἀποστόλων
1235 5362 1420 5435 χορὸς,
1449 5365 1477 5416 ὁ
1512 5362 1624 5416 τῶν
1680 5362 1855 5431 ἁγίων

268 5456 537 5534 Πατέρων
566 5460 755 5533 ἐσμὸς,
781 5461 815 5531 ἡ
848 5459 956 5513 τῶν
992 5457 1204 5510 πιστῶν
1234 5456 1559 5527 κληρουχία,
1587 5455 1687 5509 καὶ
1719 5456 1858 5510 πάν-

271 5573 361 5619 τες
404 5559 453 5609 οἱ
507 5558 785 5626 οίκονόμοι
815 5555 915 5625 τῆς
952 5554 1199 5624 χάριτος.
1233 5549 1515 5622 Θρηνείτω
1545 5550 1575 5602 ὀ
1604 5549 1855 5623 Εὐτυχὴς

270 5651 365 5706 καὶ
401 5652 714 5721 Διόσκορος,
782 5648 1070 5721 οίμωζέτω
1118 5644 1438 5715 Νεστόριος,
1493 5642 1854 5698 καταδυέσθω

341 5818 363 5843 ⁸
394 5811 554 5868 Prov.
581 5824 740 5876 XVIII,
767 5808 859 5865 2|.
958 5806 979 5838 '
1020 5808 1132 5864 lsa.
1177 5820 1325 5871 xxiv,
1373 5803 1429 5860 6.

1961 4616 2307 4685 constringi,
2359 4613 2748 4669 ardentissima
2806 4622 3025 4679 semper
3085 4606 3397 4678 cupiditate
3456 4619 3552 4659 ex-

1961 4707 2172 4778 optavit
2201 4714 2257 4762 et
2288 4713 2471 4776 optat;
2515 4718 2581 4759 ex
2613 4717 2790 4771 eaque
2824 4715 2883 4755 re
2910 4697 3168 4770 gaudium
3206 4697 3549 4767 qttam‘qund

1966 4800 2265 4856 maximum
2318 4798 2467 4867 capit
2514 4812 2530 4849 ι
2586 4807 2735 4849 nunc
2789 4807 2919 4848 vero
2978 4788 3309 4845 ineliabiletn
3368 4789 3552 4842 haurit

1966 4893 2152 4947 animo
2190 4890 2566 4958 voluptatem,
2604 4901 2730 4942 cum
2763 4893 2818 4939 te
2847 4899 3069 4955 quoque
3113 4885 3168 4937 in
3224 4883 3276 4938 id
3330 4887 3551 4951 conspi-

1966 4994 2218 5050 rantem,
2279 4983 2799 5050 incumbentemque
2845 4979 2913 5033 ad
2969 4978 3361 5033 ecclesiastica:
3412 4992 3548 5032 con-

1963 5075 2169 5135 cordice
2226 5076 2428 5131 bonum
2478 5074 2648 5128 videt.
2703 5072 2937 5143 Jamque
2984 5071 3126 5126 adeo
3186 5069 3401 5124 laetetur
3456 5067 3548 5122 itci

1966 5168 2239 5231 Ecclesia,
2281 5167 2567 5235 nostrique
2599 5175 2652 5219 et
2685 5164 2861 5235 ipsius
2908 5161 3166 5218 Ecclesia:
3198 5175 3365 5216 causa
3392 5160 3550 5214 divo-

1966 5279 2088 5319 rum
2121 5261 2357 5333 gaudeat
2388 5258 2764 5329 apostolorum
2803 5260 3034 5323 cltorus,
3067 5255 3291 5309 Patrum
3324 5262 3550 5308 sancto-

1962 5373 2084 5412 rum
2120 5368 2316 5419 costus,
2353 5353 2593 5407 ﬁdelium
2629 5352 2942 5413 bmreditas,
2996 5348 3296 5415 cunetique
3344 5346 3545 5399 divina!

1964 5449 2153 5521 gratia:
2184 5446 2617 5501 ministratores.
2648 5443 2898 5513 Lugeant
2933 5438 3209 5511 Eutychos
3240 5444 3295 5491 et
3321 5434 3549 5490 Diosco-

1962 5559 2099 5609 rus;
2150 5542 2327 5612 ploret
2370 5538 2696 5602 Nestorius;
2744 5536 2953 5607 pudore
2982 5534 3253 5589 adiciatur
3281 5530 3543 5593 Severus,

1962 5641 2125 5710 eique
2181 5636 2534 5695 consentiens
2587 5632 2951 5700 Timotheus;
3012 5631 3228 5688 valeant
3277 5634 3545 5699 quotquot
