4008 6170
345 288 461 354 229

1679 290 2145 354 DISPUTATIO
2187 291 2270 354 II.

3515 303 3624 372 230

344 411 480 480 κῆς’
506 411 604 462 καὶ
657 410 936 481 πατρικῆς
987 407 1342 472 διδασκαλίας
1381 407 1582 477 φωτός.
1641 409 1738 460 Διὰ
1782 405 1837 460 τί
1876 405 1919 458 Gl

2041 422 2215 475 neque
2245 404 2545 476 quidquam
2575 418 2856 474 eructare,
2891 411 3034 480 quod
3075 412 3414 482 splendidam
3459 427 3624 491 atque

340 504 486 565 ὅλως
541 503 778 565 ἑαυτοὺς
833 503 926 555 τὸν
979 506 1165 574 τοῖχον
1219 502 1468 573 ἀλείφειν
1515 498 1936 570 ἑκϐιαζόμεθα;

353 595 701 664 ’Βξαλείφω
729 596 860 665 γὰρ,
893 600 1051 665 φησὶ,
1086 595 1196 648 τὸν
1241 595 1448 664 τοῖχον
1481 597 1580 648 καί
1631 596 1737 648 τὸν
1778 595 1941 648 ἀλεί-

339 700 542 758 φοντᾱ
569 689 767 743 αὐτόν
791 705 806 717 ·
855 690 1109 742 τουτέστι
1145 690 1209 742 τὸ
1247 687 1442 758 ψεῦδος
1495 689 1590 742 καὶ
1636 688 1728 740 τὸν
1777 685 1940 740 τοῦτο

340 785 647 854 προσάγειν
726 786 820 837 καὶ
901 783 1318 852 συγκαλύπτειν
1391 783 1669 838 ἐθέλοντα.
1715 784 1935 850 Ἀπαγε

341 876 527 944 λέγειν
561 877 732 942 οὕτω,
779 879 828 929 εί
862 877 1065 945 φαῦλον
1111 876 1171 929 τὸ
1221 877 1404 945 λέγειν
1454 877 1587 949 μίαν
1639 872 1800 946 φύσιν
1845 874 1937 928 ἐπὶ

339 968 585 1038 Χριστοῦ
625 987 638 1001 ·
677 968 829 1032 ἅπαξ
876 969 1212 1040 ἀποϐληοὲν,
1259 971 1507 1040 ἐῤῥίφθω
1560 971 1616 1032 ἐς
1663 969 1933 1039 κόρακας,

343 1059 729 1130 summaeque
781 1059 859 1129 τῷ
917 1062 1091 1132 λήθης
1149 1062 1331 1132 βυθῷ,
1383 1062 1510 1133 μηδ’
1569 1064 1696 1132 ἄχρι
1748 1059 1936 1130 φωνῆς

341 1155 424 1214 εἰς
487 1153 634 1222 ἀέρα
716 1153 898 1226 μάτην
972 1155 1245 1226 λυομένης
1332 1155 1740 1226 παρενοχλείτω
1815 1159 1935 1219 ταῖς

345 1247 560 1308 ἀκοαῖς.

415 1515 583 1585 Τρεῖς
620 1519 677 1570 al
713 1519 977 1576 ἀνωτάτω
1007 1521 1156 1588 δόξαι
1192 1524 1322 1593 περὶ
1376 1527 1477 1596 τῆς
1528 1526 1777 1591 ἑνὼσεως
1823 1530 1932 1582 τῶν

336 1609 399 1661 ὲν
431 1608 658 1680 Χριστῶ
716 1611 937 1678 φύσεων
965 1615 1407 1687 κατεϐλήθησαν,
1443 1618 1774 1691 διαιρετικὴ.
1803 1640 1934 1691 συγ-

337 1703 570 1774 χυτικὴ,
592 1707 689 1759 καὶ
723 1707 755 1775 ὴ
781 1707 985 1778 κυρίως
1023 1708 1261 1778 ἑνωτικὴ
1291 1711 1563 1784 λεγομένη
1590 1728 1606 1744 ο
1633 1715 1689 1767 ai
1717 1717 1812 1782 μὲν
1836 1716 1929 1769 οῦν

336 1794 442 1862 δύο,
461 1797 653 1850 παισὶν
683 1798 984 1870 αίμτικῶν
1014 1802 1356 1873 ἑπαίχθησαν
1389 1805 1484 1860 καὶ
1515 1807 1922 1872 παιζέσθωσαν.

339 1887 452 1940 Καὶ
481 1887 583 1959 τὴν
613 1890 716 1958 μὲν
746 1889 972 1963 πρώτην
1024 1895 1302 1962 μαιευὲτω
1351 1898 1648 1969 Νεστόριος
1679 1902 1705 1953 ὁ
1746 1903 1925 1972 παρά-

337 1991 529 2045 φορος,
555 1980 649 2031 καὶ
673 1979 774 2050 τὴν
797 1981 1011 2034 οίκείαν
1041 1981 1206 2036 ὠδῖνα
1239 1986 1553 2053 περιεπέτω
1575 2028 1588 2052 ,
1628 1990 1724 2041 καὶ
1759 2007 1927 2044 κατα-

335 2071 572 2126 σπάσοω
620 2075 702 2135 είς
750 2073 880 2144 ᾅδου
914 2073 1216 2148 βάραθρον,
1258 2081 1351 2132 καὶ
1386 2081 1805 2148 συγκαθιζέσθω
1847 2084 1925 2156 τῷ

333 2165 509 2233 πατρὶ
533 2164 630 2218 τοῦ
652 2164 882 2235 ψεύδους
912 2169 1088 2225 Σατάν
1122 2186 1138 2203 ⁸
1181 2172 1282 2242 τὴν
1312 2171 1368 2225 δὲ
1424 2173 1687 2244 δευτέραν
1729 2177 1927 2245 ἐχέτω-

336 2270 440 2307 σαν
483 2257 822 2327 συγχέουσαν
874 2259 1055 2315 αὐτῶν
1098 2262 1160 2314 τὸ
1187 2264 1491 2332 λογιστικὸν
1546 2265 1641 2321 καὶ
1696 2270 1921 2338 σκότους

333 2348 660 2417 πληροῦσαν
697 2351 948 2423 Εὑτυχὴς
982 2355 1078 2407 καὶ
1126 2355 1420 2426 Διόσκορος
1463 2360 1512 2412 οξ
1568 2363 1922 2433 παράφρονες

337 2444 434 2497 καὶ
463 2445 496 2514 ἡ
532 2448 661 2516 περὶ
689 2447 891 2512 αὐτοὺς
912 2450 1454 2526 κακοδαιμονεστάτη
1483 2459 1778 2530 ὁμήγυρις,
1797 2461 1855 2514 ἐν
1870 2480 1920 2517 τι

329 2539 576 2607 πρᾶγμα
607 2538 765 2611 νόθον
788 2541 1175 2616 φανταζομένη
1210 2547 1305 2601 καὶ
1336 2549 1780 2618 ἀναπλάττουσα,
1825 2557 1921 2608 καὶ

336 2627 397 2681 ἂν
446 2630 790 2705 ούδοποτέρφ
843 2635 953 2687 τῶν
1005 2638 1294 2706 ὲνωμένων
1361 2641 1619 2713 καθαρῶς
1668 2645 1730 2699 τὸ
1787 2647 1920 2701 ίδιον

334 2725 702 2790 ἀποσώζουσα
732 2741 760 2810 '_
781 2728 849 2792 ἃς
886 2732 1029 2784 καὶὸ
1072 2732 1180 2787 τῶν
1232 2735 1392 2789 Θείων
1451 2738 1711 2810 Πατέρων
1750 2742 1920 2796 κατά·-

333 2821 498 2889 λογος
529 2823 712 2890 καλῶς
738 2801 916 2880 tuor.th
943 2826 1238 2881 ἀποϐαλὼν
1273 2832 1473 2894 ίκανῶς
1511 2801 1916 2906 ἔστηλίτευσεν.

346 2914 412 2968 Ἥ
448 2915 504 2969 δὲ
539 2916 698 2989 τρίτη
734 2919 1046 2990 ἀσύγχυτός
1093 2938 1149 2974 τε
1203 2923 1299 2974 καὶ
1334 2923 1638 2994 ἀδιαίρετος
1666 2927 1774 2980 τῶν
1825 2929 1918 2981 δύο

331 3003 557 3071 φύσεων
608 3007 825 3073 ἔνωσις,
876 3007 985 3064 οἶδε
1023 3012 1124 3082 μλν
1175 3013 1240 3067 τὰ
1288 3014 1561 3069 ὲνωθέντα
1614 3018 1918 3085 ἀνελλιπῶς

2043 499 2390 568 perspicuam
2423 500 2792 569 apostolorum
2817 501 3146 574 Petrumque
3163 509 3424 565 doctrinae
3446 510 3622 568 lucem

2041 592 2316 644 obscuret.
2367 592 2478 645 Cur
2532 608 2725 647 manus
2765 605 2981 648 nostras
3013 596 3082 650 ad
3109 597 3474 655 dealbandum
3523 618 3624 672 pa-

2041 682 2230 738 rietem
2289 700 2425 753 pene
2477 685 2680 739 invitas
2730 685 3096 756 impellimus?
3145 689 3280 743 Cum
3336 691 3623 762 Scriptura

2039 777 2183 830 dicat
2210 795 2222 831 :
2254 775 2364 846 Ego
2394 793 2600 831 murum
2627 795 2743 831 cum
2767 795 2826 832 eo
2846 780 2934 848 qui
2967 781 3104 835 hunc
3127 782 3337 836 dealbat
3366 785 3544 840 delebo
3566 789 3618 854 ‘;

2040 870 2382 925 mendacium
2437 871 2688 933 scilicet,
2743 888 2864 924 cum
2949 888 3014 926 eo
3067 874 3160 942 qui
3216 875 3268 928 id
3329 878 3622 934 obtrudere

2039 964 2270 1018 latenter
2321 964 2534 1019 nititur.
2584 963 2788 1021 Omitte
2839 965 3027 1035 igitur,
3079 968 3518 1036 quandoquidem
3566 973 3620 1027 id

2039 1055 2232 1111 [dsunt
2271 1067 2374 1122 est,
2419 1073 2576 1111 unam
2610 1057 2814 1111 Clu-isti
2865 1068 3113 1119 naturam
3152 1061 3353 1116 dicere.
3394 1065 3618 1132 thuo-

2040 1150 2185 1202 niam
2223 1149 2274 1202 id
2311 1149 2476 1202 semel
2512 1150 2790 1217 explosum
2830 1159 2935 1216 est,
2980 1153 3140 1206 abeat
3167 1169 3299 1208 sane
3333 1155 3383 1207 in
3417 1159 3618 1210 malum

2040 1259 2172 1301 rem.
2200 1242 2491 1297 oblivionis
2521 1242 2684 1299 tinctu
2713 1254 2988 1313 mergatur
3013 1261 3028 1300 :
3059 1247 3290 1317 denique
3316 1250 3366 1303 id
3395 1265 3458 1303 ne
3482 1266 3617 1306 vare

2036 1336 2255 1404 quidem
2288 1346 2472 1402 tenus,
2530 1353 2651 1406 quae
2706 1337 2760 1391 in
2816 1353 2997 1393 aerem
3050 1339 3258 1396 frustra
3308 1348 3615 1414 evanescit,

2035 1442 2195 1482 aures
2244 1426 2504 1483 oﬂ‘etidat.

2108 1518 2244 1572 Tres
2272 1521 2400 1573 olim
2430 1522 2495 1576 de
2544 1531 2865 1577 naturarum
2907 1525 2957 1578 in
2998 1524 3218 1582 Christo
3257 1529 3458 1586 unione
3486 1549 3618 1590 sen-

2037 1613 2217 1666 tenlite
2252 1613 2408 1666 dictae
2441 1625 2591 1677 sunt,
2627 1615 2911 1673 divisionis
2947 1619 3217 1686 videlicet,
3256 1625 3616 1695 confusionis,

2034 1713 2088 1757 et
2115 1703 2231 1773 ejus
2259 1720 2378 1774 qua:
2402 1707 2640 1761 maxime
2668 1710 2872 1763 unitiva
2905 1711 3046 1764 dicta
3061 1724 3165 1767 "est
3195 1733 3206 1767 :
3237 1731 3465 1784 quarunt
3494 1721 3615 1776 dua

2032 1796 2239 1864 priores
2298 1797 2569 1852 haereticis
2621 1799 2906 1854 illuseruut
2955 1813 3008 1854 et
3045 1819 3177 1858 sane
3213 1806 3456 1862 illudant.
3496 1809 3617 1864 Pri-

2031 1905 2172 1941 mam
2208 1889 2433 1944 insanus
2472 1892 2539 1946 de
2585 1907 2684 1947 suo
2722 1897 2948 1950 cerebro
2988 1895 3269 1956 Nestor-ius
3319 1901 3474 1970 fudit,
3516 1909 3610 1976 qui

2029 1981 2217 2050 utique
2267 1993 2482 2052 partum
2519 2000 2675 2040 suum
2723 1988 2924 2056 foveat,
2982 1992 3050 2046 ab
3087 2006 3258 2063 eoque
3308 1996 3361 2050 in
3410 1999 3608 2058 inferni

2027 2074 2346 2130 barathrum
2379 2079 2753 2146 pertrahatur,
2806 2081 2988 2152 ibique
3027 2099 3148 2142 cum
3197 2090 3467 2146 mendacii
3515 2107 3613 2163 pa-

2028 2177 2181 2221 rente
2231 2169 2447 2225 diabolo
2497 2173 2703 2228 sedeat.
2745 2170 3056 2230 Secundam
3111 2179 3348 2237 habeant
3399 2185 3500 2238 sibi
3542 2187 3608 2241 ad

2029 2260 2226 2313 mentis
2261 2266 2495 2329 propria:
2536 2263 2914 2319 eotifnsiouem
2962 2267 3371 2339 cmeitatemque
3421 2289 3610 2330 vecor-

2027 2351 2126 2405 des
2154 2351 2429 2424 Eutychos
2451 2365 2614 2426 atque
2639 2357 2931 2413 Dioscorus
2957 2373 3080 2413 cum
3110 2377 3204 2416 sua
3237 2364 3607 2423 infelicissima

2027 2455 2218 2513 secta,
2268 2449 2360 2517 qui
2417 2451 2662 2519 spurium
2712 2452 2902 2521 dagma
2959 2455 3064 2510 sibi
3109 2456 3492 2516 conﬁnxerunt
3543 2477 3611 2517 ac

2034 2543 2428 2608 procuderunt,
2474 2545 2681 2615 quique
2727 2547 2905 2601 neutri
2967 2557 3284 2604 naturarum
3329 2553 3606 2608 unitarum

2027 2635 2167 2701 parti
2229 2638 2618 2706 proprietatem
2675 2655 2828 2694 suam
2893 2653 3245 2699 conservant.
3309 2646 3609 2717 Utramque

2020 2723 2229 2793 jamdiu
2276 2731 2603 2785 sententiam
2634 2735 2870 2803 synodus
2893 2746 3207 2791 sanctorum
3239 2738 3458 2792 Patrum
3485 2755 3611 2808 pro—

2026 2820 2247 2888 scripsit
2303 2831 2474 2893 atque
2523 2817 2828 2879 infamavit.
2874 2826 3058 2881 Tertia
3096 2844 3213 2897 qua:
3262 2831 3601 2887 inconfusam

2027 2910 2427 2984 indivisatnque
2457 2916 2690 2971 duarum
2727 2929 3041 2972 naturarum
3091 2922 3341 2978 nuiouetu
3371 2925 3604 2992 asserit,

2025 3003 2438 3072 coniunctorum
2497 3009 2686 3080 utique
2737 3012 3113 3080 sttbjectorom
3165 3015 3420 3072 immotas
3480 3033 3608 3088 pro-

333 3095 529 3165 ἔχοντα
563 3101 710 3154 κατά
757 3101 856 3174 τὴν
899 3103 1083 3156 αὐτῶν
1134 3107 1400 3177 ἰδιότητα,
1433 3110 1520 3164 διὰ
1551 3111 1612 3164 τὸ
1647 3113 1916 3184 ἄτρεπτον

2027 3101 2286 3170 prietatcs
2301 3114 2622 3169 conservat,
2655 3117 2878 3175 propter
2913 3123 3104 3164 eorum
3136 3108 3601 3170 inconvertibiletn

332 3192 432 3243 καὶ
457 3192 821 3249 ἀναλλοίωτον
841 3211 858 3227 ο
900 3199 1095 3262 κοινῶς
1127 3201 1184 3253 δὲ
1215 3201 1388 3255 ταῦτα
1418 3204 1536 3268 ἐνὸς
1572 3201 1713 3259 εἶναι
1744 3209 1909 3274 ποιεί,

329 3283 398 3336 δι’
435 3285 612 3356 αὐτὴν
652 3287 709 3341 δὲ
749 3290 849 3361 τὴν
887 3290 1182 3363 ούσιότητα
1230 3293 1429 3348 ἕνωσιν
1481 3313 1495 3327 ·
1530 3297 1605 3362 ὡς
1655 3295 1796 3353 εἶναι
1847 3301 1915 3355 τὰ

330 3377 438 3461 μὲν
466 3383 674 3450 κυρίως
699 3383 810 3436 ῐδια
842 3383 1096 3456 θατέρου,
1136 3390 1291 3441 κοινὰ
1330 3389 1425 3442 τοῦ
1453 3390 1598 3444 ὅλου*
1629 3393 1698 3446 τὰ
1731 3394 1788 3447 δὲ
1821 3393 1914 3449 τοῦ

328 3474 453 3527 ὅλου
472 3477 650 3539 κοινὰ,
673 3475 903 3548 Θατὲρου
923 3481 1050 3546 ίδια,
1081 3481 1166 3535 διὰ
1186 3483 1283 3555 τὴν
1302 3485 1358 3535 ὲν
1376 3483 1589 3557 Θατὲρῳ
1611 3487 1916 3558 ἀσύγχυτον

332 3567 602 3638 ἰδιότητα.
675 3571 734 3624 '0
785 3573 888 3641 μὲν
934 3569 1026 3627 οὖν
1065 3576 1167 3645 τῆς
1213 3577 1476 3648 ἀληθείας
1519 3579 1678 3649 λόγος
1719 3581 1782 3634 τὸ
1814 3582 1916 3652 μὲν

327 3663 534 3716 ταύτὸν
562 3665 706 3718 κατά
732 3667 832 3737 τὴν
864 3667 1164 3722 ὑπόστασιν
1187 3667 1316 3736 οἶδε,
1360 3672 1504 3727 κατὰ
1534 3673 1592 3726 δὲ
1617 3675 1717 3747 τὴν
1750 3675 1917 3744 φύσιν

328 3757 394 3810 τὸ
431 3757 642 3829 ἕτερον.
687 3757 853 3814 Ἀλλά
882 3765 994 3826 τοῖς
1017 3763 1122 3819 ,ἐπὶ
1153 3765 1392 3837 Χριστοῦ
1425 3767 1557 3836 μίαν
1580 3768 1744 3839 φύσιν
1776 3770 1915 3839 μετὰ

328 3850 434 3921 τὴν
461 3853 659 3907 ἕνωσιν
687 3854 960 3923 λέγουσιν,
995 3859 1022 3910 ὀ
1045 3859 1248 3929 τρόπος
1281 3861 1544 3929 συνῆκται
1571 3862 1670 3931 τῆς
1718 3860 1916 3934 ἁναχύσι

330 3963 496 4011 σεως,
540 3948 636 4000 καὶ
666 3947 774 4001 τῶν
802 3949 1020 4018 φύσεων
1048 3954 1108 4006 ού
1137 3953 1504 4023 περισώζεται
1543 3956 1603 4007 τὸ
1631 3955 1911 4027 διάφορον,

327 4041 438 4093 κᾶν
460 4040 617 4094 αὐτοὶ
645 4044 720 4109 μὴ
751 4043 912 4096 τοῦτο
936 4045 1215 4101 ἐθέλωσιν.
1248 4046 1412 4101 Ὅθεν
1435 4049 1528 4100 ἐπὶ
1552 4048 1646 4100 τοῦ
1673 4049 1912 4120 Χριστοῦ

323 4132 424 4185 τοῦ
463 4133 602 4188 Θεοῦ
651 4136 906 4206 Σωτῆρος
954 4139 1112 4209 ἡμῶν
1165 4139 1296 4208 μίαν
1346 4141 1511 4207 φύσιν
1544 4141 1724 4211 λέγειν
1771 4143 1912 4212 μετά

322 4226 428 4295 τὴν
447 4225 669 4293 ἕνωσιν,
711 4228 981 4300 σφαλερόν
1015 4247 1072 4282 τε
1109 4232 1203 4285 καὶ
1240 4232 1606 4289 ἐπικίνδυνον.

399 4413 513 4467 Καὶ
543 4412 758 4484 ψευδῶς
785 4415 882 4467 καὶ
920 4414 1153 4483 ἀμαθῶς
1204 4415 1252 4468 οί
1299 4414 1456 4469 τοῦτο
1501 4413 1911 4486 φληναφοῦντες

2019 3193 2518 3267 invariabilemque
2553 3199 2823 3252 rationem
2859 3217 2872 3252 :
2916 3214 3103 3254 verum
3157 3201 3414 3255 idiomata
3453 3217 3603 3257 com-

2019 3291 2202 3340 tnonta
2259 3289 2348 3343 uni
2395 3289 2555 3352 facit,
2609 3300 2664 3345 et
2713 3292 2766 3345 in
2811 3292 3116 3345 substantia
3168 3292 3286 3363 ipsa
3343 3296 3599 3350 unionem

2019 3379 2264 3446 agnoscit
2293 3394 2307 3432 :
2344 3378 2417 3433 ita
2453 3391 2513 3433 ut
2540 3394 2664 3448 qua:
2697 3391 2825 3435 sunt
2862 3383 3083 3452 propria
3115 3383 3451 3467 alter-utrius,
3472 3399 3601 3442 vere

2017 3470 2116 3524 toti
2156 3472 2286 3524 liant
2322 3473 2671 3540 communia;
2708 3483 2913 3543 etquae
2949 3476 3046 3530 toti
3095 3481 3400 3532 communia
3447 3488 3596 3544 sunt,

2017 3577 2078 3618 ea
2114 3564 2333 3634 propria
2367 3565 2603 3621 evadant
2643 3567 3000 3636 alterutrius;
3057 3580 3280 3640 prepter
3315 3575 3599 3642 utriusque

2018 3655 2368 3712 inconfusam
2415 3661 2828 3730 proprietatem.
2881 3660 3057 3716 Verax
3108 3663 3275 3732 igitur
3330 3666 3596 3731 doctrina,

2016 3751 2157 3819 quod
2186 3767 2354 3805 unum
2387 3762 2491 3816 est,
2529 3765 2777 3820 personat
2809 3753 3038 3822 tribuit;
3070 3758 3214 3825 quod
3248 3757 3407 3811 dualo
3431 3798 3448 3823 ,
3497 3773 3600 3812 na-

2018 3854 2171 3899 torte.
2205 3847 2274 3900 At
2310 3861 2440 3902 vero
2471 3846 2602 3913 illis,
2633 3846 2726 3917 qui
2763 3862 2924 3902 unam
2957 3847 3161 3903 Christi
3199 3861 3448 3906 naturam
3477 3861 3598 3921 post

2019 3937 2279 3992 unionem
2323 3938 2530 4006 dicunt,
2583 3938 2923 3996 confusionis
2971 3942 3188 4011 quidem
3232 3944 3374 4000 ratio
3422 3946 3596 4000 conﬂ-

2017 4035 2181 4097 citur,
2216 4041 2538 4086 naturarum
2571 4041 2752 4086 autem
2786 4032 3117 4114 diderentia,
3156 4035 3369 4091 etiamsi
3415 4038 3464 4091 id
3495 4039 3598 4093 mi-

2018 4128 2162 4183 nime
2190 4127 2382 4190 velint,
2411 4127 2573 4195 perit.
2617 4127 2806 4195 Itaque
2845 4126 3047 4182 Christi
3075 4128 3167 4183 Dei
3198 4145 3262 4182 ac
3287 4128 3595 4187 Servatoris

2015 4220 2188 4275 nostri
2229 4233 2390 4273 unam
2425 4231 2673 4274 naturam
2709 4229 2828 4290 post
2877 4219 3133 4276 unionem
3169 4221 3376 4288 dicere,
3427 4223 3594 4280 lubri-

2013 4327 2135 4368 cum
2168 4313 2646 4383 periculosumque
2675 4325 2778 4368 est.

2083 4406 2256 4461 Porro
2307 4406 2561 4476 imperite
2599 4409 2880 4476 falsoque,
2934 4405 2986 4459 bi
3029 4405 3122 4475 qui
3175 4409 3246 4460 ita
3300 4419 3588 4476 nugantur,

325 4504 710 4574 προσφέρουσι
751 4503 844 4557 τὸν
879 4503 1168 4572 ἄνθρωπον
1203 4506 1282 4567 είς
1313 4505 1692 4576 παράδειγμα.
1725 4503 1785 4558 ’0
1811 4506 1909 4574 μὲν

2027 4497 2330 4567 exemplum
2368 4497 2437 4550 ab
2480 4495 2701 4551 homine
2741 4504 3017 4564 sumptum
3061 4506 3346 4564 oggerunt.
3388 4496 3594 4552 Huma-

325 4603 437 4672 γὰρ
496 4600 790 4671 ἄνθρωπος
845 4595 1104 4660 σύνθετος
1157 4599 1256 4667 μία
1309 4599 1472 4666 φύσις
1524 4598 1908 4664 ἀποτελεῖται,

324 4686 523 4757 ἐπειδὴ
558 4684 672 4736 τῶν
715 4685 776 4749 ἐξ
820 4677 897 4739 ὧν
947 4685 1209 4757 συνετέθη
1255 4685 1382 4749 τοὺς
1414 4686 1609 4753 λόγους
1662 4688 1758 4740 καὶ
1808 4688 1908 4752 τὰς

324 4778 630 4849 ὀνομασίας
689 4775 897 4844 κυρίως
954 4777 1056 4829 οὐκ
1111 4777 1469 4848 ὲπιδέχεταιο
1509 4779 1571 4830 ού
1618 4779 1726 4849 γὰρ
1758 4780 1909 4833 ἐστιν

325 4875 509 4926 εἰπεῖν
537 4872 621 4925 ὅτι
661 4872 690 4924 6
731 4870 1020 4941 ἄνθρωπος
1053 4871 1260 4941 κυρίως
1290 4871 1436 4941 ψυχή
1466 4889 1524 4924 τε
1563 4873 1595 4942 ἢ
1629 4873 1786 4944 σῶμα
1817 4873 1908 4927 λέ-

323 4980 526 5032 γεται·
575 4961 700 5014 οὕτε
745 4962 852 5032 μὴν
898 4963 1026 5024 τοὺς
1065 4961 1258 5029 λόγους
1304 4961 1555 5035 [κυρίως]
1611 4964 1686 5035 (7)
1728 4966 1910 5019 émﬁé—

323 5071 512 5123 χεται,
543 5054 650 5107 κᾶν
691 5053 873 5125 ψυχὴν
903 5056 996 5107 καὶ
1035 5053 1194 5124 σῶμα
1230 5055 1539 5123 κεκτῆσθαι
1563 5057 1804 5126 λέγεται.
1855 5059 1912 5112 ’0

321 5149 379 5200 δὲ
403 5148 470 5217 δὴ
498 5148 736 5217 Χριστὸς
766 5146 896 5210 Θεὸς
923 5147 1104 5219 ἡμῶν,
1128 5147 1544 5215 συντεθειμένος
1574 5153 1636 5202 ὲκ
1659 5149 1910 5220 θεότητός

321 5258 385 5294 τε
411 5242 509 5292 καὶ
543 5239 973 5312 ἀνθρωπότητος
998 5279 1011 5305 ,
1049 5245 1141 5292 καὶ
1175 5239 1272 5302 τὰς
1299 5241 1600 5310 ὀνομασίας
1641 5242 1735 5294 καὶ
1785 5243 1914 5305 τοὺς

325 5337 524 5406 λόγους
557 5332 669 5388 τῶν
699 5333 760 5399 ἐξ
805 5328 880 5389 ὧν
911 5333 1176 5405 συνετέθη
1226 5333 1442 5403 φύσεων
1478 5334 1793 5404 ἐπιδέχεται
1833 5349 1847 5364 ο
1886 5337 1914 5388 ὁ

396 5481 419 5512 ⁸
453 5477 659 5532 Ezecb.
700 5491 830 5544 xm,
873 5476 960 5531 14.

395 5603 476 5671 (7)
530 5601 589 5653 In
649 5608 832 5652 vetere
888 5596 1052 5664 hujtts
1116 5596 1298 5664 cperis
1351 5594 1536 5671 codice
1594 5591 1896 5671 Vaticano,

325 5666 557 5746 propter
586 5671 882 5746 abscissam
913 5682 1098 5732 oram,
1141 5684 1304 5746 unum
1342 5667 1536 5746 saltem
1578 5666 1896 5746 vocabulum

324 5737 503 5816 periit.
541 5741 597 5795 In
633 5743 936 5816 recentiore
984 5749 1165 5816 autem
1212 5739 1466 5816 ejusdem
1487 5737 1673 5816 operis.
1712 5737 1902 5790 codice

324 5805 448 5873 Vat.
483 5821 539 5872 tit
577 5815 773 5868 ibidem
807 5813 1016 5877 lacuna,
1054 5805 1524 5880 relictospatiulo.
1561 5805 1709 5861 Unde
1739 5823 1901 5876 appa-

2015 4605 2142 4644 num
2176 4590 2374 4659 quippe
2404 4589 2768 4658 compositum
2811 4606 2914 4642 una
2964 4596 3157 4642 natura
3203 4604 3325 4645 esse
3373 4592 3591 4659 dicitur,

2013 4684 2140 4753 quia
2175 4699 2380 4748 rerum,
2417 4683 2561 4737 unde
2607 4693 2924 4737 caneretum
2963 4691 3078 4747 est,
3123 4683 3512 4754 appelationes
3539 4695 3592 4742 et

2016 4777 2238 4832 nomina
2295 4777 2435 4832 baud
2491 4777 2706 4846 proprie
2741 4777 2977 4846 recipit:
3012 4790 3188 4845 neque
3231 4779 3375 4832 enim
3427 4779 3590 4835 homo

2016 4872 2236 4940 proprie
2270 4871 2450 4923 anima
2481 4869 2563 4922 vel
2605 4884 2800 4936 corpus
2838 4869 3035 4922 dicitur
3070 4888 3082 4923 :
3125 4887 3297 4939 neque
3344 4873 3442 4925 has
3491 4887 3590 4941 ap-

2017 4962 2336 5032 pellationes
2368 4963 2587 5031 proprie
2616 4963 2825 5031 recipit,
2859 4962 3074 5014 etiamsi
3099 4963 3337 5017 animam
3375 4974 3437 5016 et
3469 4978 3588 5019 cor-

2012 5073 2112 5127 pus
2149 5057 2348 5112 babere
2381 5057 2603 5110 dicitur.
2639 5055 2889 5108 Christus
2916 5064 3096 5108 autem
3133 5051 3275 5110 Deus
3305 5064 3489 5109 uoster
3519 5069 3586 5110 ex

2011 5152 2296 5205 divinitate
2319 5161 2481 5215 atque
2506 5149 2845 5202 lttnnanitate
2868 5156 3103 5212 constat,
3123 5144 3590 5217 et'appellationcs

2012 5260 2075 5299 ac
2109 5243 2330 5298 nemina
2363 5254 2704 5305 naturarum,
2739 5257 2800 5295 ex
2853 5240 3049 5310 quibus
3087 5250 3327 5303 constat,
3353 5239 3583 5308 recipit:

2013 5340 2128 5406 ipsi:
2157 5335 2302 5390 enim
2333 5346 2414 5390 est
2443 5334 2588 5389 Deus
2615 5345 2666 5388 et
2697 5338 2888 5399 homo,
2927 5333 3024 5388 bas
3064 5333 3448 5404 appellationes
3489 5348 3585 5385 na-

2011 5605 2114 5654 ret,
2177 5589 2734 5665 recentiorem_hun_c
2785 5587 3119 5665 exscriptum
3165 5585 3439 5665 fuisseoab
3490 5583 3584 5639 illo

2011 5663 2337 5730 antiquiore,
2364 5669 2420 5712 et
2450 5657 2670 5737 quidem
2694 5659 2804 5737 jam
2857 5657 3046 5737 leviter
3085 5657 3232 5737 laeso.
3289 5656 3424 5737 Hinc
3449 5670 3582 5737 sane

2010 5727 2269 5801 contigit,
2303 5740 2360 5782 ut
2388 5731 2528 5783 nulla
2579 5727 2710 5783 mihi
2764 5729 3055 5801 lectionum
3111 5729 3344 5782 varietas
3383 5727 3440 5782 in
3479 5728 3582 5782 hoc

2010 5799 2184 5860 altero
2219 5802 2514 5870 exemplari
2549 5814 2605 5855 se
2633 5799 2910 5854 obtulerit.
