4008 6170
523 227 632 292 239

1929 195 2358 288 THEORIANI

3669 216 3785 281 21.0

521 350 669 395 tuam
702 339 925 395 brachia
975 340 1166 406 tendit,
1225 349 1514 410 vestroque
1546 338 1830 410 complexu
1880 336 2083 406 fruige-

2205 335 2478 406 μιώτατος
2521 333 2618 389 καὶ
2664 333 2868 403 ἀγαθὸς
2911 332 3204 395 καθολικ’ς
3263 334 3291 386 ὁ
3337 332 3646 404 Νοσέρτης.
3685 339 3784 387 καὶ

521 432 634 487 stit.
675 432 790 487 °Sic
843 431 1046 487 utinam
1101 448 1205 486 una
1246 433 1350 487 lide
1393 433 1625 501 copulati
1670 433 1818 501 puris
1874 431 2093 494 animis,

517 537 840 596 remotoque
872 525 1019 581 omni
1055 524 1315 579 seandalo
1366 524 1605 578 divinant
1643 522 1915 578 \‘ivilicum
1945 521 2092 585 salu-

525 625 807 686 taremqne
853 631 1048 686 panem
1075 617 1439 681 comedamus,
1473 615 1701 687 mystico
1730 613 1930 669 Ctiristi
1964 628 2094 667 con-

523 711 666 765 vivio
713 709 1047 765 conﬁdenter
1074 709 1556 774 communicemus,
1611 708 1835 779 ejusque
1888 706 2091 762 nomini

521 804 729 859 laudem
778 803 1166 858 concinamns!
1216 801 1368 867 Vale,
1422 803 1870 856 reverendissime
1927 811 1983 854 et
2043 801 2092 854 iu

520 895 751 949 Domino
779 896 992 961 dilecte,
1026 893 1331 959 Generalis,
1366 893 1448 947 vir
1485 893 1854 948 sanctissime.

2202 425 2613 499 ὁμοφρονοῦντα
2639 425 2728 480 τὸν
2759 425 2921 496 χορὸν
2951 425 3064 477 τῶν
3122 424 3425 495 ἀρχιερέων
3457 424 3649 484 αὐτοῦ,
3684 424 3780 476 καὶ

2203 516 2301 587 τὴν
2333 516 2629 585 σύμπασαν
2678 515 2787 568 τῶν
2825 512 3134 584 Ἀρμενίων
3166 511 3375 583 πληθύν
3403 529 3418 544 ο
3459 513 3682 583 καλάμη
3721 512 3784 564 δὲ

2203 612 2298 664 κοιλ⁸
2333 611 2520 681 χόρτος
2548 608 2623 678 μὴ
2650 606 3130 681 συμπεριληφθείη
3161 609 3229 678 τῇ
3260 607 3460 678 στερεᾷ
3503 605 3680 678 ταύτῃ
3703 605 3785 658 οι-

2203 703 2409 772 κοδομῇ
2469 700 2566 753 ἐπὶ
2616 700 2694 771 τῷ
2747 701 2985 772 ἀρῤαγεῖ
3015 699 3251 775 θεμελίῳ
3305 699 3382 768 τῷ
3412 699 3663 771 Δεσπὸτῃ
3689 697 3783 750 καὶ

2203 796 2419 868 βασιλεί
2444 795 2601 866 ἡμῶν
2637 796 2755 867 Θεῴ
2789 797 3002 865 Σωτῆρι
3029 793 3251 870 Χρδστῴ
3281 793 3482 867 ἐχούσῃ
3511 794 3608 863 τὴν
3648 791 3785 862 σύμ·

2203 892 2391 960 πηξιν.
2428 889 2556 943 Ἰδοὺ
2593 890 2648 943 δὲ
2698 889 2793 943 καὶ
2821 890 2855 960 ὴ
2898 885 3194 960 μετριότης
3214 886 3396 958 ἡμῶν,
3427 888 3522 939 καὶ
3571 888 3604 958 ή
3655 886 3787 938 καθ’

517 982 669 1058 ἡμᾶς
697 986 826 1056 ἁγία
870 988 961 1042 καὶ
997 985 1331 1057 ἀποστολικὴ
1372 985 1669 1054 Ἐκκλησία
1716 985 1818 1048 τὰς
1851 983 2098 1054 ἀγκάλας
2134 983 2306 1053 αὐτῆς
2339 987 2405 1054 τῇ
2473 983 2630 1052 ὑμῶν
2664 979 2980 1052 ὲξήπλωσεν
3041 981 3309 1049 ὁσιότητι,
3341 980 3436 1034 καὶ
3463 979 3610 1032 ἐστιν
3637 979 3786 1031 Ero:-

520 1099 621 1152 μος
657 1084 738 1143 εἰς
785 1080 884 1150 τὴν
919 1080 1194 1150 ὑμετέραν
1224 1079 1494 1149 ὑποδοχήν
1517 1095 1528 1110 ο
1559 1078 1654 1131 καὶ
1728 1079 1856 1150 μιᾶς

1931 1076 2171 1142 πίστεως
2206 1077 2491 1147 γεγονότες
2524 1076 2799 1146 φάγοιμεν
2829 1073 2967 1145 ὁμοῦ
2994 1074 3134 1144 μετὰ
3170 1073 3472 1135 συνειδότος
3507 1075 3786 1127 ἀνακεκα-

518 1174 795 1245 θαρμένου
839 1173 934 1226 καὶ
968 1174 1102 1243 ἄτερ
1131 1171 1431 1226 σκανδάλου
1459 1171 1662 1236 παντὸς
1698 1172 1792 1223 τὸν
1824 1171 1971 1223 θεῖον
2039 1169 2204 1238 ἄρτον
2243 1170 2338 1223 τὸν
2385 1169 2649 1232 ζωοποιδν
2705 1167 2802 1220 καὶ
2838 1169 3131 1237 σωτήριον,
3204 1165 3300 1220 καὶ
3350 1165 3445 1218 τοῦ
3515 1166 3784 1236 μυστικοῦ

516 1268 686 1323 αὑτοῦ
741 1269 961 1323 δείπνου
1019 1268 1422 1338 μεταλάϐωμεν
1463 1266 1934 1337 ἀνεπαισχύντως,
1994 1267 2286 1333 καὶδόξαν
2343 1265 2479 1336 ὁμοῦ
2519 1266 2598 1335 τῷ
2646 1266 2876 1336 ὀνόματι
2945 1264 3116 1319 αὐτοῦ
3183 1265 3605 1334 ἀνενέγκοιμεν.
3646 1265 3786 1336 "Ep.

520 1365 688 1433 ρωσο,
719 1357 1016 1430 τιμιώτατε
1057 1361 1152 1414 καὶ
1183 1362 1238 1412 ἐν
1266 1360 1458 1430 Κυρίῳ
1491 1361 1742 1430 ἁγαπητὲ
1774 1359 1867 1412 καὶ
1914 1357 2180 1413 Καθολικὲ
2211 1360 2342 1429 ἄνερ
2373 1358 2659 1412 ὁσιώτατε.

591 1456 722 1510 Post
768 1455 987 1509 biduum
1039 1455 1213 1508 vocati
1279 1456 1343 1507 ad
1390 1457 1654 1524 synodum
1686 1453 1982 1517 venimus;
2019 1452 2091 1506 ibi

2273 1453 2428 1507 Μετὰ
2477 1453 2531 1505 δὲ
2572 1452 2663 1504 δύο
2716 1453 2934 1522 ἡμέρας
2978 1450 3417 1522 μετακληθέντες
3473 1452 3784 1523 ἀνήλθομεν

515 1550 732 1605 silentio
777 1549 1001 1612 indicto,
1041 1547 1207 1616 capit
1263 1546 1547 1602 Generalis
1605 1547 1668 1600 de
1706 1546 1866 1600 unica
1902 1556 2083 1598 natura

2197 1549 2275 1610 είς
2331 1545 2429 1618 τὴν
2482 1545 2732 1599 σύνοδον⁵
2763 1547 2974 1614 σιωπῆς
3015 1545 3070 1598 δὲ
3123 1545 3444 1616 γενομένης,
3505 1546 3710 1618 ἦρξα-ιο
3753 1548 3785 1600 ὁ

515 1647 805 1708 disserere,
855 1641 1188 1711 argumentis
1233 1654 1425 1709 nempe
1482 1639 1814 1694 conﬁrmans
1873 1640 2015 1709 quod
2048 1642 2091 1692 si

517 1752 622 1790 una
663 1736 878 1789 dicatur
915 1732 1113 1789 Christi
1172 1740 1394 1796 natura,
1453 1745 1598 1787 recte
1640 1732 1690 1787 id
1750 1732 1862 1793 tiat,
1918 1747 2092 1800 neque

514 1829 645 1884 hinc
686 1826 884 1896 aliquid
915 1825 1226 1880 detrimenti
1266 1834 1413 1878 recta
1447 1824 1577 1879 ﬁdes
1621 1824 1820 1893 capiat.
1860 1822 1934 1877 Ita
1967 1839 2091 1878 vero

514 1919 708 1988 agebat
745 1917 1052 1982 Generalis,
1107 1933 1214 1971 non
1247 1916 1389 1984 quod
1426 1916 1541 1985 ipse
1568 1915 1646 1969 sic
1675 1916 1968 1984 judicarct,
2000 1914 2093 1969 sed

511 2010 638 2082 quia
688 2010 814 2065 huic
860 2009 1067 2082 synodo
1105 2008 1405 2063 intereiant
1455 2007 1624 2075 ipsius
1676 2007 1938 2077 episcopi,
2001 2009 2090 2077 qui

515 2105 683 2174 priori
737 2103 1026 2161 conventni
1062 2118 1173 2158 non
1230 2101 1538 2168 adfuerant,
1580 2101 1671 2156 sed
1731 2101 1892 2157 fando
1939 2100 2088 2154 audi-

513 2205 706 2251 verant
734 2194 1050 2252 Generalem
1087 2195 1140 2249 in
1175 2195 1541 2249 Romanorum
1568 2203 1752 2262 partes
1787 2193 2089 2256 transiisse,

512 2303 876 2359 arcanamque
916 2287 1198 2358 epistolam
1247 2291 1313 2342 ad
1355 2286 1735 2355 imperatorem
1786 2287 2090 2354 Scripsisse,

509 2399 615 2452 qua
646 2383 911 2452 synodum
950 2391 1202 2452 quartam
1241 2395 1300 2434 se
1328 2379 1571 2450 recipere
1597 2379 1796 2434 aiebat.
1818 2379 1986 2446 Quam
2022 2379 2094 2434 ob

511 2487 626 2528 rem
649 2473 898 2529 Generali
925 2473 1317 2536 irascebantur,
1337 2473 1424 2542 qui
1462 2487 1602 2527 nunc
1624 2471 1693 2526 ita
1724 2487 1782 2526 se
1807 2484 2088 2542 prOpterca

513 2568 758 2635 gerebat,
811 2562 868 2620 ut
930 2566 1067 2621 hanc
1121 2563 1228 2621 illis
1286 2565 1593 2634 opinionem
1644 2564 1930 2620 eximeret.
1981 2563 2092 2621 Nos

511 2671 644 2712 vero
664 2657 947 2712 Generalis
977 2671 1199 2726 scopum
1251 2657 1585 2725 ignorantes,
1619 2672 1946 2727 magnopere
1995 2659 2091 2712 ad-

513 2736 885 2805 versabantur.
931 2749 1082 2806 Illius
1103 2759 1281 2806 autem
1324 2751 1602 2804 nobiscum
1649 2750 1943 2821 disputatio
1990 2752 2093 2807 liu-

509 2826 744 2912 jnsmodi
780 2841 901 2897 fuit.

586 2930 996 2987 GEAERALIS.
1052 2931 1218 2986 Sacra
1250 2931 1477 3002 epistola
1519 2929 1679 2998 lecta,
1714 2932 1943 3004 cognovi
1998 2948 2088 2987 sa-

511 3026 879 3079 cratissimum
931 3039 1112 3093 regem
1150 3025 1430 3080 criminari
1468 3025 1728 3081 adversus
1781 3041 1904 3090 nos,
1939 3026 2081 3096 quod

512 3135 672 3174 unam
708 3117 912 3172 Christi
951 3126 1197 3174 naturam
1252 3118 1533 3172 dicamus:
1567 3128 1621 3172 et
1668 3116 1782 3172 hac
1819 3119 1885 3173 de
1921 3133 2083 3172 causa

509 3226 604 3266 vos
651 3211 864 3265 misisse
895 3209 1045 3275 dicit,
1102 3217 1162 3265 ut
1190 3211 1256 3264 de
1286 3211 1385 3265 hoc
1416 3211 1655 3281 capitulo
1711 3211 1985 3282 simulque
2021 3212 2085 3265 de

510 3306 780 3374 reliquis,
832 3321 1060 3376 quormn
1121 3305 1171 3357 in
1228 3306 1413 3375 priore
1463 3304 1824 3372 disputatione
1885 3305 2086 3358 mentio

507 3413 616 3453 non
649 3396 772 3463 l'uit,
808 3412 950 3451 nunc
997 3397 1352 3467 quxstimiem
1404 3397 1772 3451 instituamus.
1807 3395 1915 3464 Ego
1954 3411 2080 3450 vero

505 3490 908 3554 existimabam,
953 3488 1389 3558 quandoquidem
1435 3497 1488 3543 et
1544 3489 1678 3544 duas
1738 3499 1960 3542 naturas
2016 3489 2084 3543 ob

505 3582 882 3640 confusionem
907 3581 1291 3638 excludendum
1325 3581 1575 3648 dicimus,
1613 3594 1667 3639 et
1707 3598 1896 3640 rursus
1919 3597 2081 3636 unam

504 3679 574 3731 ob
609 3677 844 3745 ipsarum
899 3673 1442 3743 iaseparabllitatem,
1497 3674 1630 3730 nihil
1677 3673 1820 3729 ultra
1867 3690 1895 3728 a
1928 3676 2084 3730 nobis

504 3769 688 3837 exigi:
744 3767 870 3821 dum
928 3767 1074 3822 enim
1127 3782 1288 3820 unam
1344 3765 1699 3832 aﬂirmamus.
1759 3767 2081 3823 divisionem

506 3849 883 3916 Nestorianam
911 3860 1182 3914 vitamus:
1215 3861 1344 3912 dum
1389 3867 1568 3913 autem
1594 3858 1728 3914 duas
1760 3854 2079 3924 asserimus,

508 3954 578 4009 ah
612 3950 959 4024 Eutychiana
979 3949 1294 4006 confusione
1324 3949 1663 4006 dlvertimus.
1692 3951 1747 4006 Si
1767 3967 1896 4023 ergo
1922 3954 2081 4021 quid-

505 4063 666 4115 quant
698 4053 954 4115 pra:terea
1001 4058 1028 4094 a
1059 4042 1213 4097 nobis
1234 4040 1537 4111 postulatis,
1569 4057 1676 4096 non
1695 4042 2079 4114 obsequemur.

503 4138 641 4194 Nam
703 4137 875 4192 sancti
931 4150 1147 4206 quoque
1196 4134 1383 4189 Patres
1448 4135 1605 4189 modo
1659 4136 1791 4190 duas
1855 4147 2078 4193 naturas

2196 1639 2495 1706 Καθολικδς
2530 1639 2659 1710 περὶ
2687 1638 2783 1705 τῆς
2818 1640 2945 1708 μιᾶς
2972 1637 3183 1707 φύσεως
3211 1637 3574 1705 διαλέγεσθαι,
3607 1657 3786 1693 κατα-

2196 1732 2470 1794 σκευάζων
2528 1733 2609 1786 ὅτι
2634 1732 2693 1785 τὸ
2725 1731 2903 1799 λέγειν
2928 1731 3020 1784 καὶ
3045 1731 3175 1802 μίαν
3203 1729 3367 1800 φύσιν
3393 1732 3485 1784 τὸν
3532 1733 3773 1803 Χριστὸν

2196 1824 2360 1878 καλόν
2389 1826 2525 1888 ἐστι,
2567 1825 2659 1878 καὶ
2684 1823 2834 1876 οὐδὲν
2869 1824 2930 1876 ἐκ
2947 1821 3137 1876 τούτου
3158 1824 3184 1875 ό
3201 1822 3360 1893 ὀρθὸς
3398 1824 3784 1878 καταϐλάπτε-

2194 1935 2283 1971 ται
2316 1917 2474 1985 λόγος
2510 1917 2641 1987 (17).
2679 1917 2851 1970 Τοῦτο
2876 1915 2955 1991 δὲ-
2978 1917 3150 1971 ἐποίει
3183 1918 3280 1988 οὐχ
3303 1917 3384 1970 ὅτι
3412 1917 3583 1982 οὕτως
3613 1919 3782 1991 ἐφρό·

2196 2027 2300 2076 νει,
2351 2007 2467 2062 ἀλλ’
2520 2009 2600 2062 ὅτι
2633 2010 2886 2080 παρῆσαν
2933 1987 2991 2061 ἓν
3019 2011 3084 2079 τῇ
3110 2009 3313 2080 συνόδῳ
3344 2009 3512 2080 ταύτῃ
3546 2011 3781 2064 ἐπίσκοο

2198 2120 2286 2156 ποι
2347 2101 2536 2169 αὑτοῦ,
2595 2101 2790 2165 οἵτινες
2834 2104 2893 2156 ἐν
2930 2104 2993 2173 τῇ
3039 2104 3281 2174 προτέρᾳ
3314 2103 3410 2174 μὲν
3441 2105 3644 2175 συνόδῳ
3674 2106 3780 2160 οὐκ

2193 2191 2352 2268 ἦσαν,
2383 2196 2829 2269 προηκηκύεισαν
2855 2196 2913 2249 δὲ
2942 2195 3023 2248 ὅτι
3048 2195 3076 2248 ὁ
3109 2195 3411 2259 Καθολικὸς
3446 2197 3628 2268 ήνώθη
3658 2201 3778 2262 τοῖς

2209 2289 2523 2360 Ῥωμαίοις,
2569 2289 2660 2343 καί
2708 2288 2915 2360 ἔγραψε
2962 2290 3234 2360 μυστικὴν
3270 2290 3489 2361 γραφὴν
3521 2292 3657 2362 πρὸς
3680 2293 3778 2345 τὸν

2196 2381 2442 2452 βασιλέα,
2476 2381 2650 2451 λέγων
2681 2381 2765 2435 ὅτι
2805 2380 3047 2451 Δέχομαι
3104 2380 3202 2452 τὴν
3231 2383 3495 2452 τετάρτην
3528 2383 3773 2443 σύνοδον.

2197 2477 2286 2528 καὶ
2333 2470 2470 2546 ἦσαν
2509 2473 2954 2540 σκανδαλισμένοι
3009 2473 3144 2545 πρὸς
3193 2472 3282 2526 τὸν
3324 2474 3645 2532 Καθολικόν.
3674 2477 3778 2529 Διὰ

2193 2565 2350 2620 τοῦτο
2387 2565 2518 2635 γοῦν
2547 2565 2819 2634 διεγένετο
2849 2563 3017 2624 οὕτω,
3055 2565 3225 2618 θέλων
3255 2565 3454 2630 αὐτοὺς
3492 2567 3777 2637 πληροφο-

2198 2658 2357 2728 ρῆσαι
2384 2658 2466 2710 ὅτι
2511 2656 2611 2709 οὑκ
2640 2656 2781 2711 εἰσὶν
2814 2657 2989 2728 ἀληθῆ
3019 2655 3054 2711 ὃ.
3081 2657 3382 2729 ἀκηκόασιν
3402 2675 3416 2690 ⁸
3448 2658 3564 2713 ἀλλ’
3584 2663 3773 2731 ἡμεῖς,

2193 2751 2284 2804 τὸν
2313 2749 2513 2812 σκοπὸν
2541 2748 2706 2804 αὑτοῦ
2737 2750 3082 2818 ἀγνοοῦντες,
3115 2751 3358 2821 σφοδρῶς
3384 2752 3774 2824 ἁντελέγομεν·

2118 2873 2160 2933 C
2194 2844 2227 2916 ἡ
2256 2843 2310 2897 δὲ
2338 2841 2471 2916 πρδς
2495 2844 2640 2912 ἡμᾶς
2667 2842 2828 2896 αὐτοῦ
2856 2842 3089 2908 διάλεξις
3131 2841 3197 2916 ἦν
3222 2843 3384 2914 αὕτη.

2271 2937 2328 2993 '0
2360 2936 2767 2991 ΚΑΘΟᾹΙΚΟΣ.
2817 2936 3109 3005 Ἀναγνοὺς
3153 2937 3252 3000 τὰς
3292 2937 3441 3003 θείας
3475 2938 3775 3005 συλλαϐὰς,

2189 3033 2359 3101 ἔγνων
2391 3032 2471 3085 ὃτι
2530 3032 2557 3085 ὁ
2591 3030 2864 3094 θειότατος
2915 3030 3174 3102 βασιλεὺς
3236 3034 3474 3087 αίτιᾶται
3506 3034 3656 3105 ἡμᾶς
3691 3035 3774 3100 ὼς

2188 3126 2451 3196 λέγοντας
2506 3125 2638 3194 μίαν
2703 3125 2865 3195 φύσιν
2897 3127 2990 3180 τὸν
3019 3128 3252 3198 Χριστόν
3276 3146 3287 3159 '
3325 3128 3421 3183 καὶ
3447 3128 3511 3202 δὴ
3550 3132 3644 3185 καὶ
3681 3132 3774 3186 διὰ

2185 3219 2342 3272 τοῦτο
2366 3219 2532 3290 ἡμᾶς,
2585 3218 2767 3288 φησὶν,
2828 3219 3188 3284 ἀπέτταλκεν,
3241 3221 3314 3284 ὡς
3377 3222 3442 3274 ἂν
3499 3223 3768 3293 καὶπερὶ

2185 3312 2278 3364 τοῦ
2322 3310 2615 3380 κεφαλαίου
2662 3311 2851 3364 τούτου
2911 3315 3002 3365 καὶ
3055 3314 3181 3384 περὶ
3252 3314 3363 3368 τῶν
3413 3315 3614 3369 λοιπῶν
3660 3309 3739 3370 ὧν

2189 3403 2379 3472 μνείαν
2428 3403 2550 3457 τότε
2619 3404 2680 3458 οὐ
2716 3406 3090 3477 πεποιήμεθα,
3149 3407 3502 3478 ποιησώμεθα
3542 3408 3636 3463 νῦν
3669 3413 3772 3482 τήν

2186 3492 2444 3559 διάλεξιν.
2486 3493 2630 3562 Ἐγὼ
2664 3495 2762 3564 μὲν
2789 3495 2969 3567 ῷμην,
2997 3497 3120 3551 ἐπεὶ
3147 3500 3240 3552 καὶ
3268 3499 3361 3553 δύο
3391 3500 3583 3570 φύσεις
3632 3501 3769 3573 ὁμο-

2184 3585 2454 3658 λογοῦμεν
2507 3588 2597 3641 διὰ
2645 3587 2705 3642 τὸ
2749 3588 3058 3660 ἀσύγχυτον
3098 3590 3207 3644 τῶν
3237 3592 3474 3664 φύσεων,
3508 3595 3601 3648 καὶ
3635 3597 3770 3665 μίαν

2185 3679 2272 3732 διὰ
2295 3678 2354 3731 τὸ
2380 3680 2686 3751 ἀδιαίρετον
2726 3681 2887 3736 πάλιν
2919 3683 3120 3748 αὐτῶν,
3172 3685 3340 3756 μηδὲν
3379 3685 3542 3741 πλέον
3597 3688 3766 3742 ἀπαι-

2187 3767 2396 3821 τεῖσθαι
2425 3771 2570 3839 ἡμᾶς
2594 3787 2610 3803 ο
2653 3772 2712 3823 ὲν
2761 3772 2869 3845 γὰρ
2929 3773 3006 3841 τῷ
3044 3773 3226 3841 λέγειν
3280 3778 3410 3845 μίαν
3449 3777 3633 3845 φύσιν,
3663 3785 3769 3846 τὴν

2188 3858 2448 3930 διαίρεσιν
2475 3860 2818 3933 ἐκφεύγομεν
2868 3863 2959 3916 τοῦ
2993 3863 3290 3934 Νεστορίου
3316 3880 3331 3895 '
3389 3868 3445 3920 ἐν
3474 3867 3530 3919 δὲ
3572 3868 3650 3939 τῷ
3679 3869 3770 3921 λέ-

2190 3968 2307 4018 γειν
2345 3951 2439 4005 δύο
2471 3952 2683 4020 φύσεις,
2715 3953 2808 4006 τοῦ
2835 3955 3108 4025 Εὑτυχοῦς
3137 3957 3234 4028 τὴν
3259 3957 3521 4028 σύγχυσιν
3550 3976 3764 4032 «apex-

2184 4045 2462 4115 κλίνομεν.
2523 4047 2584 4100 Εί
2636 4043 2731 4101 οὖν
2758 4048 2915 4115 ὑμεῖς
2956 4048 3119 4102 πλέον
3162 4050 3355 4105 τούτου
3391 4053 3628 4122 ζητεῖτε,
3663 4055 3763 4125 οὐχ

2185 4132 2428 4202 ἑψόιμεθα
2485 4133 2633 4203 ὑμῖν.
2680 4135 2791 4188 Καὶ
2822 4135 2930 4206 γὰρ
2973 4136 3022 4188 oi.
3063 4134 3199 4189 θεῖοι
3233 4137 3475 4207 Πατέρες
3500 4139 3634 4194 ποτὲ
3659 4141 3765 4211 μὲν

504 4231 705 4287 Christi
761 4229 968 4292 dicunt,
1019 4226 1173 4282 modo
1206 4240 1408 4290 unam;
1459 4226 1935 4295 nequaquam-sibi
1991 4228 2071 4283 vel

2193 4221 2277 4275 δύο
2314 4223 2504 4290 φύσεις
2534 4223 2784 4291 λέγονται
2817 4225 2906 4280 τὸν
2933 4226 3190 4297 Χριστὸν,
3221 4226 3352 4282 ποτὲ
3384 4228 3442 4282 δὲ
3474 4230 3629 4301 μίαν,
3659 4232 3762 4286 οὐκ

504 4327 737 4381 invicem
783 4329 1166 4391 repugnantes,
1215 4320 1312 4372 sed
1354 4319 1478 4388 quia
1535 4329 1781 4373 neutrum
1831 4319 2076 4384 ell'atmn,

503 4417 550 4472 si
589 4425 734 4471 recte
781 4412 1130 4481 intelligatur,
1169 4410 1236 4464 ab
1267 4409 1587 4464 orthodoxia
1625 4412 1849 4464 recedit.
1922 4409 1966 4476 Q
1991 4412 2076 4465 god

504 4510 546 4561 si
601 4507 740 4562 forte
796 4504 1012 4573 aliquis,
1067 4503 1176 4557 Deo
1232 4501 1444 4571 sibique
1505 4501 1696 4569 hostis,
1761 4514 2075 4557 sanctorum

504 4599 725 4655 Patrum
785 4610 1066 4655 sermones
1109 4592 1246 4650 falsa
1272 4593 1719 4663 interpretatione
1776 4596 2072 4661 convellit;

504 4703 652 4748 certe
697 4706 796 4746 nos
834 4705 894 4745 ea
941 4703 1061 4758 qua:
1101 4696 1245 4741 recte
1277 4687 1474 4754 scripta
1517 4694 1570 4738 et
1607 4685 1874 4740 intellecta
1927 4697 2077 4756 sunt,

506 4799 780 4853 nunquam
832 4779 1293 4850 improbabimus:
1347 4790 1470 4830 nam
1498 4775 1542 4831 si
1581 4776 1650 4828 ita
1684 4776 1886 4829 animis
1926 4791 2076 4831 com-

505 4876 678 4948 parati
705 4889 968 4938 essemus,
1000 4871 1294 4943 permultas
1332 4884 1547 4940 quoque
1585 4869 1755 4923 sancti
1787 4869 2075 4940 Evangelii

503 4978 556 5024 et
597 4975 914 5021 caeterorum
977 4961 1456 5032 hagiographoium
1505 4962 1764 5013 librorum
1799 4960 2079 5017 dictiones

504 5057 902 5112 vellicaremus.
938 5053 1075 5106 Ecce
1103 5053 1245 5105 enim
1288 5050 1534 5120 sacrilegi
1577 5050 1813 5102 latrones
1846 5051 2072 5118 liuet-re,

505 5166 568 5205 ex
601 5148 826 5218 singulis
873 5160 1038 5214 prOpe
1078 5153 1388 5198 sanctarum
1425 5140 1828 5210 Scripturarum
1880 5145 2075 5198 dietio-

504 5243 662 5295 nibus
700 5237 947 5292 haeresim
978 5237 1208 5306 aliquant
1239 5242 1662 5305 progenuerunt.

573 5334 1040 5392 'l‘llEOltlA‘lUS.
1090 5334 1148 5388 In
1198 5333 1479 5402 superiore
1547 5347 1763 5400 quoque
1822 5332 2069 5401 disputa-

505 5433 653 5486 tione
698 5431 1000 5498 optavimus
1033 5445 1062 5482 a
1096 5441 1291 5497 magna
1326 5425 1614 5481 sanctitate
1685 5433 1772 5479 tua
1827 5425 2068 5491 edoceri,

502 5521 755 5591 quisnam
779 5517 1003 5572 Patron:
1035 5527 1351 5572 sanctorum
1382 5526 1436 5570 et
1467 5515 1687 5570 ubinam
1722 5533 1881 5570 uuam
1914 5518 2071 5574 (lhri-

2184 4316 2589 4387 ὲναντιούμεε-οι
2615 4318 2830 4382 ἑαυτοῖς
2878 4320 2974 4373 καὶ
3017 4319 3290 4392 ἀλλήλοις,
3325 4322 3443 4378 ἀλλ’
3468 4327 3548 4379 ὅτι
3582 4325 3766 4396 ἀμφό-

2180 4425 2334 4478 τερα,
2369 4408 2610 4472 εὐσεϐῶς
2641 4409 2930 4480 νοούμενα,
2962 4412 3061 4464 οὐκ
3098 4413 3425 4467 ἐκπίπτουσι
3471 4420 3571 4488 τῆς
3599 4418 3760 4488 ὀρθο-

2177 4499 2377 4567 δοξέας.
2412 4502 2470 4554 El
2510 4500 2566 4555 δέ
2596 4519 2677 4565 τις
2722 4503 2913 4574 ὲχυρδς
2944 4504 3036 4557 τοῦ
3069 4506 3202 4559 Θεοῦ
3263 4511 3356 4560 καὶ
3386 4508 3580 4562 ἑαυτοῦ
3631 4515 3761 4574 τοὺς

2180 4590 2370 4658 λόγους
2402 4591 2513 4650 τῶν
2535 4592 2694 4646 θείων
2725 4596 2983 4663 Πατέρων
3006 4600 3436 4670 παρερμηνεύει.
3466 4602 3630 4673 ἡμεῖς
3659 4607 3759 4661 οὐκ

2178 4683 2654 4756 ἀποδοκιμὰσομεν
2711 4688 2779 4740 τὰ
2801 4688 2983 4752 καλῶς
3032 4692 3313 4762 γραφέντα
3341 4696 3436 4748 καὶ
3471 4697 3755 4767 νοηθέντα·

2179 4777 2227 4828 εί
2261 4777 2367 4845 γὰρ
2421 4775 2580 4830 τοῦτο
2611 4779 2833 4848 ποιῆσαι
2872 4780 3196 4852 θελήσομεν,
3236 4785 3334 4850 τὰς
3381 4789 3632 4855 πλείονας
3663 4793 3756 4844 τοῦ

2178 4887 2235 4921 τε
2297 4867 2451 4937 ἁγίου
2487 4870 2822 4939 Εὑαγγελίου
2887 4874 2979 4926 καὶ
3025 4875 3133 4928 τῶν
3163 4875 3364 4930 λοιπῶν
3400 4879 3758 4952 ἀγιιιγράςων

2177 4962 2376 5017 δέλτων
2411 4962 2586 5030 λέξεις
2617 4966 3072 5037 ἁπορραπίσομεν
3099 4985 3114 5000 ·
3147 4969 3332 5039 σχεδὸν
3352 4972 3461 5042 γὰρ
3483 4973 3548 5027 ὲκ
3573 4977 3756 5046 πάςης

2175 5055 2374 5121 λέξεως
2411 5058 2520 5111 τῶν
2551 5057 2723 5128 ἁγίων
2769 5060 2808 5112 Γ
2813 5061 3001 5132 ραφῶν
3058 5063 3270 5133 αἰρεσιν
3297 5065 3677 5137 ἀπεγέννησαν
3705 5072 3752 5125 οί

2177 5150 2268 5205 τοῦ
2292 5151 2614 5222 γράμματος
2649 5154 2935 5223 ἱερόσυλοι.

2259 5333 2316 5386 '0
2351 5332 2756 5388 BEQPIANUE.
2785 5335 2896 5388 Kal.
2926 5335 2984 5387 ἐν
3011 5332 3076 5409 τῇ
3105 5337 3344 5411 προτέρᾳ
3360 5338 3594 5408 διαλέξει
3625 5343 3752 5413 ἠθε-

2174 5425 2419 5498 λήσαμεν
2438 5424 2858 5495 ἀναδιδαχθῆναι
2879 5427 3028 5496 παρὰ
3049 5427 3147 5498 τῆς
3174 5431 3415 5501 μεγάλης
3439 5433 3753 5504 ἁγιωσύνης

2179 5536 2296 5583 σου,
2350 5517 2432 5580 τίς
2483 5517 2591 5570 τῶν
2641 5516 2814 5586 ἁγίων
2857 5520 2950 5571 καὶ
2991 5519 3092 5572 ποῦ
3130 5522 3260 5592 μίαν
3302 5523 3463 5592 φύσιν
3514 5521 3638 5580 εἷπε
3662 5530 3752 5580 τὴν

572 5724 686 5794 (l7)
735 5719 811 5776 lta
835 5735 893 5777 se
923 5730 1172 5776 acturum
1205 5719 1258 5776 in
1281 5715 1463 5773 futura
1499 5715 1703 5790 synodo
1750 5718 2073 5788 promiserat
2114 5718 2308 5774 Ncrses
2351 5720 2549 5791 dispnt.
2578 5721 2740 5792 prim.
2767 5722 2863 5776 sub
2894 5722 3072 5780 tinem.
