4008 6170
190 366 290 429 Si!

1569 369 2034 435 DISPUTATIO
2075 373 2162 439 Π.

3350 366 3460 437 242

194 488 438 555 Χριστόν
464 503 475 516 ·
505 487 600 540 καὶ
630 486 790 540 τοῦτο
822 489 942 542 τότε
969 490 1105 554 τέως
1142 490 1242 544 οὐκ
1273 491 1480 556 ἔδειξας
1502 509 1515 522 ·
1549 490 1646 544 νῦν
1671 492 1786 554 οὖν,

1901 489 1958 542 sti
1984 496 2230 543 naturam
2265 487 2480 543 dixerit.
2515 487 2665 554 Quod
2697 485 2957 542 hactenus
2993 502 3097 542 non
3123 484 3469 542 demonstra-

195 579 290 652 [si]
326 597 412 632 σοι
445 581 675 634 δυνατόν
714 584 852 641 ἐστι.
888 585 1082 650 δεῖξον.

268 672 435 726 ΚΑΘ.
477 674 750 742 Ἐτοίμως
776 675 885 744 ἔχω
915 676 1072 730 τοῦτο
1098 678 1179 741 είς
1217 677 1385 746 μέσον
1416 679 1782 749 παραγαγεῖν.

211 763 304 816 Ἐν
332 767 402 834 τῇ
438 765 577 833 πρὸς
622 768 880 820 Ἀκάκιον
926 768 1233 838 Μελιτηνῆς
1257 771 1511 840 ἐπιστολῇ
1539 773 1568 824 δ
1604 771 1784 842 μακά-

204 872 323 924 ριος
362 855 634 926 Κύριλλος
671 859 1055 929 ἀριδηλότερον
1081 860 1243 914 τοῦτο
1279 862 1615 933 παρίστησιν
1653 864 1788 934 φησὶ

195 947 306 1016 γὰρ
337 950 546 1003 ταῦτα’
575 968 592 1001 ι
623 951 703 1002 Τὰ
730 950 787 1014 ἐξ
843 945 917 1003 ὧν
943 952 1091 1004 ἐστιν
1132 954 1160 1006 ὁ
1212 951 1293 1016 εἷς
1329 955 1424 1009 καὶ
1469 957 1626 1026 μόνος
1661 958 1788 1017 Υἱὸς

202 1040 298 1092 καὶ
329 1040 536 1109 Κύριος
582 1041 788 1108 Ἰησοῦς
817 1044 1072 1113 Χριστὸς,
1100 1044 1178 1109 ὡς
1209 1047 1264 1099 ὲν
1296 1047 1526 1112 ἐννοίαις
1555 1049 1786 1120 δεχόμε-

197 1149 302 1197 νοι,
361 1131 460 1183 δύο
519 1134 616 1200 μὲν
665 1133 858 1201 φύσεις
896 1136 1140 1204 ἡνῶσθαι
1186 1157 1364 1209 φαμεν
1437 1141 1576 1212 μετὰ
1608 1141 1788 1211 δὲτὴν

196 1226 400 1277 ἕνωσιν
457 1224 529 1284 ὡς
578 1229 929 1299 ἀνῃρημένης
977 1230 1078 1300 ἤδη
1099 1230 1201 1299 τῆς
1252 1233 1331 1295 είς
1379 1232 1473 1287 δύο
1501 1233 1787 1303 δια-τομῆς,

202 1319 338 1385 μίαν
371 1313 515 1369 εἶναι
551 1321 879 1392 πιστεύομεν
917 1322 1014 1391 τὴν
1058 1323 1152 1375 τοῦ
1187 1323 1316 1376 Υἰοῦ
1346 1324 1507 1396 φύσιν
1540 1325 1615 1389 ὡς
1647 1326 1787 1393 ἑνὸς,

201 1409 348 1477 πλὴν
375 1410 539 1462 ὲνιινθ
551 1413 902 1480 ρωπήσαντος
928 1416 1023 1468 καὶ
1059 1418 1503 1485 σεσαρκωμένου.

273 1501 476 1558 ΘΕΩΡ.
501 1503 801 1574 Θαυμάζω,
832 1507 1089 1571 δέσποτα,
1123 1507 1240 1572 πῶς
1299 1508 1426 1562 ἄλλο
1467 1511 1792 1581 ὑποσχεθεὶς

199 1592 400 1658 δεῖξαι,
435 1593 564 1646 ἄλλο
598 1595 939 1666 παρήγαγες.
985 1597 1326 1667 ’Υπεσχέθης
1349 1600 1457 1670 γὰρ
1502 1601 1671 1666 δεῖξαι
1702 1603 1790 1656 τὸν

202 1684 485 1754 μακάριον
512 1684 778 1755 Κύριλλον
807 1686 1032 1755 λέγοντα
1066 1689 1196 1759 μίαν
1222 1689 1384 1757 φύσιν
1410 1692 1500 1744 τὸν
1531 1693 1788 1763 Χριστόνο

196 1777 223 1826 ὁ
250 1777 304 1828 δὲ
338 1777 398 1828 οὗ
431 1776 579 1844 λέγει
609 1777 789 1834 τοῦτο.
832 1779 992 1833 Ἀλλὰ
1031 1781 1123 1846 τί;
1155 1783 1298 1836 Μίαν
1349 1780 1487 1838 εἶναι
1542 1785 1793 1840 πιστεύο-

201 1886 311 1936 μεν
339 1869 442 1939 τὴν
469 1867 564 1921 τοῦ
598 1870 729 1923 Υίίιῦ
755 1870 915 1940 φύσιν
947 1873 1021 1936 ὡς
1054 1874 1174 1939 ἑνός
1195 1887 1209 1902 ⁶
1243 1878 1340 1931 καὶ
1366 1877 1486 1931 τότε
1521 1879 1790 1949 ἐπήγαγε,

198 1959 354 2029 Πλὴν
387 1963 915 2031 ὲνανθρωπήσαντος
952 1966 1048 2019 καὶ
1085 1969 1532 2040 σεσαρκωμένου.
1593 1972 1796 2026 Ἐασον

194 2047 316 2107 οὖν.
337 2054 386 2105 εί
421 2053 679 2114 κελεύεις.
702 2056 796 2120 τὰς
813 2059 1036 2127 χρήσεις
1051 2062 1148 2123 τὰς
1168 2061 1462 2132 λεγομένας
1491 2063 1618 2134 μίαν
1635 2064 1796 2133 φύσιν

196 2143 298 2196 τ,ὖ
388 2146 560 2198 Υὶοῦο
615 2150 743 2217 περὶ
804 2150 912 2218 γὰρ
981 2153 1172 2206 τούτου
1255 2156 1481 2226 οὐδεμία
1561 2158 1798 2226 ἀμφιϐο-

197 2235 296 2286 λία
327 2252 341 2265 ·
388 2235 610 2291 λέλυται
651 2241 758 2310 γὰρ
810 2244 866 2294 ἐν
923 2247 988 2314 τῇ
1048 2246 1293 2317 προτέρᾳ
1346 2248 1596 2314 διαλέξει,
1659 2251 1716 2303 ἐν

196 2329 616 2399 παρηγάγομεν
653 2334 743 2384 τὸν
793 2336 965 2402 μέγαν
1039 2336 1352 2392 Ἀθανάσιον
1417 2343 1544 2410 περὶ
1585 2343 1796 2410 Ἀρείου

205 2421 468 2486 ἳέγιιντα,
513 2425 628 2486 πῶς
665 2425 878 2490 ἐδόξαζε
927 2427 1018 2481 δύο
1052 2429 1245 2498 φύσεις
1275 2431 1582 2500 τοῦΛόγου.
1635 2434 1797 2487 ’Λλλὰ

198 2516 380 2579 δῐξον
447 2516 551 2570 ποῦ
611 2518 945 2589 γέγραπται,
981 2523 1077 2592 μία
1111 2521 1271 2592 (ῥύσις
1306 2522 1451 2579 ἐστὶν
1478 2527 1506 2580 ὁ
1539 2529 1792 2600 Χριστός.

276 2788 445 2842 ΚΛΘ.
507 2789 651 2843 Ἀλλ’
687 2793 902 2861 εἴρηκε,
938 2813 955 2846 ι
989 2794 1143 2867 Μετὰ
1165 2795 1220 2847 δέ
1253 2813 1315 2864 γε
1346 2797 1443 2868 τὴν
1491 2798 1683 2853 ἕνωσιν
1723 2803 1796 2865 ὡς

198 2883 566 2952 ἀνῃρημένης
615 2884 713 2954 ἤδη
761 2887 856 2956 τῆς
900 2888 978 2949 εἰς
1007 2887 1099 2942 δύο
1133 2889 1412 2959 διατομῆς.
1447 2910 1463 2941 ι
1504 2891 1567 2944 Τί
1606 2891 1796 2946 τούτου

198 2976 391 3045 ζητεῖς
421 2978 790 3044 σαςέστεροκη

268 3071 470 3124 ΘΕΩΡ.
495 3069 567 3120 Τὸ
590 3089 608 3121 ι
651 3071 738 3134 Ὠς
767 3071 1119 3143 ἀνῃρημένης
1137 3073 1235 3143 ἤδη
1263 3074 1360 3143 τῆς
1390 3076 1466 3146 είς
1489 3074 1582 3128 δίο
1615 3076 1796 3129 διατο-

1894 580 1987 646 ειί,
2027 596 2189 642 nunc,
2219 580 2262 634 si
2294 589 2467 648 potes,
2494 580 2830 634 demonstra.

1959 671 2119 728 GEN.
2156 672 2265 742 Ego
2294 687 2423 728 vero
2461 672 2517 727 id
2541 673 2592 725 in
2621 671 2852 726 medium
2888 671 3151 736 proferre,
3181 672 3313 725 nihil
3354 687 3469 724 mo-

1889 770 2073 822 rabor.
2132 765 2186 820 in
2217 763 2442 835 epistola
2480 765 2546 818 ad
2575 763 2826 818 Acacium
2856 762 3244 816 Melitinenscm
3277 763 3476 817 beatus

1889 858 2122 931 Cyrillus
2171 857 2454 926 perspicue
2488 871 2600 910 rem
2636 854 2797 909 tradit
2839 855 2923 910 his
2965 855 3178 910 verbis:
3211 873 3229 906 ‹
3272 853 3365 917 Ea,
3399 869 3467 908 ex

1889 953 2089 1022 quibus
2136 961 2224 1005 est
2270 965 2408 1004 unus
2433 960 2486 1003 et
2515 947 2664 1002 solus
2698 944 2869 1001 Filius
2899 962 2960 1001 ac
3014 946 3271 1002 Dominus
3306 946 3464 1001 Jesus

1892 1045 2171 1109 Christus,
2207 1054 2460 1114 tanquam
2507 1042 2834 1110 cogitatione
2877 1041 3163 1110 complexi,
3193 1042 3324 1095 duas
3346 1041 3471 1108 qui-

1891 1139 2011 1193 dem
2065 1148 2289 1192 natnras
2359 1135 2640 1207 copulatas
2691 1149 2813 1189 esse
2869 1133 3139 1188 dicimus:
3201 1134 3293 1188 sed
3343 1141 3469 1202 past

1891 1232 2165 1295 unionem,
2189 1232 2349 1286 veluti
2374 1230 2485 1299 jam
2512 1229 2727 1283 sublata
2761 1227 3026 1283 divisione
3053 1227 3109 1281 in
3140 1227 3265 1290 duo,
3298 1242 3461 1280 unam

1892 1339 2010 1379 esse
2035 1325 2304 1378 credimus
2333 1322 2452 1376 Filii
2484 1330 2731 1376 naturam
2757 1331 2940 1390 utpote
2961 1319 3140 1385 unius,
3169 1333 3353 1373 verum
3385 1326 3465 1370 ta-

1893 1431 2013 1470 men
2058 1414 2338 1468 humanati
2370 1424 2531 1484 atque
2561 1412 2849 1468 incarnati.
2875 1430 2894 1463 ι

1966 1502 2220 1560 THEOR.
2255 1502 2454 1569 Miror,
2516 1503 2750 1565 domine,
2792 1501 3058 1571 quomodo
3089 1497 3232 1554 aliud
3266 1496 3471 1568 promi-

1894 1597 2052 1661 seris,
2113 1597 2258 1650 aliud
2291 1596 2525 1650 dederis.
2559 1595 2894 1650 Promiseras
2949 1593 3090 1647 enim
3135 1601 3185 1646 te
3214 1601 3468 1645 ostensu-

1896 1704 2040 1752 rnm,
2094 1703 2122 1742 a
2157 1689 2314 1743 beato
2361 1686 2564 1757 Cyrillo
2596 1685 2800 1742 Christi
2828 1685 2932 1740 dici
2966 1700 3125 1738 unam
3171 1697 3423 1738 naturam
3449 1700 3471 1737 ι

1897 1781 1941 1835 is
1975 1796 2102 1835 vero
2141 1779 2359 1834 minime
2416 1780 2465 1832 id
2516 1779 2610 1832 ait.
2676 1777 2816 1845 Quid
2850 1776 3022 1846 ergo?
3055 1775 3273 1832 Scilicet
3306 1787 3474 1827 unam

1896 1888 2018 1927 eSse
2068 1872 2342 1926 credimus
2381 1869 2500 1924 Filii
2538 1880 2808 1937 naturam,
2868 1878 3054 1937 utpote
3098 1868 3301 1934 unius;
3354 1876 3467 1919 stac

1900 1964 2098 2033 timquc
2123 1964 2357 2019 addidit:
2386 1962 2764 2017 Verumtamen
2795 1959 3072 2015 humana'i
3095 1973 3259 2030 atque
3288 1958 3470 2014 incar-

1898 2055 2027 2108 nati.
2076 2053 2278 2109 Omitte
2318 2054 2500 2122 igitur,
2543 2055 2587 2108 si
2633 2055 2829 2122 placet,
2864 2053 3162 2108 locutiones
3193 2051 3311 2106 illas
3344 2065 3468 2121 qua

1898 2163 2058 2201 unam
2091 2149 2274 2202 dicunt
2323 2146 2443 2200 Filii
2475 2156 2723 2199 naturam
2753 2163 2767 2200 :
2802 2159 2977 2214 neque
3010 2144 3152 2199 enim
3172 2145 3276 2197 hac
3305 2157 3471 2212 super

1897 2254 1955 2292 re
1986 2237 2278 2306 dubitatur,
2303 2253 2424 2309 quae
2453 2239 2504 2292 in
2547 2237 2824 2306 superiore
2864 2235 3132 2305 colloquio
3150 2246 3336 2290 nostro
3355 2234 3468 2304 jam

1896 2333 2115 2388 definita
2177 2344 2278 2396 est,
2332 2333 2421 2386 ubi
2484 2347 2736 2402 magnum
2803 2330 3160 2384 Athanasium
3208 2329 3470 2384 adversus

1897 2426 2086 2479 Arium
2123 2425 2386 2480 dicentem
2417 2423 2780 2486 exhibuimus,
2816 2437 3049 2491 quanam
3099 2421 3300 2476 mentis
3354 2435 3469 2475 suae

1900 2517 2114 2571 notione
2139 2520 2271 2570 duas
2310 2514 2470 2570 Verbi
2507 2525 2726 2569 naturas
2777 2514 3128 2583 inteiligeret.
3195 2511 3299 2567 Sed
3333 2512 3463 2566 illud

1900 2611 2075 2680 potius
2121 2611 2450 2677 demonstra,
2477 2609 2694 2663 ubinam
2726 2607 2985 2678 scriptum
3017 2608 3087 2662 sit
3123 2622 3282 2661 unam
3305 2605 3485 2661 Chrix

1899 2704 1966 2757 sti
2000 2719 2116 2758 esse
2149 2713 2423 2759 naturam.

1969 2795 2126 2848 GEN.
2160 2795 2319 2864 Atqui
2365 2795 2570 2849 dictum
2606 2793 2675 2849 ab
2714 2807 2778 2847 eo
2813 2802 2893 2847 est
2929 2808 2945 2850 :
2984 2811 3004 2844 ι
3047 2791 3173 2846 Post
3208 2791 3479 2845 unionem.

1898 2900 2075 2942 autem
2113 2889 2273 2943 veluti
2311 2888 2422 2958 jam
2459 2887 2666 2942 sublata
2705 2892 2758 2942 in
2797 2887 2902 2942 duo
2939 2886 3227 2941 divisione.
3269 2904 3286 2937 ι
3332 2883 3468 2953 Quid

1901 2984 2002 3038 hoc
2035 2984 2136 3037 cla'
2154 2983 2236 3037 ins
2272 2981 2550 3049 postulas?

1969 3074 2221 3130 THEOR.
2255 3073 2424 3128 Verba
2447 3092 2460 3128 :
2483 3093 2499 3124 ι
2530 3072 2868 3143 Sublatajam
2901 3072 2952 3125 in
2986 3072 3088 3125 duo
3121 3071 3385 3125 divismne
3409 3087 3425 3120 ι
3458 3107 3473 3135 ,

200 3163 315 3232 μῆς
341 3182 360 3214 ι
390 3207 403 3226 ,
444 3163 605 3216 τοῦτο
625 3164 793 3233 λέγει,
822 3165 881 3218 τὸ
911 3166 967 3220 δὲ
1027 3170 1106 3230 είς
1154 3167 1246 3221 δύο
1287 3170 1576 3238 Χριστοὺς,
1633 3168 1667 3238 ἢ
1710 3168 1795 3223 δύο

1907 3170 2216 3241 significant
2252 3169 2330 3223 vel
2365 3169 2418 3221 in
2455 3168 2590 3222 duos
2625 3166 2893 3231 Christos,
2924 3165 3006 3220 vel
3040 3166 3092 3220 in
3127 3166 3259 3218 duas
3292 3179 3475 3234 perso-

197 3256 579 3328 πρόσωπα,ἢ
641 3255 735 3310 δύο
786 3258 1133 3322 ὑποστάσεις.
1199 3261 1263 3315 Εἰ
1307 3261 1363 3314 δὲ
1414 3264 1490 3325 είς
1545 3262 1636 3315 δύο
1704 3263 1803 3331 φύ-

203 3362 320 3405 σεις
349 3348 495 3398 νοεῖν
553 3346 777 3412 ἐθέλεις,
813 3347 954 3402 οὕτω
993 3351 1204 3418 νοήσεις
1233 3353 1292 3404 τὸ
1333 3353 1498 3422 ῥητὸν
1537 3353 1802 3416 εὐςεόῶς,

211 3456 231 3486 ‹
284 3438 671 3508 Ἀνῃρημένης
724 3438 824 3508 ἢδη
885 3439 984 3506 τῆς
1026 3441 1106 3504 είς
1150 3439 1241 3494 δύο
1301 3442 1490 3510 φύσεις
1551 3444 1656 3514 ἰδίᾳ
1714 3445 1805 3496 καὶ

203 3530 316 3582 ἀνὰ
344 3531 516 3600 μέρος
545 3531 830 3601 διατομῆς,
863 3533 1144 3585 τουτέστιν
1174 3536 1251 3597 είς
1301 3533 1449 3586 θείειν
1476 3535 1636 3603 φύσιν
1675 3535 1802 3608 ἰδία,

202 3624 406 3688 καὶεές
437 3624 797 3696 ἀνθρωπίνην
828 3627 990 3696 φύσιν
1030 3627 1154 3700 ἰδίᾳ·
1195 3647 1213 3679 ι
1247 3630 1336 3698 ἀφ’
1365 3621 1424 3681 οὗ
1462 3628 1569 3700 γὰρ
1595 3629 1806 3702 ήνώθη-

203 3738 307 3771 σαν
346 3721 404 3772 αἱ
438 3719 535 3772 δύο
584 3719 800 3789 φύσεις,
843 3721 1137 3793 ἀχώριστοι
1176 3724 1520 3793 μεμενήκασι
1559 3724 1653 3776 καὶ
1707 3739 1804 3791 με·

201 3812 394 3866 νοῦσιν
419 3814 509 3865 ἀεί
538 3831 548 3841 -
586 3814 744 3868 τοῦτο
771 3815 881 3885 γάρ
927 3819 1042 3867 ἐστι
1065 3816 1131 3867 ’τὸ
1159 3815 1309 3886 παρὰ
1340 3816 1445 3868 τῶν
1474 3815 1644 3884 ἁγίων
1690 3815 1803 3869 [Ια-

200 3908 384 3974 τέρων
442 3906 765 3976 λεγόμενον,
827 3926 845 3960 r
889 3908 1238 3976 ἁδιαιρέτως,
1319 3911 1663 3979 ἀχωρίστως,
1725 3912 1803 3975 εἰς

207 4004 340 4070 μὲαν
369 4000 674 4055 ὑπόστασιν
697 4001 949 4070 γενέσθαι
979 4003 1074 4072 τὴν
1108 4002 1317 4056 ἕνωσιν.
1335 4021 1352 4054 ι
1379 4004 1499 4056 ’Ότι
1525 4003 1578 4056 δὲ
1604 4007 1629 4056 ὁ
1649 4003 1800 4071 Ξιγιος

207 4095 488 4166 Κῦριλλος
526 4095 628 4147 οὐκ
646 4095 972 4165 ἐδογμάτιζε
997 4094 1177 4168 [μίαν]
1211 4097 1370 4163 φύσιν
1423 4097 1512 4148 τὸν
1546 4098 1799 4167 Χριστὸν,

211 4187 392 4241 ἔνεστι
449 4185 795 4254 καταμαθεῖν
857 4185 966 4239 ἀπὸ
1024 4186 1239 4238 πολλῶν
1295 4185 1459 4238 αὑτοῦ
1509 4202 1799 4257 συγγραμ-

209 4279 441 4349 μάτωνο
498 4275 768 4347 πολλαχοῦ
831 4277 939 4349 γὰρ
992 4276 1084 4330 δύο
1143 4277 1334 4346 φύσεις
1392 4279 1650 4347 ὁμολογεῖ
1711 4278 1802 4332 τὸν

202 4371 470 4440 Χριστὸν,
527 4367 603 4432 ὡς
627 4369 893 4422 δέδεικται
938 4370 994 4421 ὲν
1021 4370 1085 4439 τῇ
1148 4368 1395 4439 προτέρᾳ
1437 4367 1695 4436 διαλέξει.
1739 4371 1800 4422 Et

203 4464 313 4535 γὰρ
339 4463 478 4531 μίαν
511 4461 679 4530 φύσιν
712 4459 1042 4532 ὲδογμάτιζε
1073 4461 1163 4514 τὸν
1195 4463 1451 4533 Χριστὸν,
1483 4461 1800 4533 εὑρίσκεται

1903 3280 1998 3317 nas
2033 3272 2123 3317 aut
2156 3264 2485 3333 hyposmses.
2518 3259 2669 3327 Quod
2701 3262 2744 3316 si
2777 3261 2826 3314 in
2859 3262 2991 3316 duas
3024 3269 3242 3312 naturas
3270 3259 3471 3313 intehi-

1896 3372 2021 3425 gere
2053 3355 2208 3417 velis,
2243 3366 2352 3409 tum
2393 3356 2569 3408 adhuc
2603 3355 2902 3407 orthodoxe
2939 3353 3015 3406 sic
3053 3352 3341 3404 dictionem
3380 3351 3471 3405 in—

1896 3448 2122 3518 telliges,
2161 3462 2353 3516 nempe
2394 3465 2407 3501 :
2451 3466 2469 3498 ι
2510 3445 2729 3500 Sublata
2755 3445 2864 3513 jam
2912 3445 2964 3497 in
3010 3444 3144 3499 duas
3178 3445 3470 3510 separatim

1898 3539 2310 3610 partialiterque
2349 3549 2571 3594 naturas
2605 3538 2902 3604 divisione;
2941 3538 2990 3592 id
3028 3547 3111 3592 est
3144 3537 3198 3591 in
3231 3535 3468 3591 divinam

1897 3642 2143 3686 naturam
2173 3649 2437 3699 seorsum,
2465 3633 2705 3702 itemque
2736 3645 2984 3687 seorsum
3015 3633 3066 3686 in
3093 3630 3408 3685 humanam.
3443 3646 3464 3682 ι

1895 3724 1974 3779 Ex
2006 3740 2112 3794 quo
2142 3726 2286 3780 enim
2319 3726 2478 3779 unit-e
2504 3724 2724 3780 fuerunt
2749 3727 2866 3779 duae
2898 3734 3124 3782 naturae.
3151 3739 3227 3778 exe
3260 3723 3474 3792 insepa-

1897 3818 2092 3872 rabiles
2139 3827 2476 3882 manserunt,
2535 3832 2855 3887 semperque
2897 3827 3132 3871 manent.
3167 3815 3280 3871 Hoc
3323 3815 3468 3870 enim

1894 3913 2033 3981 apud
2071 3911 2260 3967 Patres
2295 3912 2563 3980 signiﬁcat
2607 3912 2697 3966 illa
2741 3911 2979 3966 locutio:
3011 3930 3028 3962 ι
3061 3909 3470 3964 ludivisibilitet

1894 4015 1947 4057 et
1996 4002 2427 4073 inseparabiliter
2489 4001 2590 4056 sub
2650 4016 2753 4054 una
2812 4016 3040 4069 persona
3094 3999 3288 4053 factam
3346 4015 3470 4054 esse

1896 4095 2175 4150 unionem.
2235 4115 2253 4146 ι
2315 4094 2468 4161 Quod
2519 4107 2699 4149 autem
2755 4102 2975 4148 sanctus
3027 4092 3257 4164 Cyrillus
3308 4108 3468 4146 unam

1893 4188 2092 4242 Christi
2148 4198 2398 4242 naturam
2455 4203 2575 4242 esse
2638 4203 2741 4241 non
2799 4188 3112 4251 censuerit,
3162 4201 3226 4239 ex
3287 4186 3471 4241 multis

1893 4281 2140 4351 ejusdem
2173 4280 2389 4349 scriptis
2421 4295 2749 4348 cognoscere
2780 4279 2904 4333 licet
2939 4295 2954 4333 :
2989 4293 3128 4345 smpe
3157 4277 3298 4331 enim
3333 4278 3466 4330 duas

1894 4373 2096 4428 Christi
2131 4371 2424 4427 conﬁtetur
2451 4383 2698 4434 naturas,
2721 4372 2879 4426 sicuti
2906 4372 2958 4424 iu
2989 4369 3168 4441 priore
3201 4370 3471 4438 colloquio

1894 4466 2320 4519 demonstratum
2373 4463 2496 4517 fuit.
2546 4462 2676 4516 Nam
2735 4464 2778 4517 si
2832 4462 2970 4515 forte
3018 4462 3254 4532 Cyrillus
3308 4478 3468 4515 unam

204 4555 263 4609 οὗ
312 4556 480 4624 μόνον
518 4555 659 4606 πᾶσι
699 4556 808 4617 τοῖς
852 4552 1028 4621 ἁγίοις
1063 4554 1362 4625 Πατράσιν,
1410 4551 1546 4604 ἀλλὰ
1575 4554 1668 4605 καὶ
1697 4553 1795 4606 αὐ-

1903 4554 2103 4610 Cbristi
2142 4565 2395 4609 naturam
2440 4569 2560 4608 esse
2594 4555 2884 4616 docuisset,
2919 4568 3022 4606 non
3059 4554 3228 4605 solum
3267 4554 3469 4608 sanctis

204 4643 291 4706 τὸς
335 4641 540 4696 ἑαυτοῦ
573 4642 1002 4713 διαμαχόμενος.
1069 4643 1156 4696 Ἑν
1189 4641 1317 4709 γοῦν
1357 4645 1494 4715 πρὶς
1540 4643 1792 4714 Ἰωάννην

208 4737 519 4788 ἐπίσκοπον
581 4735 916 4805 Ἀντιοχείας
960 4734 1089 4806 περὶ
1131 4734 1228 4804 τῆς
1258 4735 1480 4805 εἰρήνης
1510 4735 1789 4805 ἐπιστολῇ,

207 4833 294 4885 ἶνα
321 4832 427 4892 τὰς
479 4829 861 4899 παραχοείσας
914 4829 1036 4881 τότε
1089 4830 1314 4900 χρήσεις
1346 4833 1403 4883 ἐν
1434 4833 1499 4901 τῇ
1540 4831 1793 4904 φθασάσῃ

207 4924 469 4992 γενέσθαι
519 4921 754 4988 διαλέξει
819 4921 1163 4994 παραλείψω,
1198 4921 1340 4974 οὕτω
1388 4922 1572 4990 σαφῶς
1621 4939 1792 4991 φησιο

212 5039 232 5073 ι
263 5019 377 5080 Τάς
410 5016 470 5068 δὲ
497 5015 862 5084 summa;
893 5011 1132 5084 περὶτοῦ
1157 5013 1358 5083 Κυρίου
1395 5012 1600 5080 φωνὰς,
1637 5012 1795 5078 ἴσμεν

206 5116 329 5177 τοῦς
372 5111 664 5178 θεολὸγους
718 5110 917 5181 ἄνδρας
973 5108 1070 5172 τὰς
1107 5108 1206 5178 μὲν
1231 5107 1668 5170 κοινοποιοῦντας
1721 5107 1793 5169 ὡς

210 5207 292 5275 ἐφ’
317 5205 439 5267 ἐνὸς
476 5204 798 5274 προσώπου,
828 5203 928 5264 τὰς
973 5200 1027 5253 δὲ
1078 5200 1417 5270 διαιροῦντας
1476 5199 1551 5262 ὡς
1585 5199 1675 5251 ἐπὶ
1704 5198 1795 5251 δύο

214 5306 438 5374 φύσειςο
469 5303 564 5356 καὶ
593 5301 690 5364 τὰς
752 5302 849 5370 μὲν
883 5300 1208 5370 θεοπρεπεῖς
1266 5295 1408 5349 κατὰ
1437 5295 1532 5364 τὴν
1562 5295 1794 5363 Θεότητα

210 5401 300 5454 τοῦ
335 5397 608 5470 Χριστοῦ,
655 5395 754 5458 τὰς
793 5394 849 5448 δὲ
880 5393 1161 5456 ταπεινὰς,
1191 5394 1332 5446 κατὰ
1365 5391 1460 5462 τὴν
1515 5387 1798 5462 ἀνορωπὸ-

213 5512 344 5564 τητα
375 5490 546 5545 αὐτοῦ
575 5476 989 5560 παραδιδόντας.
1025 5506 1041 5538 ›
1087 5487 1145 5539 '0
1169 5481 1258 5540 οὖν
1277 5485 1420 5538 οὕτω
1457 5485 1547 5537 καὶ
1581 5483 1796 5554 φρονῶν

219 5591 306 5639 καί
328 5605 361 5655 γ
371 5587 588 5654 ράιρων,
605 5581 723 5646 πῶς
746 5581 965 5650 ἔμελλεν
989 5579 1228 5633 ἐναντίον
1244 5579 1405 5633 αὐτοῦ
1423 5579 1796 5646 δογματίζειν;

213 5678 348 5746 Φησὶ
374 5675 485 5746 γὰρ
511 5674 613 5738 τὰς
644 5675 742 5744 μὲν
776 5670 1216 5735 κοινοποιοῦντας
1250 5671 1324 5734 ὼς
1357 5671 1442 5738 ἐφ’
1481 5670 1597 5734 ἑνὸς
1626 5686 1797 5738 προσ-

217 5749 389 5833 ώπου,
442 5769 545 5830 τὰς
568 5766 626 5818 δὲ
661 5764 1006 5836 διαιροῦντας
1028 5764 1101 5824 ὡς
1128 5765 1222 5818 ἐπὶ
1248 5761 1344 5816 δύο
1370 5761 1582 5834 φύσεις.
1634 5761 1799 5816 Ἀλλὰ

219 5866 306 5916 καὶ
329 5857 696 5930 παρακατιὼν
710 5874 870 5928 φησιο
894 5878 913 5910 ι
937 5856 1124 5929 Ταύτῃ
1141 5875 1222 5911 τοι
1239 5858 1330 5911 καὶ
1350 5857 1377 5912 ὁ
1399 5855 1673 5925 πάνσοφος
1689 5855 1793 5908 Πέ-

1897 4648 2179 4711 Patribus,
2233 4663 2420 4701 verum
2481 4647 2596 4716 ipse
2653 4645 2754 4701 sibi
2816 4660 3118 4714 repugnare
3173 4645 3465 4699 videretur.

1896 4738 2107 4794 Etenim
2149 4740 2202 4793 in
2245 4739 2472 4807 epistola
2505 4739 2572 4792 de
2609 4753 2738 4808 pace
2773 4738 2836 4790 ad
2874 4736 3132 4790 Joannem
3169 4736 3469 4793 Antiochia:

1896 4833 2205 4900 cpiscnpum
2263 4833 2441 4901 (mitto
2484 4832 2625 4884 enim
2675 4831 3023 4885 auctoritates
3068 4845 3204 4898 quas
3252 4831 3362 4896 jam
3413 4830 3467 4884 in

1895 4925 2177 4993 superiore
2217 4924 2588 4993 disputatione
2634 4923 2999 4992 laudavimus)
3044 4923 3125 4977 sic
3167 4933 3348 4992 aperte
3387 4925 3469 4978 di-

1895 5017 1968 5069 cit
2007 5032 2020 5069 :
2066 5034 2083 5066 ι
2123 5016 2474 5085 Evangelicas
2505 5017 2571 5070 dc
2605 5015 2821 5072 Christo
2857 5015 3160 5070 locutiones
3197 5015 3400 5071 scimus
3435 5031 3479 5069 a.

1901 5108 2160 5178 theologis
2190 5110 2382 5178 partim
2418 5109 2509 5163 uni
2546 5124 2788 5176 personae
2818 5123 3140 5164 communes
3174 5109 3310 5172 fieri,
3340 5125 3466 5178 par-

1901 5201 1995 5253 tim
2043 5201 2203 5256 dividi
2254 5216 2318 5255 ac
2365 5199 2576 5256 duabus
2629 5203 2837 5256 naturis
2885 5203 3125 5258 attribui.
3178 5201 3239 5255 Et
3287 5203 3465 5257 subli-

1901 5298 2098 5350 miores
2133 5295 2346 5365 quidem
2382 5296 2447 5350 ad
2482 5296 2685 5352 (Ihristi
2717 5295 3087 5353 divinitatem.
3125 5295 3356 5350 humiles
3393 5295 3464 5346 agt

1899 5388 2135 5459 ejusdem
2171 5387 2554 5443 humanitatem
2593 5390 2864 5459 pertinere
2896 5400 3101 5458 putant.
3133 5406 3151 5439 ι
3193 5387 3292 5454 Qui
3330 5402 3475 5456 ergo.

1900 5485 1976 5538 sic
2022 5484 2096 5535 ait
2147 5492 2199 5535 et
2241 5482 2454 5546 scribit,
2488 5497 2715 5535 curuam
2761 5482 3033 5536 contraria
3077 5479 3311 5549 dogmati
3359 5493 3461 5530 suo

1901 5575 2240 5629 censuisset?
2270 5575 2410 5629 Dicit
2444 5575 2607 5637 enim,
2639 5573 2770 5629 alias
2807 5574 3104 5627 locutiones
3139 5583 3468 5626 communes

1903 5667 2014 5722 ﬁeri
2069 5666 2156 5720 uni
2218 5681 2488 5734 personae,
2539 5666 2672 5719 alias
2721 5664 2934 5718 divisim
2987 5664 3197 5718 duabus
3251 5661 3465 5717 naturis

1902 5761 2137 5815 attribui.
2178 5758 2311 5812 Tum
2364 5760 2416 5814 in
2470 5756 2920 5827 subsequentibus
2965 5756 3096 5810 dicit
3143 5775 3156 5810 :
3210 5774 3229 5807 r
3285 5755 3356 5809 ita
3403 5763 3467 5810 et

1902 5855 2336 5926 Sapientissimus
2366 5851 2556 5908 Petrus
2583 5866 2596 5906 :
2624 5849 2852 5918 Christo,
2886 5849 3192 5919 inquit,pro
3226 5849 3381 5902 nobis
3408 5847 3463 5901 in
