3912 6212
461 220 566 292 947

1896 235 2329 298 THEORIANI

3603 228 3726 291 248

536 342 793 400 TllEOR.
831 344 888 400 Si
930 346 1251 402 traditiones
1281 349 1419 418 ejus,
1450 359 1506 402 ut
1541 348 1697 412 dicis,
1731 349 2028 404 custodire-

2203 351 2402 402 ΘΕΩΡ.
2457 350 2517 402 El
2548 350 2644 413 τὰς
2686 351 2896 404 ἐκείνου
2931 349 3282 422 παραδόσεις,
3316 347 3390 409 ὡς
3420 343 3550 416 ᾳὴτ,
3583 344 3728 412 ἐφυ-

465 432 567 495 tis,
612 448 952 506 nequaquam
997 436 1248 493 Patribus
1301 438 1757 494 adversarcmini.
1798 439 2032 496 Prorsus

461 526 607 580 enim
677 542 851 598 nuper
912 529 1111 584 audisti
1182 531 1453 600 prolatum
1521 546 1550 585 a
1621 532 1778 587 nobis
1848 532 2030 603 magni

463 619 747 674 Athanasii
782 621 1177 689 testimonium,
1205 623 1408 680 inferos
1441 639 1535 680 eos
1568 625 1906 696 appellantis,
1939 625 2032 696 qui

462 706 701 762 Verbum
747 717 805 764 et
838 726 1056 764 carnem
1095 712 1280 768 dicunt
1322 729 1483 768 unam
1525 726 1772 770 naturam
1819 732 1837 770 :
1875 733 2030 771 enm—

459 799 691 870 demque
721 801 937 858 Patrem
976 819 1103 859 mox
1134 806 1423 873 dicentem,
1452 808 1751 878 quamlibet
1779 811 2029 865 haeresim

459 886 740 961 impietate
783 909 880 950 vos
930 897 1289 966 superavisse.
1324 897 1510 970 Neque
1552 916 1684 956 vero
1733 912 1785 958 te
1835 903 2033 973 pudeat

457 985 712 1041 convinci
743 1001 772 1040 a
804 987 980 1053 nobis,
1006 1005 1236 1058 quorum
1269 993 1537 1047 mundana
1564 992 1778 1047 fortuna
1810 1004 1862 1047 et
1889 995 2034 1049 litte-

461 1085 648 1133 ratura
681 1081 826 1134 nulla
858 1091 962 1147 est,
989 1085 1082 1138 sed
1111 1085 1258 1138 illum
1293 1087 1465 1157 Cogita
1492 1094 1666 1143 vatem
1696 1088 2032 1158 Balaamum,

457 1175 550 1242 qui
581 1189 639 1228 se
667 1175 749 1228 Vel
777 1174 846 1229 ab
876 1177 1026 1231 asina
1061 1178 1256 1250 corrigi
1293 1196 1486 1248 passus
1515 1191 1617 1236 est.

530 1354 625 1410 His
649 1357 961 1428 disputatis,
987 1360 1060 1414 ait
1085 1360 1334 1418 Generali
1359 1363 1628 1420 Atmanus
1653 1381 1668 1420 :
1698 1366 1808 1436 Ego
1835 1381 2031 1420 arcana

456 1444 556 1503 fari
582 1451 795 1516 nescio;
823 1467 988 1506 unum
1017 1454 1119 1508 hoc
1144 1455 1284 1520 scio,
1307 1466 1359 1511 te
1384 1456 1694 1528 imperatori
1719 1459 2030 1528 seripsisse,

459 1551 512 1596 et
557 1543 743 1599 verbis
793 1546 954 1600 etiam
1009 1548 1401 1618 significavisse
1455 1567 1553 1621 per
1600 1551 1741 1608 hunc
1791 1552 2031 1609 sodalem

463 1647 639 1687 meum
685 1635 1071 1705 philosophum
1119 1639 1212 1709 qui
1265 1656 1480 1697 mecum
1527 1643 1699 1698 adest.
1742 1642 2030 1714 Propterea

459 1739 557 1780 ceu
591 1725 658 1781 ad
688 1727 991 1783 confectum
1026 1732 1300 1801 negotium
1331 1734 1475 1799 veni,
1511 1749 1618 1788 non
1657 1734 1724 1790 ad
1757 1737 2033 1805 discepta-

461 1820 688 1875 tionem.
717 1819 870 1891 Rogo
900 1822 1082 1895 igitur,
1115 1841 1244 1879 num
1275 1840 1336 1881 ea
1370 1843 1492 1897 qua:
1522 1827 1834 1896 imperatori
1867 1829 2036 1899 signi-

463 1911 662 1977 fICasti,
695 1921 815 1968 rata
848 1915 1089 1971 habeas?
1121 1918 1204 1972 sin
1242 1919 1439 1983 minus,
1469 1929 1658 1990 aperte
1689 1920 1740 1976 id
1774 1920 1944 1989 dicas,
1977 1932 2035 1977 ut

460 2016 828 2068 revertamur.
863 2010 989 2068 Ηωο
1019 2014 1304 2071 audientes
1337 2012 1503 2071 verba
1541 2016 1615 2074 illi
1650 2017 1913 2090 episcopi,
1943 2021 2035 2091 qui

454 2103 567 2170 jam
600 2113 758 2157 antea
791 2104 980 2162 offensi
1015 2117 1174 2164 erant
1198 2108 1476 2176 Generali,
1507 2112 1822 2168 tumultuari
1857 2128 2038 2185 caspe-

456 2205 603 2261 runt,
643 2196 1005 2269 invicemque,
1043 2211 1099 2253 ut
1147 2203 1381 2270 proximi
1431 2214 1619 2272 erant,
1654 2206 1836 2261 dicere
1888 2226 1901 2262 :
1955 2208 2033 2264 En

457 2302 582 2342 vera
615 2304 808 2361 reapse
835 2301 1107 2360 suntquae
1139 2304 1297 2349 antea
1327 2295 1657 2354 audivimus.
1680 2297 1837 2353 Brevi
1873 2300 2036 2370 igitur

454 2381 610 2451 lapso
640 2388 906 2452 tempore,
933 2393 984 2437 et
1013 2383 1122 2453 iam
1153 2389 1502 2444 decrescente
1530 2388 1784 2456 tumultu,
1814 2408 2032 2447 manum

459 2474 748 2532 intendens
784 2478 1171 2551 silentiumque
1202 2482 1449 2538 indicens
1485 2483 1793 2548 Generalis,
1829 2486 1903 2543 ait
1933 2504 2030 2542 no-

461 2568 546 2623 bis
586 2586 600 2623 :
652 2568 823 2625 Hodie
863 2573 1082 2641 quidem
1121 2575 1256 2631 satis
1291 2577 1579 2632 verborum
1614 2578 1848 2648 efﬂuxit;
1885 2595 2036 2636 rece-

461 2664 573 2718 dite
602 2663 713 2733 jam
749 2668 815 2719 ad
850 2667 1090 2736 requiem
1129 2686 1145 2726 :
1191 2685 1380 2726 rursus
1416 2671 1562 2726 enim
1597 2687 1692 2728 vos
1725 2674 2032 2731 audiemus.

459 2753 567 2810 Nos
603 2771 733 2829 ergo
765 2759 1116 2816 recessimus.

532 2942 666 2997 Exin
725 2958 917 2998 novem
955 2944 1070 3000 dies
1104 2945 1488 3012 decurrerunt,
1521 2947 1652 3018 quin
1694 2946 1896 3020 aliquid
1940 2965 2036 3003 no-

2133 443 2381 511 λάττετε,
2409 442 2639 496 ἐναντίοι
2683 445 2793 505 τοῖς
2833 442 3114 514 Πατράσιν
3144 440 3244 493 οὐκ
3274 434 3341 492 ἂν
3389 432 3509 504 ἦτε.
3549 435 3731 504 ’Δκή-

2136 552 2266 598 κοας
2287 536 2505 599 πάντως
2533 536 2636 606 τὴν
2665 534 2894 608 ἔναγχος
2919 533 3221 607 παρ’ἡμῶν
3250 529 3729 602 παραδειχθεῖσαν

2134 629 2332 701 χρῆσιν
2371 629 2463 684 τοῦ
2494 629 2732 701 μεγάλου
2753 628 3106 693 Ἀθανασίου,
3139 627 3259 689 πῶς
3289 620 3426 696 ᾅδην
3455 622 3723 689 ὠνόμασε

2133 725 2258 787 τοὺς
2292 723 2548 791 λέγοντας
2577 723 2667 777 τὸν
2690 723 2863 792 Λόγον
2888 724 2984 777 καὶ
3005 721 3106 791 τὴν
3141 719 3323 790 σάρκα
3347 717 3482 781 μίαν
3517 716 3726 784 φύσιν·

2135 816 2228 869 καὶ
2258 815 2374 878 πῶς
2407 833 2540 886 φησι
2575 813 2977 888 παρακατιὼν·
3013 831 3031 865 ι
3065 813 3253 882 Πὰσης
3291 811 3400 880 γὰρ
3449 808 3732 878 αἱρέσεως

2136 906 2299 960 πλέον
2328 906 2408 969 εἰς
2440 906 2698 960 ἀσέϐειαν
2722 904 3088 971 ὲξεκλίνατε.»
3119 904 3233 957 Καὶ
3290 900 3364 972 μὴ
3419 896 3735 967 αἰσχυνθῇς

2136 993 2230 1068 ὑφ’
2286 997 2475 1069 ήμῶνῖ
2497 998 3058 1075 ἐλεγχόμενοςηλτῷν
3079 994 3222 1050 κατὰ
3317 994 3410 1048 τδν
3477 992 3596 1062 βίον
3627 991 3734 1044 καὶ

2133 1092 2226 1144 τὸν
2256 1091 2417 1161 λόγον
2444 1089 2598 1145 οὐδὲν
2629 1092 2824 1156 ὄντων,
2851 1089 2970 1143 ἀλλ’
2999 1087 3345 1159 ἐνθυμήθητι
3370 1085 3466 1140 τὸν
3518 1084 3731 1154 μάντιν

2135 1185 2344 1239 ἐκεῖνον
2382 1184 2478 1238 τὸν
2517 1183 2748 1239 παλαιὸν
2781 1181 3035 1253 Βαλαὰμ,
3075 1178 3137 1247 ὃς
3170 1178 3396 1250 καὶτῆς
3447 1177 3574 1232 ὄνου
3628 1175 3735 1228 τόν

2136 1278 2356 1348 ἔλεγχον
2377 1277 2661 1341 ἀσπασίως
2695 1277 2938 1342 ἐδέξατο.

2205 1371 2424 1424 Τούτων
2459 1369 2603 1423 οὕτω
2624 1368 2923 1440 ῥηθέντων,
2955 1369 2986 1422 ὁ
3006 1366 3277 1437 Ἀτμάνος
3315 1380 3438 1418 eme
3469 1361 3609 1430 πρὸς
3629 1359 3735 1413 τδν

2135 1457 2458 1518 Καθολικόν.
2473 1452 2616 1529 Ἐγὼ
2633 1458 2991 1530 κεκρυμμένα
3015 1458 3197 1526 λέγειν
3218 1458 3317 1510 οὐκ
3338 1449 3476 1509 οῖδα·
3495 1452 3556 1506 ἓν
3576 1447 3735 1517 οἶδα,

2133 1557 2215 1608 ὅτι
2237 1550 2486 1627 ἔγραψας
2505 1551 2641 1626 πρὸς
2657 1554 2750 1607 τὸν
2777 1552 3025 1624 βασιλέα,
3044 1552 3140 1606 καὶ
3156 1550 3421 1620 ἀγράφως
3435 1547 3734 1616 ἱμήνυσας

2136 1649 2273 1720 πρὸς
2300 1650 2463 1703 αὐτὸν
2499 1649 2587 1702 διὰ
2617 1648 2711 1704 τοῦ
2772 1648 3074 1718 συντρόφου
3133 1663 3236 1716 μου
3276 1644 3371 1697 τοῦ
3423 1640 3734 1711 φιλοσόφου

2137 1744 2196 1797 όν
2224 1737 2394 1806 οἶδας.
2425 1740 2534 1796 Καὶ
2565 1741 2652 1795 διὰ
2682 1741 2849 1794 τοῦτο
2872 1737 3039 1810 ἦλθον
3068 1739 3164 1794 νῦν
3202 1735 3285 1800 εἰς
3315 1737 3553 1808 πρᾶγμα
3585 1733 3734 1786 ἔτοιι

2141 1852 2260 1904 μον,
2279 1834 2380 1888 οὐκ
2395 1835 2474 1896 εἰς
2490 1831 3006 1904 διαλέξεις.Ἐρωτῶ
3023 1827 3118 1885 οὖν
3141 1849 3199 1885 σε
3218 1831 3265 1884 ei
3290 1829 3463 1893 θέλεις
3487 1828 3735 1893 ποιῆσαι

2135 1921 2172 1980 ἃ
2193 1926 2473 1994 ἐμήνυσας
2505 1919 2583 1992 τῷ
2611 1921 2847 1994 βασιλεῖ’
2879 1921 2927 1974 ει
2954 1920 3013 1975 δέ
3045 1920 3281 1992 μὴ,εἰπέ
3309 1921 3442 1991 ἡμῖν
3466 1915 3735 1987 φανερῶς

2141 2012 2227 2068 ἵνα
2255 2011 2708 2085 ὑποστρέψωμεν.
2738 2011 2962 2066 Τούτων
3002 2011 3262 2080 κατήκοοι
3305 2010 3415 2063 τῶν
3446 2009 3733 2082 ῥημάτων

2137 2104 2427 2174 γεγονότες
2472 2104 2521 2156 οἱ
2577 2101 3187 2175 προσκανδαλισθέντες
3244 2101 3534 2172 ἀρχιερεῖς
3573 2098 3735 2151 κατὰ

2136 2197 2228 2251 τοῦ
2273 2195 2606 2260 Καθολικοῦ,
2660 2191 2898 2268 ἤρξαντο
2954 2193 3309 2264 θορυὸεῖσθαι
3366 2191 3464 2246 καὶ
3534 2189 3736 2259 λέγειν

2137 2293 2375 2352 ἕκαστος,
2397 2289 2535 2359 πρὸς
2587 2287 2679 2341 τὸν
2736 2287 2963 2354 ἔγγιστα
3011 2285 3220 2341 αὐτοῦ’
3275 2287 3483 2348 Ὄντως
3540 2283 3735 2354 ἀληθῆ

2139 2376 2275 2436 εἰσιν
2302 2383 2337 2436 ἃ
2357 2380 2699 2451 ἀκηκόαμεν.
2736 2380 2962 2449 Ὀλίγης
2996 2374 3092 2434 οὖν
3119 2379 3270 2450 ὧρας
3297 2379 3735 2448 διαγενομένης,

2137 2476 2233 2530 καὶ
2264 2472 2497 2544 θορύϐου
2515 2471 2714 2542 μικροῦ
2743 2473 3072 2543 γενομένου,
3096 2471 3445 2532 Κατασείσας
3464 2473 3528 2540 τῇ
3547 2472 3733 2543 χειρὶ,

2139 2568 2232 2624 καὶ
2266 2568 2427 2638 σιγᾷν
2449 2566 3012 2638 παρακελευσάμενος
3041 2567 3068 2620 ὁ
3091 2565 3398 2628 Καθολικὸς
3426 2560 3547 2618 εἷπε
3582 2567 3740 2635 πρδς

2138 2662 2284 2734 ἡμᾶς
2304 2676 2318 2691 ο
2352 2656 2605 2730 Σήμερον
2635 2657 2804 2712 πολλὰ
2837 2657 3196 2730 διελέχθημεν
3219 2675 3233 2688 ο
3266 2657 3504 2726 ὑπάγετε
3529 2654 3739 2709 λοιπδν

2140 2755 2233 2808 καὶ
2286 2750 2668 2822 ἀναπαύθητε,
2727 2749 2823 2805 καὶ
2881 2748 3070 2805 ἄλλοτε
3129 2749 3291 2804 πάλιν
3369 2749 3737 2819 ἀκουσόμεθα

2142 2847 2294 2919 ὑμῶν
2307 2886 2322 2900 .
2352 2841 2416 2898 Ἀ
2426 2843 2703 2915 πήλοομεν
2736 2842 3046 2914 τοιγαροῦν.

2195 2940 2441 3012 ΪΕκτοτε
2479 2938 2537 2990 δὲ
2595 2936 2883 3009 παρῆλθον
2939 2935 3145 3006 ἡμέραι
3190 2933 3347 2990 ἐννέα
3416 2933 3512 2988 καὶ
3565 2933 3736 2986 οὐδὲν

461 3037 545 3092 his
571 3036 854 3092 Generalis
879 3037 1236 3108 significaret,
1255 3039 1342 3109 qui
1371 3040 1439 3095 ob
1466 3040 1842 3110 aegritudinem
1869 3042 2031 3096 animi

2145 3031 2412 3102 ἐμήνυσεν
2439 3029 2615 3100 ἡμῖνὸ
2641 3027 2966 3091 Καθολικδς,
2998 3025 3343 3094 λυπούμενος
3362 3025 3416 3080 δέ
3447 3025 3560 3079 οὐδ’
3583 3024 3737 3087 ὅλως

458 3143 686 3199 prorsus
735 3130 952 3200 publico
1002 3129 1324 3186 abstinebat.
1365 3131 1559 3188 Sciens
1603 3147 1730 3188 vero
1776 3136 2038 3188 Atmanus

461 3224 605 3293 quod
639 3224 711 3278 ob
744 3223 1016 3292 proditum
1050 3231 1322 3278 secretum
1360 3223 1451 3279 ille
1488 3233 1774 3292 maereret,
1801 3234 1855 3281 et
1894 3227 2036 3296 quod

463 3317 672 3374 homini
709 3316 967 3382 maxime,
1000 3315 1094 3386 qui
1128 3315 1179 3369 id
1217 3315 1567 3385 patefecerat,
1593 3317 1833 3373 offensus
1873 3327 2036 3383 esset,

460 3421 736 3466 convento
768 3410 1024 3466 Generali
1049 3411 1125 3465 ait
1151 3429 1166 3466 :
1193 3409 1331 3466 Puto
1355 3413 1700 3468 sanctitatem
1730 3421 1876 3466 tuam
1904 3413 2036 3466 mihi

459 3504 647 3567 irasci,
671 3502 766 3558 sed
800 3503 1072 3558 immerito
1104 3522 1116 3556 :
1143 3502 1287 3572 quod
1321 3503 1464 3558 cnim
1491 3514 1548 3558 tu
1580 3505 1860 3560 arbitraris
1889 3520 2041 3560 arcn-

462 3614 616 3663 num,
648 3598 699 3651 id
734 3611 830 3666 per
857 3597 1172 3651 universam
1205 3595 1529 3652 Romaniam
1563 3597 1687 3651 trita
1725 3597 1901 3652 fabula
1934 3610 2035 3653 est.

463 3690 693 3762 Scripsit
719 3690 861 3745 enim
891 3689 993 3746 hoc
1018 3691 1218 3746 sodalis
1246 3705 1400 3746 meus
1431 3690 1482 3744 in
1510 3691 1897 3761 disputatione,
1920 3709 2039 3762 quae

462 3785 598 3838 lecta
639 3783 737 3837 fuit
771 3797 955 3837 coram
996 3781 1205 3853 synodo
1251 3790 1414 3852 atque
1453 3781 1508 3837 in
1549 3783 1778 3852 palatio,
1811 3785 2039 3854 ejusque

465 3877 795 3947 exemplaria
832 3876 952 3948 plus
985 3885 1202 3931 centum
1238 3887 1368 3930 sunt
1398 3877 1688 3946 descripta,
1719 3877 1789 3932 ita
1827 3885 1883 3933 ut
1916 3880 2038 3934 uni-

465 3987 622 4026 versa
671 3970 935 4024 Romania
985 3985 1074 4024 res
1126 3968 1444 4022 innotuerit.
1488 3968 1618 4023 Sine
1666 3985 1822 4025 causa
1874 3970 2040 4042 igitur

468 4063 597 4118 mihi
630 4063 914 4129 irasceris,
947 4079 1068 4119 cum
1105 4064 1232 4118 mihi
1268 4065 1450 4133 petius
1477 4066 1828 4134 expostulare
1860 4078 2035 4122 tecum

459 4157 623 4216 liceat
647 4198 662 4222 ,
695 4157 837 4226 quod
877 4173 963 4212 me
995 4158 1246 4228 gentilem
1291 4165 1443 4213 tuum
1479 4168 1534 4213 et
1565 4158 1618 4213 in
1657 4160 1760 4220 fide
1794 4161 2036 4217 sodalem

465 4265 576 4304 rem
625 4249 892 4305 celaveris
932 4265 1093 4319 quam
1142 4250 1433 4319 peregrino
1483 4250 1687 4305 homini
1735 4253 2036 4309 revelabas.

465 4343 530 4398 Et
574 4346 788 4414 quidem
837 4344 883 4398 si
932 4343 1024 4399 uni
1069 4344 1200 4399 mihi
1245 4343 1481 4399 confisos
1523 4343 1734 4411 fuisses,
1769 4345 2040 4404 incolune

463 4453 723 4492 arcanum
767 4447 933 4503 esset,
965 4453 1139 4506 neque
1181 4446 1240 4490 ut
1279 4451 1426 4491 nunc
1460 4436 1515 4491 in
1559 4438 1748 4508 vulgus
1789 4438 2037 4494 dissemi-

463 4541 672 4584 Imittur.

535 4709 737 4764 Novem
795 4709 958 4780 igitur
1007 4706 1298 4778 prazteritis
1343 4708 1568 4777 dlt‘blls,
1617 4709 1768 4765 misit
1816 4709 1883 4764 ad
1940 4725 2038 4765 nos

463 4803 745 4857 Generalis
765 4802 1078 4870 episcopum
1098 4799 1422 4869 Gregorium
1448 4802 1832 4858 consobrinum
1857 4817 2043 4866 suum,

466 4901 828 4963 cognomento
867 4907 1119 4963 parvum,
1156 4892 1393 4962 itemque
1436 4895 1751 4962 episcopum
1802 4893 2041 4947 lsaacum

467 4998 522 5043 ct
554 4990 832 5043 doetorem
867 4987 1228 5057 Stephanum,
1261 4987 1351 5056 qui
1387 4985 1515 5041 mihi
1549 4986 1900 5058 (Theoriano)
1934 4987 2044 5057 pri~

470 5089 594 5134 vato
643 5080 696 5132 in
746 5079 1049 5147 colloquio,
1084 5078 1442 5149 pta-sentibus
1488 5081 1649 5134 etiam
1701 5080 1936 5133 Atmano
1987 5088 2042 5131 et

469 5172 789 5243 presbytero
836 5161 1124 5235 Michacle,
1160 5170 1411 5226 dixerunt
1447 5189 1462 5225 :
1501 5171 1781 5243 Significat
1812 5170 1906 5226 tibi
1943 5171 2040 5225 do-

470 5267 655 5322 minus
691 5256 903 5330 noster,
932 5279 991 5321 se
1025 5265 1122 5322 tibi
1155 5274 1213 5319 ut
1241 5265 1470 5319 honesto
1503 5266 1620 5321 viro
1651 5275 1704 5320 et
1742 5265 2043 5319 Christiano

470 5372 743 5415 secretum
784 5359 1190 5414 concredidisse
1236 5368 1494 5427 tanquam
1547 5357 1657 5412 Deo
1703 5374 1717 5412 :
1767 5367 1818 5412 te
1863 5370 2042 5412 autem

474 5451 577 5505 sibi
644 5451 964 5522 promisisse
1026 5449 1230 5503 nemini
1299 5460 1657 5520 prwterquam
1728 5447 2042 5520 imperatori

471 5545 768 5603 dicturum.
795 5544 948 5600 Nunc
979 5553 1030 5598 te
1059 5544 1215 5598 fidem
1246 5545 1434 5598 arcani
1465 5542 1690 5615 fregisse
1723 5545 1899 5615 palam
1928 5553 2043 5610 est;

542 5664 653 5734 (l8)
711 5660 1034 5718 Armeniaca
1081 5661 1268 5732 degha.
1324 5660 1421 5718 llic
1479 5673 1658 5718 autem
1712 5659 1926 5719 Nerscti
1984 5663 2035 5718 in

471 5736 832 5810 patriarchatu
863 5735 1142 5789 successit.

2140 3123 2359 3195 προῄει.
2401 3121 2566 3186 Γνοὺς
2587 3121 2644 3176 δέ
2669 3123 2697 3175 ό
2715 3122 2804 3176 Ἀτ
2815 3121 2984 3192 μάνος
3003 3122 3086 3175 ὅτι
3106 3120 3196 3173 διὰ
3217 3118 3281 3172 τὸ
3328 3119 3733 3189 φανερωθῆναι

2137 3217 2197 3270 τὸ
2233 3216 2534 3288 μυστήριον
2563 3214 2844 3279 λυπεῖται,
2884 3214 2981 3268 καὶ
3005 3214 3092 3267 ὅτι
3119 3213 3245 3267 κατ’
3305 3209 3472 3266 αὐτοῦ
3515 3210 3737 3282 μᾶλλον

2139 3311 2399 3364 λυπεῖται
2429 3306 2528 3361 τοῦ
2562 3304 3003 3378 φανερώσαντος,
3020 3303 3218 3375 ἀνῆλθε
3251 3303 3388 3374 πρὸς
3418 3304 3510 3357 τὸν
3543 3303 3739 3359 Καθο-

2137 3402 2287 3457 λικδν
2321 3402 2416 3456 καί
2448 3410 2584 3472 φησι
2605 3399 2739 3464 πρὸς
2763 3396 2927 3452 αὐτόν
2953 3414 2968 3430 ο
3013 3394 3419 3467 ’Υπολαμῆἀνω
3451 3399 3534 3449 ὅτι
3599 3396 3738 3452 κατ’

2139 3495 2274 3566 ἐμοῦ
2303 3488 2557 3550 λυπεῖται
2587 3494 2619 3562 ἡ
2651 3487 2936 3563 ἁγιωσύνη
2969 3508 3088 3556 σου,
3150 3487 3268 3544 ἀλλ’
3321 3490 3420 3542 οὐκ
3475 3488 3592 3541 ἔστι
3649 3487 3739 3543 δτ-

2139 3607 2296 3644 καιον
2327 3607 2339 3620 ο
2370 3589 2398 3641 ὃ
2433 3587 2540 3657 γὰρ
2577 3587 2639 3640 σὺ
2704 3586 3003 3656 μυστήριον
3061 3583 3210 3656 ἔχειν
3289 3583 3734 3654 ὑπολαμϐάνεις,

2139 3684 2348 3754 πᾶσαή
2388 3678 2667 3752 Ῥωμανία
2730 3678 3025 3748 κωμῳδίαν
3075 3679 3213 3750 ἔχει.
3309 3677 3561 3749 Ἐγραφε
3613 3681 3739 3752 γᾶρ

2139 3779 2300 3832 τοῦτο
2328 3780 2354 3830 ὁ
2385 3774 2687 3847 σύντροφός
2725 3791 2825 3844 μου
2851 3774 2909 3827 ἐν
2937 3777 3005 3846 τῇ
3035 3769 3295 3841 διαλέξει.
3321 3771 3446 3845 ἥτις
3474 3773 3743 3842 aqua.

2142 3875 2245 3942 σθη
2278 3867 2372 3922 ἐπὶ
2406 3868 2628 3921 συνόδου
2669 3861 2766 3919 καὶ
2794 3866 2887 3917 ἐπὶ
2921 3863 3214 3926 παλατίου,
3268 3863 3364 3918 καὶ
3397 3863 3740 3935 μετεγράρη

2140 3966 2198 4016 ἐν
2224 3958 2585 4031 ἀντιγράφοις
2614 3960 2876 4014 ἐπέκεινα
2917 3959 3027 4012 τῶν
3055 3954 3274 4022 ἐκατδν,
3336 3958 3431 4010 καὶ
3475 3958 3743 4026 γνωστὸν

2141 4058 2358 4127 ἐγένετο
2392 4057 2477 4125 ἐφ’
2498 4057 2591 4125 ὅλῃ
2622 4057 2688 4124 τῇ
2726 4054 3027 4126 Ῥωμανῐᾳ.
3062 4054 3176 4106 Οὐκ
3201 4052 3442 4122 εὐλόγως
3466 4050 3739 4124 οὔνλυπῇ

2141 4150 2264 4205 κατ’
2292 4144 2426 4218 ἐμοῦ
2451 4165 2467 4183 ο
2497 4145 2609 4220 ἐγὼ
2637 4145 2843 4219 μᾶλλον
2902 4145 3104 4215 ὀφείλω
3160 4143 3385 4207 δικαίως
3428 4144 3738 4199 λυπεῖσθαι

2143 4243 2289 4296 κατὰ
2339 4233 2432 4293 σοῦ
2462 4240 2544 4293 ὅτι
2585 4237 2910 4310 ἀπέκρυψας
2941 4235 3101 4291 τοῦτο
3129 4238 3226 4290 ἀπ’
3255 4236 3389 4308 ἐμοῦ
3431 4237 3528 4292 τοῦ
3593 4241 3746 4308 ὁμοο

2149 4336 2315 4404 φύλου
2363 4333 2457 4388 καὶ
2506 4333 2804 4404 όμοπίστου
2859 4349 2976 4396 σου,
3029 4334 3120 4386 καὶ
3181 4331 3544 4401 ἀπεκάλυψας
3588 4332 3737 4388 αὐτὸ

2150 4429 2436 4494 ἀλλογενεῖ
2463 4421 2641 4496 ἀνδρί.
2674 4426 2735 4479 Εἰ
2773 4424 2879 4495 γὰρ
2903 4424 3025 4494 ἐμοὶ
3054 4423 3202 4494 μόνῳ
3265 4422 3600 4500 ἐθάρρησας,
3658 4419 3736 4497 ἦν

2149 4515 2214 4578 ἂν
2242 4523 2321 4574 ἔτι
2354 4522 2678 4593 μυστήριον,
2708 4523 2801 4573 καὶ
2831 4520 2930 4573 οὐκ
2986 4519 3055 4572 ἂν
3087 4518 3390 4591 διεγνώσθη
3438 4522 3609 4575 πᾶσιν
3650 4521 3736 4586 ὡς

2147 4615 2267 4672 νῦν.
3023 4684 3033 4691 _

2219 4707 2618 4778 Παρελθουσῶν
2649 4703 2743 4760 οὖν
2769 4707 2877 4760 τῶν
2901 4707 3055 4762 ἐννέα
3113 4704 3357 4778 ἡμερῶν,
3430 4705 3733 4761 ἀπέστειλε

2147 4801 2284 4870 πρὸς
2315 4801 2465 4870 ἡμᾶς
2505 4800 2593 4853 τὸν
2634 4799 2937 4853 ἐπίσκοπον
2999 4799 3305 4870 Γρηγόριον
3354 4799 3446 4851 τὸν
3501 4796 3737 4869 ἀνεψιδῦ

2145 4894 2306 4948 αὑτοῦ
2341 4895 2433 4947 τὸν
2465 4893 2680 4964 Μικρὸν
2722 4893 2858 4960 (l8),
2891 4891 2988 4947 καὶ
3025 4894 3116 4946 τὸν
3163 4894 3468 4946 ἐπίσκοπον
3528 4894 3735 4948 Ἰσαὰκ

2139 4988 2238 5041 καὶ
2304 4985 2396 5040 τὸν
2426 4987 2748 5041 διδάσκαλον
2785 4987 3081 5054 Στέφανον,
3128 4987 3326 5049 οἵτινες
3364 4982 3516 5040 εἷπον
3585 4989 3732 5056 πρός

2145 5100 2210 5151 με
2266 5081 2376 5151 (l9)
2430 5075 2551 5134 κατ⁴
2615 5082 2770 5144 ἰδίαν,
2823 5083 3109 5150 παρόντων
3158 5079 3252 5134 καὶ
3300 5079 3395 5135 τοῦ
3447 5080 3734 5151 Ἀτμάνοο

2149 5176 2242 5228 καὶ
2281 5175 2374 5229 τοῦ
2409 5176 2567 5227 ποιπᾶ
2598 5173 2815 5243 Μιχαὴλ
2843 5189 2859 5205 ο
2902 5166 2960 5227 ⁸0
3011 5168 3280 5243 δεσπότης
3334 5173 3493 5243 ἡμῶν
3526 5176 3734 5244 μηνύει

2153 5289 2234 5324 σοι
2285 5271 2364 5322 ὅτι
2399 5269 2509 5334 ἐγὼ
2540 5265 2930 5336 ἐνεπιστεύοην
2985 5284 3085 5332 σοι,
3115 5265 3191 5329 ὡς
3245 5266 3398 5337 καλῷ
3446 5266 3735 5339 ἀνθρώπῳ

2149 5363 2244 5415 καὶ
2286 5361 2359 5425 ὡς
2419 5360 2756 5429 Χριστιανῷ,
2820 5359 3121 5430 μυστήριον
3156 5357 3232 5422 ὡς
3282 5358 3376 5414 ἐπὶ
3423 5357 3586 5412 Θεοῦ’
3634 5360 3736 5414 καὶ

2150 5453 2214 5504 σὺ
2288 5449 2594 5520 ύπεσχέθης
2669 5467 2760 5520 μοι
2825 5449 3018 5518 μηδενὶ
3086 5450 3264 5502 εἰπεῖν
3323 5449 3355 5520 ἦ
3413 5450 3562 5522 μόνῳ
3650 5452 3735 5522 τῷ

2152 5542 2411 5613 βασιλεῖ’
2451 5541 2542 5594 καὶ
2573 5541 2673 5594 οὐκ
2737 5539 3014 5609 ἐφύλαξας
3067 5541 3166 5612 τὴν
3239 5541 3562 5611 ὑπόσχεσιν,
3633 5546 3736 5601 καὶ

2217 5661 2330 5732 (l9)
2372 5660 2506 5714 llme
2539 5671 2723 5732 aperte
2753 5659 3163 5732 cognoscimus,
3193 5659 3520 5732 scriptorem
3561 5662 3734 5732 huius

2156 5729 2369 5804 quaque
2399 5730 2648 5788 secundm
2677 5730 3057 5799 disputationis
3083 5729 3471 5788 Tthtianum‘.
