4008 6170
241 271 349 340 249

242 401 338 460 οὐκ
383 405 652 475 ἐποίησας
714 404 897 469 καλῶς
932 417 948 434 ⁸

239 504 284 554 oi
316 500 602 571 Ἀρμένιοι
631 499 768 570 πρὸς
801 498 924 570 ἐμὲ,
953 500 1047 553 καὶ
1077 497 1184 553 εἶσὶ
1216 504 1619 573 τεταραγμένοι
1652 521 1666 534 ⁸
1721 505 1818 558 καὶ

237 594 329 648 διὰ
391 595 554 648 τοῦτο
585 594 845 661 ὑπέμεινε
882 592 1159 658 παντελῶς
1197 594 1228 664 ἡ
1267 595 1526 660 ὑπόθεσις
1577 597 1678 666 τῆς
1732 598 1819 651 ὲν-

237 688 444 750 ὠσεως.
489 688 548 741 ’0
575 687 629 739 δὲ
662 687 968 758 Θεωριανὸς
996 682 1117 740 εἶπε
1149 688 1287 758 πρὸς
1317 688 1816 752 αὐτούςΤινῶσκω

236 782 317 833 δτι
351 780 576 850 γραφὴν
611 777 933 832 ἀπέστειλεν
961 781 988 832 ό
1025 779 1329 844 Καθολικδς
1379 780 1447 835 δι’
1486 779 1623 850 ἐμοῦ
1678 783 1814 853 πρὸς

234 871 599 941 τὸνβασιλέα
641 872 1118 944 ἐσφραγισμένην,
1183 875 1252 944 ἢν
1310 874 1404 927 καὶ
1459 872 1670 941 ἀνέγνω
1725 892 1814 946 μοι

236 965 378 1016 κατὰ
412 962 586 1033 μόνας
620 979 634 991 ·
667 963 929 1030 γινώσκω
956 965 1040 1017 ὅτι
1109 965 1203 1019 καὶ
1252 966 1518 1035 ἀγράφως
1571 967 1814 1038 ἐμήνυσε

229 1058 297 1112 δι’
322 1055 462 1126 ἐμοῦ
492 1057 628 1126 πρὸς
653 1059 745 1110 τὸν
781 1057 1009 1126 βασιλέα
1040 1057 1165 1123 περὶ
1220 1060 1318 1128 τῆς
1345 1058 1589 1122 ἑνώσεως
1612 1074 1629 1090 ⁸
1687 1063 1816 1130 ὀμο-

229 1148 377 1218 λογῶ
405 1151 490 1203 ὅτι
525 1150 621 1202 καὶ
654 1149 998 1220 παρήγγειλέ
1065 1167 1156 1219 μοι
1213 1151 1404 1221 μηδενὶ
1477 1153 1652 1204 εἰπεῖν
1715 1151 1812 1222 τὴν

228 1241 457 1313 γραφὴν
488 1241 659 1312 ἀλλ’ἢ
687 1241 763 1312 τῷ
791 1240 1027 1312 βασιλεῖ,
1062 1241 1160 1294 καὶ
1215 1243 1342 1305 τοὺς
1395 1242 1589 1309 λόγους
1645 1244 1811 1298 αὑτοῦ

231 1338 420 1388 εἰπεῖν
452 1334 602 1403 αὐτῷ
639 1334 932 1405 μυστικῶς
960 1348 975 1362 ⁸
1013 1334 1108 1387 καὶ
1137 1335 1212 1399 ῶς
1275 1335 1606 1406 ὑπεσχέθην,
1672 1337 1814 1392 οὕτω

226 1430 328 1481 καὶ
364 1427 664 1496 πεποίηκα,
704 1425 798 1478 καὶ
825 1425 1070 1495 ἐφύλαξα
1094 1427 1194 1498 τὴν
1226 1428 1654 1497 ζπαραγγελίαν,
1705 1428 1814 1482 Καὶ

226 1521 393 1572 τοῦτο
424 1519 583 1588 δῆλον
612 1520 669 1584 ἐξ
696 1511 770 1572 ῶν
797 1518 979 1587 μέλλω
1002 1520 1211 1588 λέγειν.
1238 1521 1457 1574 Ἔδωκα
1490 1522 1566 1592 τῷ
1599 1523 1816 1593 βασιλεῖ

227 1615 333 1684 τὴν
359 1612 584 1683 γραφὴν
606 1612 1087 1682 ὲσφραγισμένην·
1123 1608 1279 1666 εἷπον
1307 1612 1376 1667 τὰ
1419 1615 1643 1686 ῥήματα
1711 1634 1803 1687 μυ.

229 1711 462 1773 στικῶς,
503 1709 667 1763 μόνου
699 1709 796 1762 τοῦ
850 1708 1141 1775 λογοθέτου
1196 1712 1628 1778 παρισταμένου.
1709 1713 1812 1764 Ἐκ

1591 290 2051 355 DlSl‘UTATlO
2092 297 2175 358 II.

1002 406 1098 461 καὶ
1160 406 1256 462 νῦν
1313 408 1820 483 ἐσκανδαλίσθησαν
1852 418 1892 470 A
1925 415 2065 482 quod
2107 413 2307 470 factum
2350 415 2466 486 ipse
2509 415 2781 490 vituperat

3393 309 3504 374 950

2828 435 2842 475 :
2887 433 3014 476 ecce
3057 421 3200 477 cnim
3237 422 3502 491 Armenii,

1922 504 2021 571 ait,
2056 505 2184 561 milii
2218 506 2410 561 oﬂ'ensi
2445 517 2592 575 sunt,
2626 517 2680 564 et
2713 508 2901 566 turbas
2935 512 3098 569 cient.
3131 501 3499 580 Quamobrem

1923 598 2144 654 uniouis
2179 601 2651 674 negetimnpiane
2683 601 2946 672 refriguit.
2980 603 3059 660 Ad
3095 606 3211 660 haec
3237 604 3504 661 Tlteoria-

1925 703 2029 742 nus
2060 690 2133 742 ait
2167 709 2180 746 :
2211 689 2429 744 Memini
2461 707 2490 746 a
2520 693 2770 747 Generali
2803 693 2934 748 mihi
2969 696 3197 750 traditas
3232 697 3297 750 ad
3333 697 3503 767 impe-

1927 789 2161 835 ratorem
2215 780 2424 839 litteras
2473 783 2815 854 obsignatas,
2865 800 3004 856 quas
3059 787 3191 842 milii
3246 788 3497 857 privatim

1919 870 2236 941 prmlegerat
2288 889 2305 928 :
2359 873 2616 940 memini,
2661 876 2842 930 verbis
2887 891 3108 946 quoque
3155 877 3500 945 signiﬁcasse

1918 960 2231 1032 imperatori
2275 965 2341 1019 de
2391 967 2592 1021 unione
2636 983 2729 1037 per
2775 983 2861 1023 me
2898 983 2916 1021 :
2957 969 3138 1024 fateor
3177 970 3309 1025 mlbi
3356 986 3493 1040 pra:-

1915 1066 2128 1124 ceptum
2180 1073 2208 1110 a
2261 1057 2513 1114 Gcnerali
2564 1061 2770 1128 fuisse,
2833 1071 2891 1116 ιιι
2943 1063 3144 1117 nemini
3195 1063 3494 1132 quidquam

1917 1145 2020 1199 nisi
2059 1147 2376 1216 imperatori
2411 1151 2476 1206 de
2509 1151 2596 1206 bis
2628 1153 2825 1209 litteris
2861 1153 3122 1219 dicerem,
3157 1164 3211 1210 et
3242 1164 3301 1208 ut
3332 1156 3493 1209 verba

1917 1236 2088 1309 ipsius
2119 1238 2335 1296 secre'to
2367 1245 2432 1295 ad
2465 1243 2848 1314 imperatorem
2884 1245 3167 1301 referrem.
3196 1245 3307 1316 Ego
3343 1262 3496 1301 vero:

1918 1339 1976 1382 ut
2009 1331 2408 1402 spoponderam
2455 1337 2528 1391 ita
2572 1338 2677 1408 egi,
2709 1348 2764 1392 et
2807 1341 3139 1409 promissum
3184 1337 3309 1394 feci.
3344 1339 3497 1406 Quod

1920 1431 1980 1478 ut
2005 1422 2404 1492 demonstrem,
2433 1429 2508 1482 rei
2541 1439 2704 1500 gestae
2731 1431 2926 1486 seriem
2956 1447 3292 1503 expromam.
3324 1431 3499 1485 Litte-

1917 1529 2006 1569 ras
2053 1515 2368 1586 imperatori
2405 1518 2716 1590 obsignatas
2751 1522 2943 1575 tradidi
2983 1541 2997 1577 :
3035 1522 3324 1577 commissa
3362 1538 3496 1578 meae

1925 1606 2050 1662 fidei
2076 1609 2238 1662 verba
2272 1620 2488 1666 secreto
2520 1611 2763 1667 conclavi
2794 1612 2930 1677 dixi,
2959 1631 3067 1669 uno
3098 1623 3310 1669 astante
3341 1615 3494 1682 logo-

1919 1701 2090 1754 tlteta.
2124 1701 2388 1769 Deinceps
2423 1719 2553 1758 vero
2588 1705 3074 1760 circumscribeudi
3113 1707 3493 1774 imperatorem

227 1817 355 1853 τοτε
397 1799 655 1865 ἐξουσίαν
708 1800 810 1852 οὐκ
853 1795 1001 1869 εἶχον
1056 1776 1373 1870 περιορίσαι
1428 1776 1520 1854 τὸν
1566 1800 1804 1871 βασιλέα,

1922 1791 2150 1845 facultas
2189 1793 2317 1848 mihi
2355 1810 2459 1849 non
2498 1795 2624 1861 fuit,
2660 1805 2822 1866 atque
2858 1797 3187 1866 impediendi
3222 1799 3493 1853 volentem

227 1893 332 1945 καὶ
362 1891 811 1946 renudatath
871 1892 1202 1964 βουλόμενον
1261 1891 1502 1958 ἐξειπεῖν
1555 1894 1688 1948 αὑτὸ
1747 1898 1814 1964 τῇ

221 1983 561 2055 Ἐκκλησία,
593 1983 624 2052 ἢ
654 1987 722 2054 τῇ
755 1983 1049 2056 συγκλήτῳ
1096 1985 1190 2038 καὶ
1221 1988 1289 2058 τῇ
1321 1985 1482 2058 βουλῇ
1511 1985 1700 2043 αὑτοῦ.
1754 1986 1817 2040 Ei

219 2076 430 2139 δ’ἴσως
469 2075 1060 2146 ἀπορεῐόΚαθολικὺς
1123 2076 1238 2139 πῶς
1280 2078 1382 2130 οὐκ
1435 2077 1670 2147 ἐφύλαξε
1755 2078 1818 2130 τὸ

220 2173 539 2243 μυστήριον
571 2175 598 2223 ό
633 2170 912 2240 βασιλεὺς,
959 2171 1263 2238 γινώσκετε
1297 2173 1597 2237 δτιπάντες
1625 2173 1815 2244 σχεδὸν

218 2266 364 2335 πλὴν
388 2267 486 2319 τοῦ
513 2248 994 2336 βασιλέωςῖλεγον
1017 2265 1099 2318 ὅτι
1127 2266 1228 2318 οὐκ
1258 2266 1408 2320 ἐστιν
1452 2270 1480 2320 ό
1512 2265 1814 2328 Καθολικὸς

218 2359 522 2428 ἄνθρωπος
571 2357 754 2428 ὀρθὸς,
813 2357 910 2411 καὶ
972 2357 1232 2412 οὐδέποτε
1288 2358 1659 2430 παραδέξεται
1713 2357 1813 2428 τὴν

215 2453 466 2504 ἕνωσιν·
521 2455 845 2524 διαστρέφει
897 2451 1008 2522 γὰρ
1070 2453 1172 2515 τὰς
1232 2451 1384 2516 θείας
1442 2451 1666 2522 Γραφὰς
1717 2454 1815 2506 καὶ

211 2545 646 2616 παρερμηνεῦει
674 2547 751 2607 εἰς
775 2544 834 2598 τὸ
861 2543 1064 2597 οἰκεῖον
1091 2543 1364 2616 βούλημα,
1428 2546 1524 2598 καὶ
1562 2547 1811 2617 ῥήμασιν

214 2640 575 2714 μὲνέπεσθαι
631 2637 745 2703 τοῖς
780 2638 957 2705 ἁγίοις
989 2642 1266 2709 ὁμολογεῖ,
1306 2640 1453 2712 ἔργῳ
1486 2639 1542 2694 δὲ
1597 2641 1809 2705 τούτοις

212 2731 550 2788 ἀντίκειται,
589 2729 647 2780 Ὀ
681 2727 737 2781 δὲ
765 2727 1028 2798 βασιλευς
1054 2731 1168 2794 τοῖς
1203 2729 1381 2784 ταῦτα
1408 2730 1666 2799 λέγουσιν
1710 2734 1810 2784 dw-

205 2824 409 2890 τέλεγε
443 2824 644 2890 πάντη,
673 2821 762 2873 διὰ
791 2820 891 2892 τὴν
917 2820 1082 2891 τιμὴν
1107 2819 1240 2888 γοῦν
1275 2821 1367 2874 τοῦ
1390 2821 1716 2887 Καθολικοῦ,
1739 2824 1808 2877 τὰ

209 2920 549 2993 γράμματα.
584 2917 695 2969 Καὶ
729 2915 887 2985 δῆλον
915 2915 976 2981 ὲξ
1001 2907 1077 2968 ὧν
1098 2914 1196 2968 νῦν
1237 2915 1431 2969 πλατεῖ
1456 2917 1686 2984 στόματι
1719 2918 1808 2970 λέ·-

206 3027 411 3079 τουσιν
439 3010 489 3064 οἱ
529 3007 790 3078 Ῥωμαῖοι
815 3008 1015 3072 πάντες
1046 3009 1236 3078 σχεδὸν
1264 3008 1403 3080 ὑπὲρ
1434 3009 1529 3063 τοῦ
1569 3009 1804 3063 Καθολι-

208 3103 314 3156 κοῦ
341 3121 355 3132 ·
379 3101 806 3174 ὑπογράψαντες
836 3097 930 3156 οὖν
955 3103 1282 3173 οίρηθέντες
1337 3101 1554 3167 ἐξεῖπον
1607 3104 1801 3161 ταῦτα.
1831 3115 1897 3182 C'

218 3195 283 3248 '0
315 3195 376 3248 δὲ
405 3192 565 3265 θυμῷ
584 3192 647 3246 τδ
675 3192 840 3246 πλέον
864 3193 1050 3263 ἀφεὶς,
1084 3193 1315 3260 ἐξέϐαλε
1364 3193 1455 3248 τὸν
1487 3195 1799 3264 Θεωριανὸν

205 3289 285 3358 τῷ
324 3287 473 3351 τέως
507 3289 609 3358 τῆς
644 3287 975 3351 αίτιάσεως·
1007 3287 1104 3340 καὶ
1131 3290 1197 3358 τῇ
1231 3287 1362 3358 ἑξῆς
1396 3288 1802 3359 μετεκαλέσατο

208 3379 363 3448 ἡμᾶς
387 3376 528 3448 πρὸς
564 3377 667 3447 τὴν
704 3377 943 3441 σύνοδον,
976 3377 1070 3430 καί
1092 3395 1226 3447 φησι
1256 3379 1395 3447 πρὸς
1423 3381 1571 3449 ἡμᾶς
1600 3395 1616 3411 ο
1667 3380 1801 3450 Περὶ

206 3468 318 3525 τῶν
357 3474 420 3524 ὲν
461 3468 690 3540 Χριστῷ
715 3469 810 3523 δύο
837 3471 1052 3539 φύσεων
1077 3470 1172 3523 καὶ
1191 3470 1312 3524 τότε
1339 3471 1435 3525 καὶ
1467 3473 1562 3524 νῦν
1600 3473 1800 3535 ἱκανῶς

206 3565 588 3635 διελέχθημεν
623 3580 636 3595 ·
672 3561 798 3616 ἐπεὶ
818 3563 873 3617 δὲ
908 3563 1058 3634 ήτοῦ
1125 3564 1395 3634 βασιλέως
1451 3565 1642 3636 γραφὴ
1704 3567 1800 3619 καὶ

206 3660 338 3730 περὶ
378 3658 559 3713 ἄλλων
587 3657 906 3726 κεφαλαίων
937 3655 1089 3726 λέγει
1118 3660 1269 3727 ἡμᾶς
1324 3655 1701 3730 διαλεχθῆναι,
1750 3661 1799 3713 εἰ

206 3752 474 3807 κελεύετε
510 3754 714 3814 είπεῖν,
750 3751 923 3822 ἡδέως
951 3752 1106 3823 ὑμῶν
1128 3751 1496 3823 ἀκουσόμεθα.

275 3847 480 3901 ΘΕΩΡ.
507 3844 821 3916 Ἑμάθομεν
848 3843 977 3918 [ὅτι]
1006 3848 1062 3898 ἐν
1092 3844 1207 3908 τοῖς
1240 3845 1408 3908 θείοις
1461 3846 1798 3916 μυστηρίοις

201 3932 352 3991 οἶνον
373 3936 751 4006 προσάγουσιν
778 3937 824 3988 oi
860 3934 1165 4005 Ἀρμένιοι,
1232 3932 1377 4005 ὕδωρ
1406 3936 1558 4006 αὐτῷ
1591 3937 1666 4008 μὴ
1711 3957 1800 4008 μι-

200 4028 436 4101 γνύντες
464 4044 482 4062 ο
512 4030 820 4100 βουλόμεθα
845 4029 1038 4099 μαθεῖν
1067 4029 1233 4083 πόθεν
1276 4027 1434 4084 τοῦτο
1465 4027 1794 4101 παρέλαϐον.

279 4126 451 4182 ΚΑΘ.
506 4126 570 4179 '0
606 4124 752 4188 θεῖος
777 4125 1175 4194 Χρυσόστομος
1225 4129 1284 4179 ὲν
1335 4129 1400 4196 τῇ
1458 4126 1796 4198 ὀγδοηκοστῇ

205 4217 443 4289 πέμπτῃ
467 4216 660 4289 ὁμιλίᾳ
686 4216 780 4270 τοῦ
807 4217 951 4271 κατὰ
973 4217 1255 4272 Ματθαῖον
1284 4219 1621 4288 Εὑαγγελίου
1656 4217 1800 4274 οὕτω

203 4310 397 4377 φησιν*
432 4328 452 4360 ‹
491 4309 650 4372 Τίνος
724 4306 915 4364 ἕνεκεν
947 4308 1046 4380 οὐχ
1066 4308 1211 4380 ὕδωρ
1259 4309 1436 4374 ἔπιεν,
1468 4310 1585 4365 ἀλλ’
1633 4306 1798 4378 οἶνον,

202 4399 448 4463 ἀναστάς
476 4415 490 4463 ;
523 4398 731 4469 Ἀλλην
761 4399 972 4470 αἵρεσιν
1027 4398 1272 4469 πονηρὰν
1318 4401 1619 4472 πρόρῤιξον
1670 4405 1800 4456 ἀνα-

1921 1886 1974 1938 td
2002 1885 2184 1939 dicere
2211 1887 2488 1955 Ecclesiae,
2513 1891 2726 1944 senatui
2755 1891 3097 1959 concilioque
3128 1905 3245 1946 suo.
3273 1891 3421 1956 Quod
3449 1889 3493 1943 si

1921 1976 2060 2032 forte
2084 1979 2366 2035 Generalis
2390 1997 2532 2052 :rgre
2562 1983 2664 2038 sibi
2700 1986 3014 2054 persuadet,
3041 1986 3316 2053 quomodo
3342 1998 3494 2040 arca-

1921 2087 2052 2125 num
2091 2070 2391 2144 imperator
2420 2091 2526 2129 non
2563 2077 2986 2138 censcrvaverit,
3018 2076 3178 2132 velim
3214 2077 3314 2133 hoc
3347 2078 3492 2133 scia-

1918 2163 2020 2230 tis,
2055 2176 2281 2219 cnnctos
2331 2164 2444 2221 fere
2493 2169 2631 2236 apud
2679 2184 2811 2235 nos,
2846 2178 3079 2240 excepto
3132 2170 3491 2238 imperatore,

1914 2257 2294 2312 ortltodoxiam
2343 2259 2625 2316 Generalis
2674 2263 2989 2332 negavisse,
3035 2279 3210 2334 neque
3253 2281 3375 2318 eum
3425 2263 3493 2318 ad

1919 2350 2175 2404 unionem
2215 2367 2566 2406 accessurum
2601 2355 2705 2409 exi
2727 2356 2948 2410 timasse
2983 2373 2998 2410 :
3037 2356 3294 2426 pervertit
3322 2356 3492 2423 enim,

1913 2442 2163 2504 aiebant,
2200 2441 2412 2496 divinas
2457 2442 2723 2510 Litteras,
2762 2444 3006 2514 falsaque
3052 2449 3494 2516 interpretatione

1913 2528 1979 2581 ad
2019 2543 2176 2580 suum
2223 2528 2433 2584 libitum
2475 2532 2642 2585 trahit
2677 2549 2692 2588 :
2729 2542 2782 2588 et
2816 2545 3074 2591 oretcnus
3107 2537 3323 2605 quidem
3363 2553 3492 2590 san-

1912 2628 2028 2672 ctos
2069 2618 2258 2674 Patres
2298 2609 2492 2676 sectari
2534 2623 2764 2687 dictitat,
2795 2641 2851 2680 re
2891 2635 3070 2680 autem
3107 2642 3230 2680 vera
3273 2627 3360 2682 bis
3397 2626 3493 2681 ad-

1912 2723 2186 2765 versatur.
2220 2712 2427 2779 Quibus
2470 2715 2766 2783 imperator
2804 2718 3246 2773 criminatoribus
3287 2716 3491 2774 litteras

1911 2799 2196 2856 Generalis
2261 2805 2434 2872 palam
2495 2808 2767 2877 Opposuit.
2819 2806 2955 2863 llinc
3009 2824 3137 2878 ergo
3190 2820 3338 2877 patet
3392 2827 3490 2865 cur

1910 2911 2052 2950 nunc
2085 2899 2267 2951 cuncti
2307 2900 2419 2953 fere
2454 2899 2683 2954 Romani
2725 2917 2822 2970 pro
2855 2901 3104 2957 Generali
3151 2911 3258 2955 tam
3303 2913 3491 2970 aperte

1908 2989 2213 3058 loquantur.
2235 2994 2409 3061 Aiquc
2435 2995 2570 3046 lianc
2591 2994 2880 3049 Titeoriaui
2912 2995 3281 3049 narrationem
3307 2995 3486 3050 creteri

1908 3090 2038 3142 socii
2088 3091 2398 3144 testimonio
2439 3105 2539 3145 suo
2580 3090 2951 3146 firmaverunt.
2987 3092 3164 3158 Quare
3209 3092 3488 3148 chcralis

1907 3181 2134 3234 multum
2169 3183 2232 3235 de
2265 3183 2341 3236 ira
2377 3184 2680 3248 remittens,
2712 3185 2941 3237 liactum
2970 3185 3194 3238 absolvit
3229 3185 3486 3237 criminu-

1905 3274 2049 3328 tione
2079 3273 2471 3329 Tlteorianum.
2506 3277 2882 3346 Subsequeute
2913 3287 3088 3330 autem
3121 3277 3206 3329 die
3237 3276 3388 3330 nobis
3418 3278 3484 3331 ad

1901 3366 2166 3437 synodum
2199 3367 2403 3421 vocatis
2435 3371 2511 3422 ait
2541 3386 2556 3426 :
2594 3370 2666 3423 De
2697 3371 2902 3424 duabus
2932 3370 3148 3439 quidem
3183 3369 3234 3423 in
3267 3369 3484 3425 Christo

1903 3459 2116 3512 naturis
2150 3467 2203 3513 et
2237 3459 2362 3514 olim
2400 3471 2452 3516 et
2483 3477 2624 3515 nunc
2655 3461 2858 3517 dictum
2895 3465 3023 3516 satis
3057 3474 3138 3516 est
3175 3481 3187 3516 :
3225 3462 3481 3531 quoniam

1905 3566 2032 3607 vero
2067 3553 2411 3622 imperatoris
2445 3556 2696 3625 epistola,
2730 3565 2788 3609 ut
2820 3557 2882 3610 dc
2917 3556 3038 3609 aliis
3073 3571 3289 3624 quoque
3324 3555 3476 3621 capi-

1907 3645 2032 3698 tulis
2063 3647 2401 3714 disputemus
2431 3659 2633 3718 monet,
2656 3650 2698 3704 si
2721 3649 2850 3719 quid
2881 3649 3031 3703 vobis
3065 3649 3247 3704 dicere
3281 3649 3480 3719 placet,

1906 3735 2137 3790 libenter
2165 3739 2469 3794 audiemus.

1983 3842 2241 3898 'l‘llEUR.
2287 3843 2536 3900 Relatum
2570 3847 2725 3902 nobis
2747 3856 2849 3912 est,
2879 3847 3170 3902 Armenios
3204 3849 3256 3901 in
3289 3847 3485 3904 divinis

1908 3937 2192 4009 mysteriis
2247 3938 2428 3992 vinum
2463 3938 2680 4005 ofl‘erre,
2709 3956 2846 4009 aqua
2881 3954 2986 3994 non
3038 3940 3292 3995 admista.
3331 3939 3483 3995 Scire

1904 4046 2150 4094 avemus,
2181 4029 2326 4084 unde
2355 4030 2407 4085 id
2447 4029 2704 4085 [raditum
2735 4031 3072 4102 acceperint.

1980 4121 2138 4179 GEN.
2183 4122 2347 4177 Divus
2383 4121 2806 4196 Clirysostomus
2844 4125 3174 4193 octogesima
3206 4125 3394 4195 quinta
3425 4124 3479 4179 in

1913 4213 2152 4269 Μαιηιωί
2192 4211 2544 4284 Evangelium
2581 4213 2802 4267 humilia
2836 4214 2912 4269 sic
2938 4216 3052 4269 ait:
3094 4235 3112 4268 ι
3146 4215 3255 4270 Cur
3286 4231 3314 4267 a
3347 4230 3484 4268 con-

1909 4309 2054 4365 vivio
2084 4324 2314 4379 surgens
2346 4309 2491 4364 haud
2526 4324 2720 4378 aquam
2757 4309 2851 4364 sed
2886 4310 3067 4364 vinum
3102 4309 3278 4364 bibit?
3308 4306 3481 4362 Nimi-

1905 4419 2024 4456 rum
2070 4410 2129 4456 ut
2178 4415 2401 4471 pravam
2456 4402 2613 4456 aliam
2662 4403 2911 4456 ltmresim
2960 4401 3204 4456 funditus
3257 4400 3476 4455 deleret.

205 4494 358 4545 σπῶν
390 4509 406 4524 ο
443 4493 570 4545 ἐπεὶ
599 4491 707 4564 γάρ
741 4491 847 4562 είσί
869 4509 1018 4555 τινες
1045 4492 1102 4548 ὲν
1137 4491 1250 4555 τοῖς
1288 4495 1617 4566 μυστηρίοις
1645 4495 1796 4549 ὕδατι

1909 4493 2176 4560 Quoniam
2210 4494 2353 4546 enim
2392 4503 2522 4548 sunt
2555 4495 2805 4548 nonnulli
2840 4493 2927 4563 qui
2962 4510 3096 4563 aqua
3122 4493 3174 4546 in
3204 4492 3477 4564 mysteriis

200 4585 568 4657 κεχρημέναι,
627 4585 841 4649 δεικνὺς
890 4581 972 4639 δτι
1031 4584 1125 4639 καὶ
1177 4584 1339 4655 ἡνίκα
1384 4585 1446 4640 τδ
1501 4587 1799 4657 μυστήριον

208 4680 524 4748 παρέδωκε,
557 4678 656 4730 καὶ
709 4678 874 4747 ἡνίκα
898 4677 1135 4742 ἀναστὰς
1157 4679 1328 4750 χωρὶς
1363 4680 1678 4750 μυστηρίων
1705 4682 1797 4748 dato

201 4770 301 4842 λὴν
329 4770 622 4843 τράπεζαν
675 4771 1026 4841 παρετίθετο,
1088 4772 1218 4840 οἴνῳ
1273 4773 1491 4844 ἐχρῆτο.
1535 4791 1552 4825 ι
1631 4772 1796 4843 Ὀρᾷς

199 4867 281 4917 ὅτι
306 4865 557 4934 πονηρὰν
581 4859 795 4934 αἵρεσιν
827 4861 1086 4932 ὀνομάζει
1117 4863 1177 4916 τὸ
1212 4863 1518 4934 κεχρῆσθαι
1557 4864 1706 4918 ὕδατι
1737 4868 1794 4917 ἐν

199 4963 310 5017 τοῖς
341 4960 514 5019 θείοις
547 4958 901 5032 μυστηρίοιςς
938 4957 1049 5012 Καὶ
1074 4956 1238 5011 πάλιν
1258 4974 1274 4988 ο
1317 4976 1334 5009 ι
1355 4958 1451 5011 Ἐκ
1476 4957 1570 5012 τοῦ
1601 4960 1796 5030 γεννή-

105 5055 108 5058 ⁴
205 5068 396 5118 ματος,
441 5052 598 5120 φησὶ,
635 5046 736 5120 τῆς
786 5050 1035 5116 ἀμπέλου
1059 5065 1073 5080 ⁶
1121 5049 1368 5119 ἄμπελος
1404 5050 1459 5104 δὲ
1496 5046 1662 5119 οἶνον,
1694 5046 1792 5123 οὐχ

203 5144 383 5214 ὕδωρ.
456 5140 642 5214 γεννᾷ.
696 5162 716 5195 ι
776 5142 844 5196 Τί
903 5143 1094 5196 τούτου
1150 5143 1333 5213 ζητεῖς
1377 5145 1790 5215 φανερώτερονς

201 5239 363 5290 Ἀλλᾶ
399 5239 500 5290 καὶ
532 5239 590 5289 ὲν
612 5238 678 5305 τῇ
707 5234 1044 5306 ὀγδοηκοστῆ
1084 5235 1314 5308 πέμπτῃ
1364 5237 1550 5309 ὁμιλίᾳ
1607 5240 1686 5301 εἰς
1730 5239 1790 5291 τὸ

203 5332 338 5384 κατὰ
371 5331 635 5397 Ἰωάννην
668 5326 1024 5399 Εὑαγγέλιον,
1052 5331 1132 5391 εἰς
1190 5328 1272 5393 τὸ,
1305 5328 1598 5396 Ἐξῆλθεν
1645 5325 1790 5399 αἷμα

202 5421 296 5473 καὶ
322 5420 505 5487 ὕδωρ,
534 5417 680 5472 οὓτω
722 5417 925 5488 φησιν’
960 5436 977 5469 ι
1017 5418 1128 5489 Οὐχ
1150 5418 1340 5482 ἁπλῶς
1385 5419 1506 5471 οὐδὲ
1543 5418 1618 5482 ὡς
1665 5419 1788 5473 ἐτυ-

203 5531 294 5583 χεν
319 5509 488 5568 αὗται
527 5513 802 5584 προῆλθον
829 5511 888 5567 αι
916 5511 1112 5580 πηγαὶ,
1138 5512 1254 5566 ἀλλ’
1281 5512 1471 5584 ἐπειδὴ
1512 5513 1572 5578 ἐξ
1608 5516 1789 5585 ἀμφο-

201 5605 378 5675 τέρων
409 5604 621 5657 τούτων
650 5603 682 5672 ἡ
727 5600 1028 5670 Ἐκκλησία
1057 5601 1376 5656 συνίσταται
1405 5618 1418 5633 ·
1458 5601 1549 5654 καὶ
1607 5604 1786 5655 ἴσασιν

198 5701 251 5752 oi
273 5696 826 5768 μυσταγωγοῦμενοι,
862 5693 934 5762 δι’
964 5694 1161 5760 ὓδατος
1190 5694 1652 5764 ἀναγεννὼμενοι,
1713 5696 1786 5750 δι’

204 5791 442 5862 αἵματος
471 5791 566 5844 καὶ
599 5789 802 5862 σαρκὸς
831 5787 1164 5861 τρεφόμεθα,
1199 5787 1374 5860 ἀρχὴν
1415 5787 1686 5858 λαμϐάνει
1718 5789 1787 5844 τὰ

1904 4596 2153 4653 utuntur,
2190 4586 2588 4642 demonstravit
2617 4585 2671 4640 in
2718 4595 3058 4640 antecessum
3093 4586 3348 4642 Dominus
3370 4625 3388 4654 ,
3416 4599 3478 4640 se

1904 4689 1960 4735 et
2001 4697 2128 4735 cum
2166 4681 2486 4751 mysterium
2530 4681 2630 4734 hoc
2679 4679 3019 4745 institueret,
3055 4689 3106 4733 et
3137 4693 3256 4733 cum
3285 4693 3480 4734 essur-

1899 4789 2054 4841 gcns,
2087 4773 2327 4843 schsito
2359 4773 2620 4843 mysterio
2645 4813 2658 4836 ,
2687 4787 3028 4825 communem
3065 4786 3301 4825 mensam
3324 4770 3479 4824 cxiii-

1899 4867 2080 4929 beret,
2103 4866 2230 4920 vino
2264 4865 2430 4920 tuisse
2461 4880 2642 4919 usum.
2681 4884 2699 4915 ι
2739 4859 2935 4918 Viden’
2967 4872 3024 4916 ut
3055 4865 3214 4918 divus
3255 4879 3473 4931 pravam

1899 4960 2147 5014 barresim
2179 4960 2434 5029 appellat,
2472 4973 2627 5028 aqum
2657 4959 2707 5010 in
2740 4957 2940 5011 divinis
2975 4956 3245 5026 mysteriis
3277 4953 3476 5009 usum?

1898 5053 2215 5122 Rursusque
2234 5070 2253 5122 :_
2271 5070 2288 5103 ι
2323 5047 2392 5104 Ex
2419 5052 2709 5120 gcnimine,
2727 5051 2822 5115 ait,
2842 5050 2968 5103 vitis
2987 5066 3000 5109 ;
3022 5051 3147 5104 vitis
3168 5059 3343 5104 autem
3363 5064 3474 5103 non

1895 5159 2138 5212 aquam,
2186 5143 2280 5195 sed
2319 5143 2497 5194 vinum
2556 5141 2742 5209 gignit.
2780 5157 2799 5191 ι
2856 5138 2994 5205 Quid
3049 5140 3222 5193 adhuc
3272 5140 3472 5194 clarius

1900 5234 2187 5305 postulas?
2251 5232 2354 5287 Sed
2407 5233 2550 5286 enim
2608 5232 2825 5286 ltomilia
2873 5245 3088 5302 quoque
3140 5231 3471 5301 octogesima

1892 5330 2089 5393 quinta
2137 5327 2190 5380 iu
2242 5325 2470 5380 Joannis
2521 5324 2916 5394 Evangelium,
2968 5341 3132 5394 super
3163 5325 3311 5379 dicto
3356 5325 3470 5388 illo,

1896 5419 2074 5474 Exivit
2113 5419 2332 5488 sanguis
2373 5429 2420 5471 et
2451 5434 2609 5488 aqua,
2643 5418 2721 5472 sic
2769 5420 2842 5472 ait
2873 5435 2886 5471 :
2933 5437 2952 5469 ι
2989 5418 3104 5473 Non
3138 5418 3340 5472 frustra
3373 5434 3470 5471 nc.-

1894 5528 2004 5584 que
2036 5529 2163 5568 casu
2200 5513 2385 5582 aliquo
2420 5511 2599 5568 fontes
2645 5509 2699 5568 bi
2734 5513 3091 5584 prodierunt,
3122 5515 3213 5568 sed
3245 5514 3372 5582 quia
3403 5527 3469 5569 ex

1892 5606 1976 5662 bis
2007 5607 2274 5663 ambobus
2305 5605 2586 5674 consurgit
2616 5603 2878 5660 Ecclesia.
2917 5605 3107 5660 Sciunt
3142 5605 3361 5670 initiati,
3398 5623 3467 5661 ex

1890 5713 2031 5769 aqua
2087 5697 2392 5766 rcgenerati
2419 5738 2434 5762 ,
2467 5696 2732 5766 sanguine
2777 5705 2834 5752 ct
2869 5710 3035 5751 carne
3080 5697 3310 5760 alimur;
3363 5700 3466 5751 hoc

1889 5804 1972 5849 est
1994 5791 2376 5863 mysteriorum
2412 5790 2648 5857 initium,
2671 5798 2727 5846 ut
2756 5804 2877 5845 cum
2907 5787 2974 5844 ad
3003 5787 3291 5848 verendum
3312 5786 3462 5842 illum
