4008 6170
446 297 548 364 271

519 410 679 468 CEN.
714 409 806 465 Dic
848 405 1156 478 perspicue,
1188 416 1372 473 ecquae
1401 400 1510 457 sint
1535 415 1599 455 ex
1635 398 1722 455 his
1757 398 2034 470 capitulis,
2069 405 2110 462 Α

449 505 644 573 quibus
691 497 966 571 sepositis,
1000 510 1102 550 nos
1147 499 1329 548 tamen
1366 491 1431 546 ad
1470 492 1734 560 integram
1775 487 2024 542 unionem

452 591 766 662 excipient?

521 678 779 735 TIIEUR.
811 676 945 731 Puto
984 674 1122 743 quod
1173 681 1228 726 tu
1279 670 1438 726 sicuti
1489 679 1756 725 tuummet
1787 666 2026 721 animum

451 771 793 840 exploratum
853 768 1039 832 habes,
1073 767 1145 820 ita
1195 765 1504 819 voluntates
1537 775 1751 830 quoque
1795 761 2036 813 subd-ito-

451 877 570 917 rurn
599 859 869 929 pervides,
899 858 1171 926 probeque
1208 854 1348 910 nosti
1395 852 1653 922 quidnam
1701 865 1766 903 ex
1816 849 1901 904 his
1933 850 2029 903 ad-

452 955 672 1009 niissnri
712 953 840 1019 sint,
867 952 1065 1022 quidve
1093 964 1276 1004 secus.
1313 947 1493 1013 Quare
1525 957 1579 1001 tu
1614 946 1816 1015 potius,
1850 943 1893 998 si
1927 943 2030 1005 vis,

452 1043 633 1099 indica
661 1043 813 1107 mihi,
839 1056 1093 1112 quaenam
1129 1039 1400 1093 Armeniis
1432 1037 1616 1109 gravia
1643 1037 1814 1091 visum
1844 1034 1909 1088 iri
1939 1049 2032 1104 pu-

452 1145 556 1197 tes,
590 1150 778 1205 quzeve
829 1151 1101 1202 nunquam
1137 1132 1240 1186 sibi
1292 1130 1608 1203 persuaderi
1661 1129 1872 1201 fassuri
1901 1129 2030 1181 sint.

524 1226 684 1284 GEN.
715 1225 929 1283 Nescio.
965 1226 1220 1282 Fortasse
1242 1227 1488 1296 quaedam
1522 1223 1653 1280 mihi
1685 1223 2032 1287 videbuntur,

453 1322 521 1379 de
554 1322 750 1391 quibus
785 1321 943 1375 aliter
965 1320 1202 1390 synodus
1235 1318 1594 1373 existim-abit.

526 1414 787 1469 TllEOll.
821 1413 875 1469 Si
911 1425 989 1476 tu,
1021 1413 1110 1482 qui
1144 1422 1307 1482 caput
1354 1427 1432 1478 es,
1467 1412 1568 1467 hoc
1613 1410 1853 1480 ignoras,
1885 1423 2033 1479 quo-

455 1511 620 1565 modo
662 1524 760 1579 ego
809 1507 900 1577 qui
933 1522 1026 1578 pes
1067 1522 1208 1567 sum,
1247 1507 1356 1560 imo
1383 1519 1450 1562 ne
1485 1521 1578 1576 pes
1615 1504 1860 1576 quidem,
1894 1503 2035 1574 apud

457 1605 824 1659 Romanorum
856 1603 1144 1672 synodum,
1181 1603 1321 1669 quod
1368 1615 1525 1672 rogas
1561 1608 1893 1670 c0mpertum
1926 1599 2030 1653 ha-

455 1693 652 1753 beam?
687 1695 1044 1750 Nihilominus
1101 1695 1414 1763 ceiijectans
1470 1692 1669 1748 dicam.
1721 1690 2029 1762 Capitulum

1862 286 2293 350 TlIEORIANI

3618 279 3724 345 272

2225 393 2284 447 '0
2317 391 2475 448 ΚΛΘ.
2518 391 2653 445 Εἰπὲ
2704 392 2840 462 ἡμῖν
2871 389 3146 463 φανερῶς,
3171 390 3218 443 εί
3241 390 3355 446 ἔστι
3375 390 3582 450 τούτων
3617 398 3729 452 τῶν

2142 485 2460 553 κεφαλαίων
2505 483 2652 551 τινὰ,
2696 478 2770 539 ὧν
2817 483 2989 554 χωρὶς
3035 483 3282 550 δέξονται
3322 485 3471 555 ἡμᾶς
3523 487 3604 552 είς
3637 506 3726 542 τε·

2137 575 2288 629 λείαν
2329 577 2544 632 ἕνωσιν.

2225 670 2284 723 '0
2317 669 2514 725 ΘΕΩΡ.
2549 667 2953 736 Ὑπολαμϐάνω
2984 668 3066 721 ὅτι
3094 665 3285 738 ὥσπερ
3323 667 3616 736 γινώσκεις
3662 668 3730 722 σὺ

2145 764 2245 836 τὴν
2267 763 2499 834 καρδίαν
2532 779 2650 823 σου,
2700 760 2872 824 οὕτως
2905 762 3196 829 γινώσκεις
3251 762 3345 814 καὶ
3385 760 3496 813 τῶν
3531 761 3634 813 ὑπὸ
3667 761 3731 814 σὲ

2141 858 2446 930 ἀρχιερέων
2467 857 2527 909 τὸ
2558 856 2792 924 θέλημα,
2813 854 2907 906 καί
2935 852 3227 924 γινώσκεις
3254 853 3376 907 τίνα
3401 852 3607 907 τούτων
3640 854 3732 907 δέ·

2141 950 2346 1017 ξυνται,
2384 950 2477 1002 καὶ
2501 949 2621 1002 τίνα
2644 945 2704 1000 οὐ
2729 965 2742 979 ·
2766 948 2881 1012 καὶ,
2915 948 2964 1000 εί
2985 947 3252 1011 κελεύεις,
3286 944 3409 997 εἰπὲ
3453 947 3588 1017 ἡμῖν
3609 945 3735 998 τίνει

2139 1043 2346 1096 τούτων
2387 1043 2492 1105 τοῖς
2536 1041 2850 1113 Ἀρμενίοις
2895 1039 3042 1092 δοκεῖ
3089 1037 3348 1109 φορτικὰ,
3391 1038 3486 1090 καὶ
3535 1039 3635 1090 οὐκ
3663 1037 3736 1091 ἂν

2148 1135 2460 1189 συνέλθοιεν
2491 1132 2630 1186 ὥστε
2656 1129 3070 1201 παραδέξασθαι
3102 1131 3266 1185 αὐτά.

2241 1227 2300 1280 '0
2338 1227 2500 1282 ΚΑθ.
2541 1226 2654 1280 Οὐκ
2688 1222 2838 1279 οῖδα·
2868 1224 3001 1287 ἴσως
3024 1222 3286 1278 δοκοῦντα
3317 1224 3440 1297 ἐμοί
3468 1241 3591 1278 τινα
3610 1264 3624 1289 ,
3665 1223 3734 1292 τῇ

2147 1321 2356 1392 συνόδῳ
2388 1322 2449 1374 οὐ
2477 1319 2616 1384 δόξει
2648 1317 2845 1382 οὕτως.

2234 1419 2293 1471 'O
2330 1416 2608 1471 ΘΕΩΡ.Σὺ
2648 1413 2857 1486 κεφαλὴ
2895 1414 2990 1478 ὣν,
3029 1415 3244 1484 ἀγνοεῖς
3266 1413 3447 1480 τοῦτο,
3476 1415 3592 1478 πῶς
3620 1411 3736 1482 ἐγὼ

2147 1509 2282 1574 ποῦς
2308 1509 2384 1563 ὢν
2413 1509 2511 1578 τῆς
2557 1508 2709 1577 παρὰ
2751 1507 2862 1560 τῶν
2911 1505 3204 1577 Ῥωμαίων
3250 1506 3496 1574 συνόδου,
3533 1506 3737 1577 μᾶλλον

2145 1603 2204 1657 δὲ
2235 1602 2354 1656 οὐδὲ
2384 1601 2540 1665 ποῦς,
2575 1599 2815 1669 δύναμαι
2849 1600 3057 1669 γνῶναι
3078 1597 3284 1653 τοῦτοὸ
3317 1601 3560 1671 ὲρωτᾷςς
3587 1598 3736 1671 Πλὴν

2147 1693 2548 1763 στοχαζόμενος
2579 1691 2750 1744 εἴπω·
2791 1690 2851 1743 τὸ
2891 1692 2990 1759 τῆς
3037 1690 3394 1762 προϐλήσεως
3429 1690 3736 1759 κεφάλαιον

456 1789 588 1844 illud
623 1790 688 1843 de
715 1786 997 1843 Generalis
1025 1785 1306 1848 electione,
1335 1782 1559 1839 honoris
1585 1795 1716 1850 ergo
1738 1790 1905 1850 atque
1929 1779 2040 1834 nti-

2156 1789 2332 1858 ἀφορᾷ
2359 1787 2441 1849 είς
2473 1786 2643 1857 τιμὴν
2687 1786 2781 1838 καὶ
2811 1784 3083 1853 ὠφέλειαν
3117 1786 3216 1856 σὴν
3247 1785 3472 1837 καὶτῶν
3503 1786 3642 1852 μετὰ
3672 1783 3737 1836 σὲ

453 1881 626 1937 litatis
651 1891 755 1950 tius
777 1888 832 1935 et
861 1878 1270 1935 succedentium
1303 1874 1651 1931 Generalium
1679 1874 2039 1944 perscriptum

459 1988 541 2031 est
575 1993 589 2030 :
619 1990 851 2044 namque
889 1974 954 2028 ad
1009 1973 1156 2028 sedis
1202 1971 1559 2028 Stabilitatem
1617 1967 2038 2038 ﬁrmitatemque

456 2077 686 2138 speetat,
707 2069 834 2136 quia
863 2067 974 2121 haec
998 2066 1337 2119 defensorem
1370 2073 1617 2119 sanctum
1654 2061 2036 2132 imperatorem

458 2161 890 2217 nancisceretur.
935 2157 1162 2212 lloniani
1215 2167 1419 2220 tamen,
1453 2164 1511 2210 ut
1551 2165 1699 2226 puto,
1737 2156 1843 2208 vim
1884 2154 2038 2207 vobis

458 2254 512 2309 in
541 2255 643 2308 hoc
693 2251 834 2307 haud
873 2250 1073 2306 facient
1104 2272 1117 2308 ;
1145 2250 1237 2304 sed
1277 2263 1343 2303 ne
1387 2250 1443 2302 in
1474 2247 1772 2320 quastione
1819 2243 2038 2314 quidem

2149 1879 2512 1935 Καθολικῶν·
2570 1880 2649 1942 είς
2705 1879 2967 1931 σύστασιν
3017 1877 3127 1950 γὰρ
3172 1877 3266 1930 τοῦ
3325 1878 3518 1950 θρόνου
3571 1878 3738 1932 τοῦτό

2146 1973 2265 2026 tam
2320 1973 2417 2025 καὶ
2466 1952 2752 2041 διαμονὴν,
2815 1970 2888 2033 ὡς
2923 1969 3211 2040 μέλλοντος
3248 1968 3395 2039 ἔχειν
3423 1968 3734 2040 δεφένσορα

2145 2064 2238 2118 τὸν
2273 2064 2498 2135 βασιλέα
2524 2062 2616 2116 τὸν
2637 2062 2793 2129 ἅγιον
2815 2080 2830 2095 ο
2861 2063 2954 2116 καὶ
2992 2057 3149 2134 οἶμαι
3175 2063 3322 2134 ὑμᾶς
3347 2065 3426 2126 είς
3451 2061 3610 2116 τοῦτο
3631 2063 3738 2117 οὐκ

2148 2155 2575 2223 ἀναγκάσουσιν’
2601 2152 2718 2208 ἀλλ’
2748 2155 2868 2208 οὐδὲ
2898 2157 3025 2224 περὶ
3050 2155 3161 2208 τῶν
3191 2154 3419 2227 ἀζύμων
3450 2155 3738 2226 βιάσουσιν

2148 2251 2320 2320 ὖμᾶς,
2349 2252 2445 2303 ἐὰν
2478 2250 2557 2312 είς
2589 2247 2661 2302 τὰ
2695 2248 2832 2304 ἄλλα
2857 2249 3175 2320 συνέλθητε.

458 2350 526 2405 de
552 2346 770 2417 Azymis
806 2359 902 2399 vos
932 2353 1146 2413 cogent,
1181 2343 1225 2396 si
1273 2350 1420 2396 certe
1453 2342 1519 2396 de
1564 2340 1777 2395 caeteris
1806 2339 2224 2398 consenseritis.

531 2439 688 2496 GEN.
723 2437 849 2492 llarc
881 2439 1064 2490 omnia
1107 2436 1172 2488 ad
1213 2432 1404 2505 synodi
1438 2431 1807 2505 cognitionem
1859 2430 2041 2500 perfe-

459 2550 577 2590 ram
604 2551 618 2588 :
645 2540 697 2586 et
721 2547 841 2585 cum
862 2531 1063 2598 legatos
1093 2542 1244 2582 meos
1269 2526 1334 2580 ad
1364 2526 1566 2598 regiam
1594 2528 1782 2580 urbem
1808 2524 2041 2589 mittam,

377 2620 383 2625 ’
462 2628 667 2694 scripto
700 2623 1015 2694 significabo
1051 2631 1161 2675 tnni
1196 2630 1388 2675 vestra:
1421 2618 1628 2684 synodo
1663 2625 1776 2672 tum
1815 2615 1980 2672 etiam
2011 2632 2040 2670 a

461 2717 572 2774 Deo
605 2726 867 2772 coronato
900 2712 1214 2784 imperatori
1257 2726 1375 2782 quae
1400 2710 1636 2774 admissa
1659 2708 1864 2765 fuerint
1895 2710 2044 2778 capi-

463 2812 574 2867 tula
603 2820 796 2881 etqua:
826 2823 1004 2872 secus,
1039 2805 1308 2875 simulque
1329 2820 1526 2862 causas
1551 2804 1791 2876 aperiam
1819 2813 2040 2874 propter

462 2919 602 2977 quas
634 2905 816 2972 aliqua
849 2901 1081 2958 fortasse
1113 2901 1392 2971 repudiata
1423 2897 1641 2958 fuerint.
1675 2897 1742 2953 Et
1769 2897 1877 2954 nisi
1912 2912 2043 2968 pra-

461 3013 565 3052 vus
589 2995 867 3052 hominum
899 2992 1071 3050 hostis
1100 2993 1310 3049 daemon
1346 3007 1596 3062 maguum
1627 2992 1729 3047 hoc
1761 2991 2039 3062 negotium

2232 2433 2290 2488 '0
2309 2435 2472 2490 ΚΛΘ.
2495 2434 2684 2490 Ταῦτα
2707 2433 2886 2489 πάντα
2910 2435 3172 2506 προθήσω
3197 2435 3427 2491 ἐνώπιον
3462 2438 3559 2508 τῆς
3600 2456 3738 2496 aw-

2146 2524 2307 2580 ὁδου·
2339 2526 2435 2580 καὶ
2468 2529 2594 2580 ὅταν
2631 2526 2812 2597 μέλλω
2859 2527 3183 2581 ἀποστεῖλαι
3233 2530 3615 2601 τοποτηρητὰς
3652 2534 3738 2596 εἰς

2151 2619 2250 2689 τὴν
2277 2618 2694 2690 βασιλεύουσαν,
2718 2619 3060 2691 δηλοποιήσω
3093 2621 3385 2692 ἐγγράφως
3416 2626 3481 2692 τῇ
3513 2639 3571 2675 τε
3598 2624 3738 2698 ἁγίᾳ

2151 2711 2355 2782 συνόδῳ
2385 2714 2480 2764 καὶ
2506 2712 2584 2784 τῷ
2617 2711 2906 2781 θεοστεςρεῖ
2955 2712 3170 2782 βασιλεῖ
3198 2718 3265 2767 τὰ
3294 2715 3733 2786 παραδεχθέντα,

2148 2807 2244 2858 καὶ
2270 2804 2369 2877 μὴ,
2399 2806 2709 2875 κεφάλαιαο
2759 2807 2854 2859 καὶ
2888 2805 3045 2859 δώσω
3080 2807 3176 2861 καὶ
3207 2807 3306 2872 τὰς
3346 2810 3527 2872 αἰτίας
3563 2810 3631 2864 δι’
3665 2811 3740 2879 ἃς

2146 2899 2217 2952 τὰ
2251 2898 2327 2970 μὴ
2354 2899 2767 2972 παραδεχθέντα
2802 2904 2862 2954 υο
2909 2900 3330 2972 παραδέχομαιο
3366 2902 3460 2956 καὶ
3500 2906 3549 2957 εί
3579 2906 3608 2958 ὁ
3635 2893 3738 2960 no?-

2151 2990 2318 3062 νηρρς
2349 2973 2446 3043 καὶ
2506 2989 2894 3063 μισάνθρωπος
2943 2990 3155 3062 δαίμων
3209 2992 3270 3045 οὐ
3327 2995 3735 3065 παρεμποδίσει

463 3087 867 3153 disturbaverit,
895 3086 960 3142 ad
993 3099 1089 3140 nos
1114 3082 1334 3155 quidem
1368 3083 1511 3154 quod
1545 3083 1737 3140 attinet
1771 3083 1871 3155 (sic
1899 3082 2041 3137 Deus

2156 3083 2300 3138 τουτὶ
2328 3085 2389 3137 τὸ
2419 3084 2563 3153 μέγα
2589 3083 2803 3154 χρῆμα,
2847 3082 2907 3148 ἐξ
2938 3084 3218 3156 ἡμετέρας
3248 3084 3449 3156 αίτίας,
3484 3087 3581 3140 σὺν
3610 3088 3736 3162 Θεῷ

468 3180 726 3254 adjuvet)
769 3195 873 3234 non
907 3178 1250 3248 impedietur.
1286 3175 1514 3248 Oportet
1544 3176 1688 3232 enim
1726 3189 1903 3249 neque
1947 3190 2046 3230 nos

465 3287 678 3329 summo
701 3272 825 3342 jure
849 3284 1034 3339 agere,
1060 3285 1234 3340 neque
1261 3268 1388 3324 item
1421 3282 1535 3335 vos,
1565 3267 1836 3338 siquidem
1875 3267 2044 3321 unio-

463 3382 588 3421 nem
641 3364 947 3432 exoptatis;
979 3362 1072 3417 sed
1129 3362 1182 3416 in
1217 3359 1541 3433 quibusdam
1590 3358 1894 3430 indulgere,
1926 3375 2048 3429 quae

467 3456 628 3511 fidem
663 3470 766 3509 non
800 3454 1002 3509 violant
1034 3469 1049 3508 :
1080 3452 1276 3525 quippe
1301 3453 1496 3508 rituuin
1518 3451 1822 3511 differentia
1859 3456 2043 3508 eccle-

469 3551 840 3614 siasticarum,
876 3549 1148 3602 hominem
1198 3563 1228 3601 a
1286 3545 1599 3602 Christiana
1648 3548 1908 3615 religione
1942 3565 2046 3603 non

470 3644 775 3697 submovet.
830 3637 983 3695 Nune
1031 3653 1185 3704 vero,
1228 3641 1274 3696 sl
1330 3640 1529 3709 placet,
1560 3641 1793 3696 reditum
1837 3655 2043 3713 parate.

467 3731 600 3788 Post
626 3732 770 3789 enim
801 3731 1097 3788 discessum
1139 3741 1398 3798 vestrum,
1433 3735 1498 3787 ad
1533 3748 1681 3788 meos
1702 3747 1892 3789 omnes
1922 3738 2043 3802 cpi-

468 3840 662 3893 scopos
690 3825 944 3892 scribam,
975 3832 1033 3878 ut
1064 3823 1143 3876 vel
1173 3823 1272 3893 ipsi
1311 3824 1550 3890 veniant,
1579 3824 1660 3880 vel
1691 3825 1896 3896 legatos
1917 3829 2046 3882 mit-

473 3927 609 3983 tant,
645 3926 908 3986 quotquot
938 3917 1119 3986 gravis
1149 3930 1310 3969 causa
1346 3915 1411 3970 ad
1452 3915 1720 3987 synodum
1750 3919 2046 3974 convenire

467 4008 740 4080 prohibet.
780 4006 952 4062 Porro
1003 4022 1139 4078 opus
1167 4018 1248 4064 est
1297 4016 1355 4062 ut
1394 4023 1492 4078 ego
1519 4009 1735 4064 unionis
1768 4004 2044 4081 negotium

471 4117 577 4157 non
609 4103 728 4156 sine
756 4100 998 4155 Albania:
1027 4099 1280 4155 Generali
1315 4103 1606 4172 transigam
1640 4119 1655 4157 ε
1681 4102 1766 4157 hic
1789 4104 1931 4158 enim
1959 4119 2048 4158 se-

473 4193 593 4246 dctn
616 4188 862 4261 Gregorii
892 4188 1032 4244 illius
1063 4191 1261 4244 insidet
1285 4191 1374 4259 qui
1399 4192 1574 4243 sancti
1596 4187 1844 4262 Gregorii
1880 4207 2048 4261 nepos

471 4281 596 4344 fuit,
628 4282 683 4335 in
728 4281 983 4335 Armenia
1036 4296 1249 4350 magna,
1293 4282 1511 4350 quicum
1559 4283 1690 4336 mihi
1723 4283 2045 4354 spiritalium

473 4371 812 4439 negotiorum
851 4379 1108 4438 perpetua
1157 4371 1466 4422 communio
1511 4380 1617 4434 est,
1656 4372 1728 4424 ita
1760 4382 1817 4426 ut
1859 4382 2049 4428 neuter

474 4463 648 4518 inscio
677 4462 848 4516 altero
878 4462 1170 4531 quidquam
1215 4471 1359 4530 agat.
1401 4461 1497 4516 Est
1546 4472 1728 4518 autem
1776 4464 1915 4520 inter
1951 4481 2048 4520 nos

474 4557 820 4614 intervallum
849 4556 952 4612 iter
981 4557 1273 4620 mensium,
1311 4564 1365 4608 ut
1401 4570 1545 4619 reor,
1590 4556 1776 4611 trium.

549 4845 805 4902 TllEOR.
859 4844 1216 4913 Quandonam
1275 4845 1542 4916 synodum
1608 4853 1896 4900 coacturus
1953 4844 2052 4899 es!

479 4941 717 5011 Tempus
745 4941 890 4995 enim
933 4941 1152 4995 deﬁnite
1204 4941 1358 4994 nobis
1405 4939 1682 5006 designari
1722 4947 1962 5010 Oportet,
1996 4949 2054 4992 ut

479 5037 795 5105 imperatori
829 5045 882 5088 et
915 5033 1171 5089 Ecclesia:
1205 5035 1593 5103 signiﬁcemus.

486 5299 725 5358 siasticis
769 5299 901 5356 viris
948 5300 1049 5354 hac
1079 5298 1274 5353 virtute
1324 5300 1866 5366 convenientissima;
1899 5299 2052 5370 cujus

486 5375 562 5428 rei
630 5373 907 5443 cumulare
965 5370 1433 5443 teSIiinoniahon
1494 5373 1738 5427 interest.
1778 5371 2054 5443 Sylvester

485 5453 630 5499 certe
661 5441 699 5494 ll
739 5443 788 5496 in
844 5442 1042 5496 celebri
1092 5442 1156 5494 ad
1191 5439 1248 5494 S.
1283 5440 1613 5510 Stephanum
1666 5439 1844 5512 regem
1897 5442 2049 5498 Bulla

486 5517 618 5570 nihil
664 5517 727 5568 de
762 5515 1002 5567 caelibatu
1057 5515 1203 5566 dicit.
1240 5512 1378 5565 Idem
1417 5528 1539 5565 vero
1589 5513 1639 5566 in
1693 5529 1943 5568 sermone
1983 5516 2048 5568 ad

485 5588 769 5652 episcopos
825 5584 1001 5653 (apud
1055 5581 1428 5636 Mabillonium
1472 5585 1670 5638 Auecd.
1741 5585 1828 5639 ed.
1898 5600 2044 5647 nov.,

485 5673 540 5727 p.
577 5657 719 5726 ΙΟΗ
764 5671 840 5706 vei
859 5655 920 5708 ba
947 5654 1284 5727 Pauliunius
1310 5655 1488 5706 uxoris
1517 5657 1591 5706 vir
1624 5654 1929 5709 litteraliter
1954 5672 2048 5711 ex-

487 5724 573 5797 inn
595 5739 667 5789 at,
701 5724 768 5779 ne
808 5727 1049 5793 bigarnus
1084 5724 1157 5789 (id
1191 5727 1400 5797 estqui
1428 5727 1634 5779 duabus
1663 5729 2050 5796 uxoribusjaut

487 5795 754 5855 nummus
791 5798 1070 5864 copulatus
1115 5796 1296 5865 lttL'rll)
1341 5795 1404 5847 ad
1454 5799 1821 5867 episcopatum
1859 5795 2019 5854 ascen

2149 3173 2315 3243 λέγω,
2347 3176 2447 3228 οὐκ
2479 3173 2967 3246 ὲμποδισθήσεται.
3015 3175 3108 3227 Δεῖ
3139 3175 3247 3247 γὰρ
3281 3177 3418 3247 μήτε
3453 3179 3602 3248 ἡμᾶς
3632 3180 3738 3251 τῆς

2151 3269 2294 3336 ἄγαν
2323 3267 2614 3342 ἀκριϐείας
2654 3270 2792 3341 μήτε
2829 3269 2974 3339 ὑμᾶς
3002 3267 3101 3339 τὴν
3136 3267 3337 3322 ἕνωσιν
3371 3269 3740 3341 βουλομένους

2149 3353 2515 3431 ἀντέχεσθαι,
2550 3358 2689 3423 ἀλ.λᾴ
2717 3375 2840 3412 τινα
2867 3360 3137 3433 παρορᾷν,
3175 3359 3275 3412 ὅσα
3317 3360 3416 3430 τὴν
3447 3361 3631 3416 πίστιν
3672 3363 3736 3416 οὗ

2152 3450 2538 3523 παρασλάπτει
2557 3464 2576 3482 ⁸
2603 3449 2902 3522 συνηθειῶν
2935 3449 3043 3522 γὰρ
3065 3451 3329 3522 διαφορὰν
3345 3451 3739 3522 ἐκκλησιαστι-

2151 3547 2288 3613 κῶν,
2334 3545 2625 3618 ἄνθρωπον
2673 3545 2768 3599 τοῦ
2817 3547 3256 3618 Χριστιανισμοῦ
3300 3547 3402 3602 οὐκ
3434 3548 3733 3621 ἀλλοτριοῖ.

2150 3638 2268 3694 Νῦν
2294 3633 2407 3705 οὖν,
2430 3639 2479 3690 εί
2500 3637 2774 3703 κελεύετε,
2814 3639 2922 3692 ἀπὸ
2952 3638 3045 3692 τοῦ
3077 3639 3171 3694 νῦν
3205 3640 3568 3713 ἐτοιμάσθητε
3594 3644 3736 3715 πρὸς

2154 3733 2540 3805 ὑποστροφήν·
2603 3733 2701 3787 καὶ
2764 3733 2904 3804 μετὰ
2965 3734 3066 3807 τὴν
3135 3735 3288 3806 ὑμῶν
3355 3735 3734 3809 ἀναχώρησιν,

2151 3826 2351 3898 γράψω
2383 3826 2520 3895 πρὸς
2548 3825 2797 3891 ἅπαντας
2849 3826 2974 3890 τοὺς
3021 3826 3189 3898 ἐμοὺς
3231 3828 3593 3900 ἀρχιερεῖς,ἢ
3645 3831 3736 3885 ἴνα

2154 3920 2310 3972 αὐτοὶ
2341 3917 2594 3983 ἔλθωσιν,
2648 3918 2681 3988 ἢ
2718 3919 3100 3989 τοποτηρητὰς
3155 3919 3574 3986 ἀποστείλωσιν,
3617 3922 3736 3978 ὅσοι

2150 4011 2400 4083 δηλονότι
2426 4013 2494 4066 δι’
2521 4011 2830 4080 ἀναγκαίας
2861 4013 3044 4076 αἰτίας
3074 4013 3154 4078 είς
3182 4014 3282 4085 τὴν
3309 4015 3529 4069 σύνοδον
3553 4033 3739 4088 παρα-

2150 4105 2406 4176 γενέσθαι
2451 4105 2510 4157 οὺ
2539 4106 2821 4161 δύνανται.
2860 4104 3002 4174 Ἐγὼ
3032 4105 3089 4160 δὲ
3141 4106 3277 4170 πρὸς
3309 4107 3553 4178 ἀνάγκης
3595 4110 3739 4178 μετὰ

2150 4199 2245 4252 τοῦ
2282 4196 2589 4252 Καθολικοῦ
2620 4199 2716 4251 τοῦ
2761 4198 2964 4253 Ἀλὸὰκ
2991 4199 3104 4272 (50)
3160 4199 3260 4270 τὴν
3293 4201 3489 4254 ἕνωσιν
3526 4199 3738 4266 ταύτην

2153 4292 2399 4362 ποιήσω·
2430 4287 2588 4355 οὗτος
2615 4293 2724 4361 γὰρ
2751 4293 2941 4363 ἐπέχει
2972 4287 3064 4345 τὸν
3087 4293 3277 4364 θρόνον
3310 4295 3615 4366 Γρηγορίου
3639 4298 3738 4349 τοῦ

2156 4385 2383 4455 ὲγγόνου
2420 4384 2512 4438 τοῦ
2552 4385 2710 4452 ἁγίου
2752 4385 3058 4457 Γρηγορίου
3102 4386 3201 4456 τῆς
3251 4388 3492 4457 μεγάλης
3537 4368 3738 4460 Ἀρμε-

2159 4477 2296 4540 νίας,
2328 4477 2419 4529 καὶ
2444 4475 2529 4530 ἀεί
2560 4477 2727 4547 ἐσμεν
2761 4478 2818 4529 ἐν
2837 4479 2954 4539 ταῖς
2987 4481 3386 4546 πνευματικαῖς
3421 4479 3736 4545 ὑποθέσεσι,

2160 4571 2253 4624 καὶ
2301 4568 2453 4622 οὐδὲν
2504 4566 2638 4638 ἄτερ
2688 4567 2934 4639 ἀλλήλων
2989 4568 3274 4638 ποιοῦμεν.
3318 4572 3472 4624 Ἐστι
3507 4573 3562 4624 δὲ
3611 4574 3735 4627 ὀδοῦ

2159 4663 2436 4730 διάστημα
2489 4663 2582 4714 ἀπ’
2631 4660 2883 4715 ἐντεῦθεν
2930 4661 3033 4724 ἓσυς
3090 4664 3206 4715 ἐκεῖ
3256 4663 3354 4735 οὐχ
3385 4659 3551 4736 ἦττον
3578 4661 3740 4735 οἶμαι

2164 4754 2350 4827 μηνῶν
2391 4754 2578 4823 τριῶν.

2243 4849 2302 4901 '0
2330 4847 2526 4901 ΘΕΩΡ.
2551 4846 2660 4901 Καὶ
2695 4849 2826 4901 ποτε
2861 4848 3076 4920 μέλλεις
3100 4851 3323 4921 ποιῆσαι
3355 4851 3451 4923 τὴν
3471 4851 3694 4908 σύνοδον
3722 4872 3738 4920 ς

2167 4940 2358 4993 Δοῧναι
2393 4940 2503 5010 γὰρ
2538 4942 2668 5008 ἡμῖν
2707 4941 2944 5008 ὀφείλεις
2983 4943 3249 5013 ὀνομαστὶ
3280 4944 3373 4998 τὸν
3410 4947 3624 5017 καιρὸν,
3654 4947 3738 5001 ἵνα

2166 5033 2301 5102 πρὸς
2327 5033 2418 5084 τὸν
2459 5030 2684 5100 βασιλέα
2726 5036 2818 5085 καὶ
2867 5033 2964 5109 τὴν
3009 5035 3338 5108 Ἐκκλησίαν
3385 5038 3541 5092 τοῦτο
3582 5040 3738 5107 γνῶ-

2168 5142 2424 5198 ρισωμεν.

2162 5302 2287 5381 dat;
2325 5302 2608 5373 allegorice
2638 5320 2787 5381 vero,
2831 5323 2897 5381 ne
2927 5307 3215 5379 episcopus
3245 5320 3368 5381 post
3415 5314 3738 5372 catholicum

2162 5377 2378 5453 dogma,
2411 5377 2982 5453 sensuin__h;ereticuni
3013 5377 3466 5453 sumain-scilicet
3495 5398 3554 5441 ut
3578 5390 3737 5444 unius

2162 5447 2369 5521 uxoris,
2388 5447 2460 5521 _id
2501 5458 2584 5521 est
2602 5447 2902 5521 Ecclesiae,
2936 5452 3023 5505 vir
3044 5447 3364 5521 appelletur.

2239 5515 2349 5594 (‘50)
2385 5515 2458 5570 De
2471 5519 2686 5594 origine
2711 5523 3020 5594 Armeniaci
3046 5515 3449 5590 patriarchatns
3474 5528 3737 5594 Albanite,

2159 5591 2246 5658 qui
2281 5591 2550 5668 secundus
2573 5594 2716 5668 inter
2744 5592 3145 5668 patriarchatus
3163 5596 3448 5668 Armenios
3480 5591 3738 5665 dignitate

2157 5668 2293 5739 erat,
2331 5658 2520 5739 legesis
2553 5658 2767 5739 doctum
2798 5677 2953 5739 upus,
2987 5664 3090 5739 cui
3119 5666 3305 5720 titulus
3351 5685 3367 5724 :
3413 5658 3738 5737 Com-penum

2159 5731 2353 5804 storico
2396 5731 2451 5804 cli
2481 5734 2724 5786 niemorie
2769 5734 3133 5804 crouulogirhe
3167 5741 3500 5794 concerneuli
3528 5731 3580 5793 In
3620 5744 3735 5796 reli-

2158 5802 2308 5873 gione
2341 5817 2366 5855 e
2397 5801 2449 5855 la
2486 5806 2683 5857 "torale
2725 5805 2858 5858 dellu
2895 5801 3118 5861 “(tirone
3147 5811 3396 5877 Armena,
3424 5822 3462 5866 t.
3504 5813 3568 5879 ll,
3603 5830 3655 5882 p.
3685 5814 3735 5874 9.
