4008 6170
467 237 572 306 287

1888 228 2315 297 THEORIANI

3607 237 3715 307 288

468 370 685 410 omnem
726 353 799 409 ita
845 351 1117 410 Christum
1156 334 1402 407 conﬁteri
1436 352 1663 418 debere;
1711 358 1767 407 et
1792 364 1915 403 eum
1943 345 2034 419 qui

2167 347 2376 417 [ριστὸν
2439 345 2757 419 όμολογεῖν’
2803 348 2897 401 καὶ
2956 346 3032 421 μὴ
3086 346 3264 411 οὕτως
3303 344 3582 419 ὁμολογῶν
3621 350 3715 420 τῆς

469 445 627 498 aliter
657 444 965 508 conﬁtetur,
1000 442 1184 514 procul
1216 443 1445 497 veritate
1475 444 1756 498 aberrare.

554 532 799 591 I‘llEOR.
835 535 971 601 Quia
1024 543 1081 589 tu
1122 548 1188 589 ex
1217 548 1404 587 norma
1438 533 1700 588 librorum
1734 532 2044 589 Aristotelis

388 638 389 643 ‘
472 625 749 694 disputare
801 625 1035 692 volebas,
1074 639 1177 681 non
1216 639 1279 680 ex
1310 639 1498 678 norma
1532 626 1811 681 doctorum
1854 626 2045 681 Eccle-

472 719 586 781 εἰσι,
618 718 812 773 merito
845 733 947 787 ego
979 728 1155 772 tecum
1186 717 1330 772 nolui
1360 717 1424 771 de
1462 716 1567 773 title
1604 717 2042 773 Christianorum

472 810 763 866 disserere.
784 809 918 865 Nam
938 810 1003 867 de
1023 811 1137 867 luto
1160 820 1490 882 unguentum
1518 810 1747 878 hauriri,
1768 826 2045 883 nunquam

476 916 561 961 est
591 900 858 963 auditum.

547 1096 800 1155 THEOD.
840 1097 923 1153 An
979 1109 1032 1154 tu
1066 1099 1265 1167 neseis,
1316 1095 1573 1155 Ecclesiae
1599 1096 1873 1168 principes
1905 1099 2052 1154 viros

477 1191 779 1247 doctrinam
832 1192 899 1246 ab
951 1191 1183 1247 ethnicis
1230 1193 1567 1263 sapientibus
1616 1193 1902 1259 hausisse;
1955 1206 2050 1247 eos

478 1295 658 1341 autem
708 1285 775 1339 de
824 1285 1024 1341 nostris
1063 1286 1290 1351 sanctis,
1337 1285 1429 1356 qui
1459 1284 1761 1355 disciplinis
1802 1283 2051 1341 ethnico-

483 1391 599 1430 rum
638 1391 741 1431 non
772 1376 991 1431 fuerunt
1026 1376 1297 1443 instructi,
1352 1377 1549 1433 idiotas
1579 1392 1700 1433 esse
1728 1387 1891 1450 atque
1917 1378 2052 1433 illit-

484 1469 714 1524 teratos?
767 1467 920 1525 Nunc
964 1470 1060 1525 tibi
1117 1479 1322 1539 repeto,
1374 1469 1519 1540 quod
1564 1480 1676 1525 tum
1704 1470 1849 1535 dixi;
1910 1469 1955 1526 si
1984 1484 2052 1525 ex

482 1575 669 1616 norma
730 1562 1033 1632 sapientum
1105 1562 1451 1618 ethnicorum
1526 1577 1737 1617 mecum
1796 1562 2052 1632 congredi

2143 442 2405 511 ἀληθείας
2430 440 2839 499 ἀποπλανᾶται.

2226 534 2287 591 '0
2322 535 2518 591 ΘΕΩΡ.
2560 536 2715 590 Ἐπεὶ
2736 534 2844 589 ἀπὸ
2874 535 2983 589 τῶν
3011 532 3229 606 βιϐλίων
3268 534 3362 589 τοῦ
3412 533 3719 608 Ἀριστοτέ-

2145 628 2271 691 λους
2296 627 2406 701 (37)
2455 628 2726 700 ἠθέλησας
2757 626 3129 699 διαλεχθῆναι,
3184 630 3279 682 καὶ
3306 618 3428 699 οὐχὶ
3480 627 3590 681 ἀπὸ
3614 625 3721 681 τῶν

2146 717 2481 775 διδασκάλων
2506 718 2603 788 τῆς
2626 717 2984 787 ΑἘκκλησίας,
3010 718 3250 787 εὐλόγως
3281 719 3382 773 οὐκ
3410 715 3719 790 ὴόουλήθην

2148 818 2277 885 περὶ
2308 812 2408 883 τῆς
2438 813 2674 875 πίστεως
2695 812 2805 865 τῶν
2828 811 3175 883 Χριστιανῶν
3227 813 3367 882 μετὰ
3407 810 3504 864 σοῦ
3532 827 3721 864 συντυ-

2148 908 2263 975 χεῖν
2283 921 2296 935 ·
2328 905 2393 957 ὲκ
2422 904 2532 976 γὰρ
2559 902 2820 976 βορϐόρου
2838 902 3011 977 μύρον
3034 902 3245 958 ἀντλεῖν
3273 903 3532 957 οὐδέποτε
3562 900 3724 974 ἰγκού-

2150 997 2276 1071 σθη.

2220 1092 2415 1149 ΘΕΟΔ.
2446 1092 2561 1147 Οὔκ
2580 1086 2724 1155 οἶδας
2752 1091 2834 1146 ὅτι
2864 1091 2913 1146 oi
2935 1093 3035 1161 τῆς
3076 1092 3400 1163 Ἐκκλησίας
3434 1090 3727 1162 φωστῆρες

2150 1185 2249 1257 τὴν
2280 1187 2479 1255 γνῶσιν
2511 1185 2617 1241 ἀπὸ
2646 1186 2754 1241 ’τῶν
2778 1184 2883 1250 ἔξω
2912 1184 3094 1255 σοφῶν
3134 1185 3574 1256 ὲκαρπώσαντος
3634 1180 3726 1235 καὶ

2151 1282 2266 1336 ὅσοι
2293 1280 2401 1335 τῶν
2430 1279 2603 1348 ἁγίων
2650 1278 2751 1349 τῆς
2797 1279 3111 1352 ἑπιστήμης
3143 1277 3245 1348 τῆς
3286 1277 3391 1342 ἔξω
3440 1276 3545 1330 οὐκ
3573 1278 3728 1330 ἐπαι-

2151 1374 2439 1443 δεύθησαν,
2468 1371 2671 1427 ίδιῶταί
2697 1372 2803 1426 είσι
2824 1370 2922 1427 καὶ
2958 1371 3351 1442 ἀγράμματοις
3391 1368 3511 1423 Νῦν
3539 1369 3597 1421 δὲ
3626 1369 3731 1423 πά-

2152 1468 2238 1523 λιν
2265 1466 2407 1535 λέγω
2438 1483 2521 1520 σοι
2565 1465 2594 1520 ὃ
2620 1464 2716 1521 καὶ
2746 1465 2868 1520 τότε
2897 1459 3075 1532 εἷπον,
3123 1465 3173 1518 ei
3210 1464 3309 1535 μὲν
3348 1463 3457 1517 ἀπὸ
3489 1461 3602 1515 τῶν
3628 1461 3731 1526 ἔξω

2154 1561 2333 1630 σοφῶν
2358 1559 2486 1631 αἱρῇ
2524 1557 2641 1629 μεθ’
2671 1558 2829 1629 ἡμῶν
2860 1559 3161 1629 συντυχεῖν,
3212 1555 3435 1627 ἕτοιμός
3468 1555 3589 1625 είμι
3628 1556 3732 1608 δεί-

486 1656 582 1717 vis,
614 1664 831 1724 paratus
856 1671 972 1710 sum
1004 1656 1379 1710 demonstrare
1416 1656 1609 1724 dogma
1645 1654 1903 1732 Syrorum
1935 1670 2053 1711 esse

2167 1654 2241 1722 Ξαι
2275 1655 2356 1709 ὅτι
2382 1653 2441 1708 τὸ
2472 1652 2648 1723 δόγμα
2680 1651 2791 1705 τῶν
2820 1651 3011 1724 Σύρων
3040 1650 3323 1719 όρθόδοξόν
3364 1649 3523 1703 ἐστιν
3543 1662 3558 1680 ο
3595 1647 3645 1702 εί
3677 1646 3734 1701 δὲ

482 1746 866 1803 orthodoxam.
922 1746 1016 1801 Sin
1057 1748 1255 1814 minus,
1284 1763 1384 1818 ego
1427 1757 1601 1803 tecum
1649 1746 1874 1803 verbum
1908 1762 2057 1804 com-

2167 1748 2257 1821 μὴ,
2293 1747 2507 1813 οὐδενὸς
2531 1744 2667 1814 ἀξιῶ
2698 1762 2759 1800 σε
2797 1744 2986 1815 λόγου.

483 1846 694 1891 ntutare
724 1853 831 1892 non
858 1838 1054 1907 patior.

554 1914 810 1983 TliEOIR.
838 1929 894 1984 Si
926 1930 991 1984 de
1020 1929 1125 1984 alio
1149 1931 1340 1999 quovis
1374 1930 1653 2001 proposito
1704 1944 1917 1986 meeum
1973 1931 2058 1989 vis

486 2021 761 2089 disputare
820 2036 886 2075 ex
958 2020 1303 2076 ethnicorum
1356 2038 1542 2077 norma
1570 2022 1917 2093 sapientium,
1946 2040 2058 2079 non

487 2098 707 2181 recuso;
772 2129 961 2169 verum
1008 2115 1284 2170 enimvero
1312 2116 1377 2169 de
1443 2115 1874 2173 Christianorum
1931 2119 2059 2185 tide,

486 2208 587 2262 nisi
636 2207 933 2263 secundum
996 2208 1340 2263 deﬁnitiones
1377 2208 1747 2280 theologorum
1779 2208 2057 2278 Ecclesire,

487 2308 797 2355 sanctorum
855 2299 1261 2370 apostolorum,
1326 2301 1502 2355 sancti
1568 2298 1808 2370 Dionysii
1891 2299 2062 2356 Areo-

487 2392 703 2463 pagitze,
748 2392 923 2448 sancti
958 2391 1266 2458 Athanasii,
1297 2401 1605 2448 sanctorum
1652 2392 2057 2464 Gregoriorum,

486 2484 667 2550 magni
722 2483 945 2549 Basilii,
994 2492 1156 2554 atque
1212 2483 1582 2552 reliquorum,
1645 2485 2060 2555 disputationem

490 2575 772 2631 instituere
834 2577 950 2641 visi,
1035 2592 1102 2633 ne
1155 2590 1255 2647 ego
1314 2576 1531 2647 quidem
1602 2578 1823 2634 verbum
1886 2570 2061 2635 tecum

488 2668 858 2722 commutabo.
886 2668 1039 2734 Quod
1064 2668 1108 2723 si
1154 2676 1211 2723 tu
1240 2669 1376 2725 adeo
1402 2669 1755 2740 philosoth
1787 2678 1891 2726 tuae
1918 2685 2065 2725 con-

491 2760 639 2825 ﬁdis,
687 2760 1004 2817 definiamus
1037 2762 1090 2816 in
1136 2761 1326 2833 primis
1382 2773 1612 2831 quatuor
1650 2762 1781 2829 haec,
1812 2764 2065 2818 substan-

491 2853 646 2920 tiam,
706 2863 982 2917 naturam,
1025 2851 1401 2925 hypostasim,
1449 2864 1504 2908 et
1558 2868 1863 2923 personam,
1911 2850 2066 2922 juxta

492 2947 645 3001 divos
672 2944 898 3013 Patres;
935 2954 1099 3014 atque
1122 2944 1221 3001 has
1245 2944 1596 3001 definitiones
1619 2960 1716 3001 ceu
1743 2945 2068 3016 propositio-

2241 1928 2302 1980 '0
2322 1923 2515 1982 ΘΕΩΡ.
2542 1923 2671 1980 Ἐὰν
2699 1922 2859 1997 θέλῃς
2893 1922 3022 1993 περὶ
3055 1919 3223 1992 ἄλλης
3253 1922 3399 1986 τινὸς
3420 1918 3735 1984 ὑποθέσεως

2163 2016 2284 2089 μεθ’
2314 2016 2469 2089 ἡμῶν
2499 2014 2845 2086 διαλεχθῆναι
2881 2014 2989 2068 ἀπὸ
3012 2013 3121 2067 τῶν
3148 2013 3253 2079 ἔξω
3283 2011 3487 2081 σοφῶν,
3520 2008 3736 2079 ἕτοιμός

2159 2094 2274 2179 εἰμι
2295 2122 2311 2139 ⁶
2367 2103 2495 2181 περὶ
2528 2108 2585 2161 δὲ
2617 2110 2717 2181 τῆς
2745 2107 2982 2171 πίστεως
3006 2107 3116 2161 τῶν
3149 2106 3523 2178 Χριστιανῶν,
3559 2104 3611 2158 εἰ
3662 2104 3735 2178 μὴ

2161 2203 2299 2258 κατὰ
2321 2201 2447 2265 τοὺς
2478 2203 2639 2273 ὄρους
2666 2200 2778 2255 τῶν
2809 2200 3075 2271 θεολόγων
3111 2201 3211 2271 τῆς
3252 2199 3610 2270 Ἑκκλησίσς,
3630 2198 3735 2253 τῶν

2162 2296 2333 2366 ἁγίων
2362 2296 2695 2359 ἀποστόλων,
2719 2294 2813 2349 τοῦ
2848 2294 3005 2364 ἁγίου
3036 2293 3314 2349 Διονυσίου
3341 2292 3437 2347 τοῦ
3468 2294 3738 2363 Ἀρεοπα-

2162 2391 2337 2461 γίτου,
2360 2388 2454 2443 τοῦ
2479 2388 2638 2458 ἁγίου
2676 2386 3015 2452 Ἀθανασίου,
3060 2387 3169 2441 τῶν
3200 2385 3368 2453 ἁγίων
3394 2385 3738 2458 Γρηγορίων,

2162 2482 2255 2538 τοῦ
2296 2483 2533 2552 μεγάλου
2564 2480 2872 2545 Βασιλείου,
2908 2480 3005 2533 καὶ
3034 2478 3144 2534 τῶν
3167 2478 3396 2542 λοιπῶν,
3424 2478 3530 2551 τὴν
3562 2476 3740 2533 διάλι-

2166 2579 2245 2645 ξιν
2274 2578 2479 2642 ἐθέλεις
2504 2577 2787 2645 γενέσθαι,
2828 2574 2939 2629 οὐδ’
2966 2574 3078 2643 ἐγώ
3126 2592 3186 2630 σε
3215 2573 3353 2641 ἀξιῶ
3392 2573 3561 2643 λόγου
3589 2572 3736 2630 ποτε.

2167 2674 2228 2727 Ei
2252 2673 2309 2728 δὲ
2346 2671 2599 2727 τοσοῦτον
2633 2671 2859 2743 θαρρεῖς
2892 2672 2959 2742 τῇ
2987 2669 3278 2741 φιλοσοφίᾳ
3314 2684 3431 2734 σου,
3462 2666 3740 2741 όρεσὼμε-

2165 2764 2234 2825 Oa.
2259 2764 2437 2820 ταῦτα
2469 2764 2688 2837 πρῶτον
2719 2764 2790 2819 τὰ
2822 2764 3091 2835 τέσσαρα,
3123 2766 3225 2831 τὴν
3275 2762 3491 2826 οὐσίαν.
3523 2763 3624 2834 τὴν
3645 2760 3742 2831 φύ-

2168 2875 2252 2913 σιν
2291 2857 2429 2928 (58),
2458 2856 2559 2930 τὴν
2612 2856 2941 2922 ὑπόστασιν.
2996 2859 3094 2911 καὶ
3143 2857 3204 2911 τὸ
3242 2857 3569 2929 πρόσωπον,
3603 2854 3741 2910 κατὰ

2165 2952 2292 3014 τοὺς
2330 2950 2509 3014 θείους
2542 2949 2813 3021 Πατέρας,
2870 2950 2968 3005 καὶ
3001 2948 3187 3020 θῶμεν
3228 2949 3405 3005 ταῦτα
3451 2949 3533 3014 ὡς
3585 2949 3742 3021 ὅρους

494 3055 622 3095 num
683 3040 942 3095 terminos
987 3054 1254 3110 ponamus
1302 3055 1317 3093 :
1367 3048 1495 3095 tunc
1555 3040 1769 3095 demum
1823 3038 2063 3109 syllogis-

2169 3042 2521 3113 προτάσεων,
2559 3042 2656 3098 καὶ
2684 3042 2809 3096 τότε
2861 3044 2965 3114 τὴν
3027 3042 3349 3114 συμπλοκὴν
3389 3040 3504 3097 τῶν
3559 3042 3743 3097 συλλο-

493 3148 703 3187 morum
758 3146 993 3204 pugnam
1019 3147 1086 3187 ex
1115 3146 1305 3188 norma
1350 3131 1688 3189 ethnicorum
1738 3129 2067 3201 sapientium

494 3239 871 3281 conseremus.

564 3326 821 3387 THEOD.
860 3327 984 3385 llaec
1022 3327 1136 3398 ipsa
1168 3336 1421 3399 quatuor,
1470 3342 1589 3399 quae
1631 3326 1791 3394 dicis,
1842 3324 2066 3397 intelligi

495 3436 527 3476 a
558 3438 642 3477 me
675 3436 896 3477 necesse
921 3429 1006 3476 est
1058 3436 1125 3476 ex
1174 3436 1363 3477 eorum
1413 3421 1751 3477 ethnicorum
1798 3420 2067 3476 sententia

495 3513 585 3583 qni
618 3512 941 3567 invenerunt
984 3529 998 3567 :
1032 3526 1264 3583 pugnant
1301 3512 1426 3567 item
1454 3512 1886 3585 syllogismorum
1913 3511 2067 3581 juxta

495 3604 713 3659 eosdem
743 3604 881 3659 ﬁeri.

574 3694 832 3752 TllEOR.
883 3695 999 3751 Nisi
1059 3695 1399 3751 ethnicorum
1477 3694 1708 3769 theologi
1765 3709 1794 3750 a
1871 3696 2071 3753 nostris

499 3787 799 3854 dili'errent,
839 3798 931 3842 tuo
973 3787 1093 3855 jure
1150 3787 1203 3842 id
1235 3786 1442 3843 faceres
1472 3804 1487 3843 :
1520 3789 1616 3844 sed
1667 3788 1794 3857 quia
1834 3790 2067 3845 maxima

502 3881 837 3936 dissonantia
892 3881 1033 3936 inter
1064 3880 1185 3936 illos
1238 3891 1559 3951 nostrosque
1606 3892 1708 3947 est,
1769 3896 1875 3938 non
1907 3883 2071 3938 debes

500 3968 572 4026 ita
635 3982 687 4029 te
749 3986 958 4040 gerere.
1006 3969 1143 4025 Nam
1196 3980 1249 4027 et
1292 3969 1531 4029 Joannes
1558 3971 1894 4043 Philoponus
1943 3977 2068 4029 dum

498 4068 758 4141 profanos
816 4069 1097 4138 seqnitur,
1184 4069 1351 4125 veluti
1407 4070 1648 4125 tritheita
1706 4072 1772 4126 de
1827 4070 2069 4129 Ecclesia

499 4162 684 4231 pulsus
734 4174 837 4217 est.
873 4160 1011 4216 Tum
1057 4171 1111 4217 et
1145 4159 1236 4216 alii
1268 4162 1418 4217 multi
1449 4164 1517 4219 ob
1547 4164 1688 4219 hanc
1734 4164 1905 4235 ipsam
1938 4180 2071 4220 cau-

498 4269 616 4311 sam
667 4270 695 4310 a
756 4254 859 4310 title
903 4254 1320 4313 aberraverunt.
1370 4254 1546 4312 Veluti
1591 4256 1782 4313 scribit
1843 4274 2071 4329 magnus

499 4362 713 4419 quoquo
793 4346 987 4402 Paulus
1067 4347 1132 4401 ad
1187 4344 1529 4403 Timotheum
1590 4363 1611 4403 :
1692 4346 2062 4415 OTimstIiee,

497 4436 789 4501 depositum
842 4434 1070 4500 custodi,
1106 4436 1339 4491 devitans
1380 4436 1634 4508 profanas
1660 4442 1663 4445 ’
1692 4455 1873 4494 vocum
1921 4441 2065 4497 novi-

499 4538 654 4595 tates,
716 4536 765 4583 et
792 4529 1143 4597 oppositiones
1172 4528 1299 4599 falsi
1348 4531 1578 4584 nominis
1620 4532 1875 4597 scientia,
1909 4550 2068 4604 quam

497 4619 716 4690 quidam
747 4621 1107 4690 promittentes
1130 4621 1274 4677 circa
1312 4620 1469 4691 ﬁdem
1489 4623 1798 4680 exciderunt
1823 4625 1890 4683 ”.

576 4805 673 4863 liis
725 4808 904 4873 dictis,
938 4808 1235 4864 monachus
1284 4807 1602 4867 Theodorus
1650 4810 1922 4868 discessit.
1969 4811 2070 4868 Po-

501 4909 652 4953 stero
707 4909 886 4955 autem
928 4901 1015 4956 die
1065 4901 1214 4958 venit
1240 4901 1384 4957 Elias
1407 4901 1655 4960 Cessunii
1687 4904 1976 4977 episcopus
2002 4907 2070 4962 ad

502 4991 795 5048 Theoriani
840 4994 1175 5066 hospitium,
1209 5005 1263 5051 et
1306 4995 1426 5050 ait:
1473 4997 1640 5052 Miror
1685 5014 1785 5053 cur
1833 4999 2071 5055 nolueris

504 5101 627 5139 cum
672 5086 991 5155 philosopho
1038 5096 1230 5143 nostro
1277 5087 1577 5159 disputare,
1638 5090 1729 5144 sed
1764 5092 2073 5160 expaveris;

506 5180 562 5235 in
617 5166 1012 5234 Armeniorum.
1043 5189 1223 5234 autem
1287 5180 1495 5251 synodo
1559 5190 1767 5235 tantum
1796 5181 2073 5237 hominum

562 5291 612 5325 ’⁸
651 5292 672 5346 Ι
707 5292 851 5347 Tim.
892 5306 967 5360 Vt,
1004 5292 1099 5349 ΞΟ.

578 5386 693 5457 ('57)
725 5384 981 5461 Jacobitac
1010 5386 1152 5461 hunc
1184 5402 1387 5461 morem
1419 5404 1449 5444 a
1482 5389 1698 5461 Severo
1731 5402 1954 5461 parente
1985 5407 2078 5445 ac-

503 5456 893 5528 ceperant,_de
930 5472 1039 5525 quo
1070 5457 1344 5528 Nysseous
1377 5460 1432 5514 in
1478 5460 1567 5515 illa
1608 5456 1812 5527 assuta,
1846 5474 1905 5517 ιιι
1938 5462 2079 5516 dixi-

512 5526 645 5605 mus
683 5544 737 5598 p.
804 5526 895 5605 7l_.
929 5526 1263 5605 catechetici
1298 5531 1541 5586 clausula
1570 5530 1697 5605 ait:
1728 5526 1900 5605 οὗτος
1924 5535 2077 5605 παρὰ

513 5596 740 5672 xusset?
773 5596 1064 5672 κράτιστος
1114 5598 1362 5672 θεολόγος
1407 5603 1753 5672 γνωρίζεται,
1794 5596 1949 5667 ὃςνᾶν
1978 5596 2080 5665 τας

517 5668 1313 5742 κατήγορίαςἊριστοτέλους,
1364 5668 1459 5727 καὶ
1509 5668 1576 5725 τὰ
1627 5673 1788 5727 λοιπὰ
1837 5676 1945 5727 τῶν
1976 5674 2080 5741 ἔξω

518 5737 829 5815 φιλοσόφων
880 5737 1065 5814 κομψὰ
1110 5739 1424 5815 ἠσκημένος
1478 5743 1779 5816 τυγχάνοι*
1829 5743 1887 5803 Is
1937 5737 2080 5818 apud

2167 3134 2384 3207 γισμῶν
2423 3134 2564 3191 κατὰ
2585 3133 2715 3199 τοὺς
2754 3134 2860 3200 ἔξω
2885 3134 3083 3206 σοφοὺς
3113 3134 3476 3207 ποιησόμεθα.

2237 3320 2429 3374 θΕΟΔ.
2462 3318 2611 3373 Αὐτά
2636 3320 2704 3372 τὰ
2735 3319 2979 3389 τέσσαρα
3008 3317 3043 3372 ἃ
3073 3318 3252 3387 λέγεις
3270 3318 3472 3388 ὀφείλω
3504 3322 3645 3376 νοεῖν
3669 3319 3743 3385 ὡς

2167 3413 2535 3483 οῑὲφευρεταὶ
2581 3411 2766 3465 αὐτῶν
2824 3413 2874 3466 ei
2932 3409 3038 3476 ἔξω
3091 3411 3281 3480 σοφοίο
3334 3408 3455 3466 εἶτα
3516 3414 3615 3468 καὶ
3646 3416 3741 3486 τὴν

2171 3507 2494 3577 συμπλοκὴν
2523 3504 2645 3559 κατ’
2694 3505 2891 3568 αὐτοὺς
2924 3502 3169 3566 ἐκείνους
3197 3506 3372 3557 ποιεῖν
3394 3503 3502 3560 τῶν
3559 3504 3742 3560 συλλοη

2170 3602 2407 3674 γισμῶν.

2250 3696 2313 3749 '0
2327 3691 2523 3751 ΘΕΩΡ.
2552 3694 2615 3748 Et
2649 3693 2725 3766 μὴ
2750 3693 3062 3765 διεφέροντο
3082 3696 3218 3765 πρὸς
3231 3695 3357 3760 τοὺς
3378 3693 3485 3761 ἔξω
3506 3696 3557 3751 oi
3578 3694 3746 3750 θεολό-

2170 3806 2258 3860 γοι
2289 3788 2468 3860 ἡμῶν,
2503 3786 2687 3851 καλῶς
2708 3786 2775 3842 ἂν
2814 3785 2974 3843 τοῦτο
2999 3786 3265 3861 ἐποίησας
3289 3805 3307 3821 ο
3342 3788 3466 3843 ἐπεὶ
3500 3788 3562 3843 δὲ
3588 3790 3745 3861 μεγί-

2172 3899 2271 3953 στη
2324 3882 2591 3952 διαφωνία
2632 3883 2799 3953 μέσον
2853 3879 3060 3935 τούτων
3113 3880 3384 3937 κάκείνων
3424 3884 3598 3951 ἑστιν,
3645 3884 3743 3937 οὐκ

2171 3977 2407 4048 ὀφείλεις
2433 3978 2595 4032 τοῦτο
2634 3977 2895 4047 ποιῆσαι·
2926 3974 3151 4047 καὶγὰρ
3182 3977 3210 4031 ό
3239 3976 3530 4046 φιλόπονος
3571 3977 3745 4031 Ἰωάν-

2170 4086 2290 4143 νης,
2313 4070 2426 4132 τοῖς
2455 4066 2561 4134 ἔξω
2598 4066 2999 4138 ἀκολουθήσας,
3048 4066 3126 4133 ὡς
3172 4067 3454 4140 τριθεττης
3487 4070 3592 4138 τῆς
3630 4070 3746 4123 Ἐκ.

2171 4158 2403 4233 κλησίας
2428 4159 2776 4233 ὲκόὲόληται.
2809 4159 2970 4215 una
2993 4160 3091 4215 καὶ
3121 4160 3272 4218 ἄλλοι
3308 4161 3496 4217 πολλοὶ
3519 4164 3589 4218 δι’
3615 4163 3743 4218 αὐτὸ

2169 4238 2352 4310 τοῦτο’
2374 4254 2503 4325 περὶ
2556 4252 2656 4325 τὴν
2688 4253 2876 4307 πίστιν
2922 4254 3233 4325 ἠστόχησαν
3261 4270 3277 4290 ·
3334 4254 3411 4321 ὥς
3440 4274 3544 4310 που
3578 4258 3669 4317 καὶ
3715 4257 3744 4311 ό

2176 4347 2347 4419 μέγας
2380 4346 2592 4409 Παῦλος
2626 4346 2762 4417 πρὸς
2785 4345 3051 4416 Τιμόθεον
3079 4346 3311 4417 γράφων
3340 4344 3621 4420 φησίνοὮ
3658 4347 3745 4404 Τί·-

2168 4441 2366 4513 μόθεε,
2388 4440 2505 4508 τὴν
2533 4437 3041 4519 παρακαταθήκην
3066 4439 3367 4509 φύλαξον,
3394 4441 3741 4511 ἐκτρεπόμε-

2172 4550 2281 4600 ⁴νος
2309 4533 2417 4600 τὰς
2446 4531 2755 4599 βεϐήλους
2778 4533 3177 4602 καινοςρωνίας
3224 4532 3362 4607 [catt
3398 4534 3614 4607 xevocp.i
3650 4535 3740 4587 καὶ

2175 4626 2508 4691 ἀντιθέσεις
2557 4623 2668 4695 τῆς
2712 4624 3110 4693 ψευδωνύμου
3140 4625 3432 4696 γνώσεως,
3483 4627 3565 4696 ἤν
3593 4645 3742 4694 τινες

2176 4719 2702 4790 ἐπαγγελλόμενοι,
2746 4719 2880 4785 περὶ
2913 4716 3028 4787 τὴν
3052 4718 3264 4775 πίστιν
3300 4720 3674 4791 ἠστόχησαν.

2238 4813 2461 4866 Τούτων
2481 4810 2623 4866 οὕτω
2656 4811 2953 4885 ρηθέντωνε
2981 4811 3009 4864 ό
3053 4812 3289 4881 μοναχδς
3315 4811 3588 4882 Θεόδωρος
3619 4812 3740 4867 ἁνε-

2168 4901 2407 4975 χώρησε.
2435 4903 2515 4975 Τῇ
2546 4903 2604 4957 δὲ
2638 4902 2904 4974 ἐπαύριον
2935 4897 3101 4974 ἦλθεν
3132 4902 3324 4967 Ἠλίας
3369 4903 3400 4956 ό
3450 4904 3740 4961 ἐπίσκοπος

2170 4998 2505 5052 Κεσσουνίου
2540 4997 2621 5058 είς
2654 4998 2718 5051 τὸ
2776 4995 3070 5067 κατάλυμα
3122 4996 3218 5050 τοῦ
3264 4995 3597 5069 Θεωριανοῦ,
3648 4991 3738 5047 καί

2172 5108 2307 5160 φησι
2336 5089 2476 5160 πρὸς
2518 5089 2710 5144 αὐτόν’
2746 5088 3026 5158 Θαυμάζω
3053 5088 3170 5153 πῶς
3192 5088 3297 5144 οὐκ
3328 5089 3599 5161 ἠθέλησας
3625 5087 3739 5141 δια-

2171 5182 2432 5254 λεχθῆναι
2460 5182 2598 5254 μετὰ
2648 5181 2745 5238 τοῦ
2784 5180 3059 5254 ἡμετέρου
3104 5180 3424 5254 φιλοσόφου,
3461 5180 3577 5236 ἀλλ’
3604 5181 3737 5234 ἔδει.

2179 5390 2703 5465 Severunroatinms
2733 5391 3040 5465 agnoscitur
3077 5390 3362 5463 theologus,
3395 5394 3483 5465 qui
3529 5394 3581 5447 in
3609 5406 3740 5465 pre“

2178 5462 2487 5517 dicamentir
2516 5462 2812 5516 Aristotelis
2851 5461 3166 5532 steterisqu
3212 5461 3538 5519 ethnicorum
3578 5463 3741 5531 phita-

2180 5541 2461 5603 sophorum
2492 5532 2798 5603 pompaticis
2825 5530 3116 5603 disciplinis
3144 5534 3459 5591 exercitatus
3498 5530 3672 5603 fuerit.

2254 5604 2367 5674 (58)
2410 5602 2606 5659 Recole
2638 5601 3040 5674 adnotationem
3090 5606 3146 5673 ἰ).
3184 5604 3310 5669 588.
3346 5606 3435 5659 ubi
3490 5601 3738 5661 Themis-

2184 5673 2287 5729 nos
2342 5675 2537 5747 dicitur
2594 5673 3132 5747 disputavissecum
3167 5673 3306 5747 Syro
3358 5674 3636 5732 Theodoro
3675 5675 3735 5731 de

2182 5746 2485 5806 subStantia
2515 5751 2571 5800 et
2608 5752 2824 5811 natura,
2858 5758 2925 5801 ex
2957 5744 3594 5805 doctrina'Aristotclira.
