4008 6170
206 323 290 386 Ξ89

1519 310 1989 375 ΒΙΞΡΗΤΑΤΙΟ
2031 311 2120 374 Ii.

3313 318 3423 389 290

197 442 371 506 λίασας,
400 438 472 500 είς
500 435 554 490 δὲ
579 433 682 507 τὴν
713 432 932 488 σύνοδον
960 427 1073 486 τῶν
1131 430 1436 505 Ἀρμενίων
1467 431 1724 485 τοσοῦτον

1850 447 2114 487 tttntcrum
2141 447 2242 489 non
2265 432 2533 490 timueris.
2563 433 2716 492 Scito
2736 443 2940 504 autem,
2961 438 3109 494 nullo
3127 437 3182 494 in
3222 443 3424 514 pepttlo

197 535 362 606 πλῆθος
379 532 467 586 οὐκ
493 529 816 591 ἐδειλίασας.
850 528 1090 581 Γίνωσκε
1147 527 1202 579 δὲ
1241 527 1322 578 ὅτι
1353 525 1534 578 οὐδενὶ
1581 524 1726 579 ἔθνει

198 627 310 681 οὕτω
361 622 508 692 σοφία
538 619 956 692 ὲμπολιτεύεται
990 619 1087 672 νῦν
1138 620 1196 670 ἐν
1251 620 1364 681 τοῖς
1395 616 1518 670 καθ’
1574 618 1724 687 ἡμᾶς

197 717 385 789 χρόνοις,
418 714 488 778 ὡς
525 715 583 768 ὲν
616 714 694 781 τῷ
725 712 868 766 ἔθνει
922 712 1030 765 τῶν
1069 711 1279 781 Σύρων.
1331 711 1429 762 Διά
1466 709 1623 762 τοῦτο
1658 709 1718 761 οὐ

197 806 565 880 παραδεχόμεθα
599 805 774 869 ἄλλως
825 803 1192 872 διαλέγεσθαι.
1230 804 1473 856 Γίνωσκε
1527 803 1583 855 δὲ
1625 804 1718 855 καὶ

196 902 337 964 τοῦτο,
368 903 441 954 ὅτι
473 902 500 953 ό
539 900 816 971 Θεόδωρος
869 900 1002 969 sps;
1055 898 1304 969 μαθητής
1343 900 1479 961 ἐστι,
1536 900 1630 949 καὶ
1658 896 1734 961 ὡς

195 1000 290 1062 νέος
321 997 390 1050 ἔτι
411 996 562 1066 ζητεῖ
593 997 728 1068 πρὸς
758 997 850 1048 τὸν
878 995 1387 1066 διαλεχθησόμενον.

259 1090 309 1144 Ὀ
334 1089 516 1145 ΘΕΩΡ.
551 1089 812 1156 Γίνωσκε,
840 1089 1101 1156 δέσποτα,
1131 1091 1213 1142 ὅτι
1259 1089 1308 1140 οἱ
1347 1089 1614 1158 Ῥωμαῖοι
1647 1088 1728 1150 είς

196 1185 273 1256 μὲν
293 1186 350 1237 τὰ
369 1183 498 1236 ἄλλα
525 1182 921 1252 ἀνδρικώτατοι
952 1182 1114 1246 εἰσὶν,
1147 1183 1226 1246 είς
1251 1181 1305 1234 δὲ
1328 1181 1387 1233 τὺ
1414 1180 1729 1250 παραϐῆναι

193 1275 290 1343 ὅρια
306 1275 401 1325 τῶν
433 1272 604 1340 ἁγίων
652 1272 914 1343 Πατέρων
946 1271 1043 1326 καὶ
1067 1270 1273 1341 σφόδρα
1295 1269 1480 1322 δειλοί.

256 1367 304 1420 '0
338 1364 453 1420 ’EI].
482 1365 591 1419 Καὶ
637 1364 741 1417 πού
770 1362 1075 1417 κεκώλυται
1143 1364 1210 1415 ὲκ
1250 1361 1359 1416 τῶν
1412 1362 1516 1429 ἔξω
1555 1360 1733 1431 σοφῶν

191 1459 297 1528 περὶ
325 1457 552 1521 πίστεως
575 1456 926 1526 διαλέγεσθαι
946 1474 961 1524 ;

254 1551 302 1604 'U
318 1550 502 1604 ΘΕΩΡ.
542 1551 603 1603 ὐ
635 1551 777 1613 Gaio;
806 1550 1111 1622 Γρηγόριος
1131 1551 1190 1604 ὲν
1213 1548 1293 1620 τῷ
1317 1547 1450 1620 πρὸς
1471 1546 1735 1619 Εὐνόμιον

187 1645 305 1715 λόγῳ
333 1643 520 1714 φησίν
584 1661 603 1696 ι
640 1641 808 1696 Βάλλε
861 1660 952 1714 μοι
986 1643 1275 1707 Πλάτωνος
1302 1642 1400 1705 τὰς
1439 1641 1607 1706 ἰδέας,
1640 1639 1737 1693 καὶ

187 1739 263 1799 τὰς
291 1736 802 1808 μετενσωματὼσεις
836 1738 931 1790 καὶ
990 1736 1277 1804 περιόδους
1311 1734 1418 1787 τῶν
1448 1733 1738 1804 ἡμετέρων

1834 532 2040 578 tantam
2064 538 2185 578 esse
2205 525 2464 580 hodierna
2487 535 2647 580 aetate
2675 529 3020 596 sapientiam,
3052 542 3251 600 quanta
3278 535 3420 604 apud

1834 615 2001 686 Syros
2020 627 2287 670 versatur.
2311 614 2488 684 Quare
2510 634 2613 673 non
2639 621 2874 688 patitnnr
2893 621 2996 675 alia
3017 625 3228 680 ratione
3247 628 3427 698 dispu-

1832 721 1969 765 tare.
1989 711 2257 765 Praeterea
2278 714 2417 766 scito
2436 711 2784 767 Theodorum
2807 712 2956 767 illum
2982 730 3161 769 meum
3181 734 3302 773 esse
3320 719 3428 774 dis-

1826 804 2060 871 cipulum
2113 805 2203 874 qui
2238 815 2425 876 utpote
2451 805 2769 862 adolescens
2829 807 3009 861 adhuc
3066 818 3190 863 avet
3244 818 3422 867 tecum

1842 898 2052 965 (liSpttln
2063 913 2141 952 rc.

1907 1085 2162 1142 'l'llEOR.
2205 1085 2378 1155 Scito,
2432 1087 2671 1155 domine,
2725 1089 2999 1148 Romanos
3037 1101 3094 1146 ut
3130 1093 3198 1146 ad
3227 1103 3423 1151 cmlera

1840 1190 1965 1234 sunt
1998 1178 2370 1246 audacissimi,
2430 1181 2502 1235 ita
2556 1184 2623 1236 ad
2679 1183 3156 1254 transgrediendos
3207 1195 3425 1242 sancto-

1841 1291 1959 1331 rum
1990 1275 2210 1330 Patrum
2248 1277 2403 1343 llucs,
2443 1277 2595 1332 valde
2624 1293 2744 1334 esse
2776 1278 3150 1335 meticulosos.

1911 1365 2125 1422 EPISC.
2159 1367 2258 1432 Qui
2294 1382 2457 1437 porro
2490 1376 2574 1422 cst
2615 1369 2862 1435 vetitum,
2895 1383 2961 1424 ex
3004 1385 3192 1425 norma
3241 1371 3425 1442 profa-

1837 1480 2030 1521 norum
2060 1466 2380 1533 sapientium
2413 1465 2478 1519 de
2517 1465 2620 1519 ﬁde
2645 1467 2961 1535 disputare?

1917 1555 2177 1613 THEOR.
2237 1558 2396 1612 Divus
2429 1556 2724 1626 Gregorius
2775 1559 2826 1613 in
2884 1560 3132 1614 oratione
3168 1562 3429 1618 adversus

1841 1649 2172 1705 Eunomium
2209 1651 2286 1704 ait
2314 1667 2330 1705 :
2363 1650 2550 1719 Apage
2579 1650 2707 1704 mihi
2743 1649 2986 1708 Platonis
3017 1654 3187 1720 ideas,
3221 1656 3430 1710 anima-

1839 1758 1957 1798 rum
2014 1750 2323 1797 nostrarum
2349 1743 2414 1797 ad
2450 1744 2551 1796 alia
2600 1759 2829 1814 corpora
2871 1746 3222 1803 transitiones
3245 1756 3296 1803 et
3334 1761 3430 1819 pe-

185 1829 359 1900 ψυχῶν,
386 1831 475 1883 καὶ
512 1831 613 1892 τὰς
647 1830 1007 1900 ἀναμνήσεις,
1041 1827 1287 1889 καὶτοὺς
1310 1825 1373 1878 οὐ
1421 1824 1620 1887 καλοὺς
1649 1823 1734 1877 διὰ

1850 1835 2046 1899 riodos,
2087 1842 2142 1889 et
2179 1835 2646 1900 reminiscentias,
2685 1847 2737 1891 et
2769 1853 2872 1893 non
2904 1839 3158 1909 pulchros
3188 1856 3284 1912 per
3313 1839 3428 1912 pul-

184 1922 270 1976 τῶν
290 1924 460 1977 καλῶν
490 1923 766 1990 σωμάτων
797 1923 891 1974 ἐπὶ
917 1919 1095 1991 ψυχὴν
1126 1918 1358 1991 ἔρωτας,
1404 1918 1732 1989 Ἐπικούρου

182 2018 260 2087 τὴν
280 2016 457 2071 ἀθεῖαν
509 2016 742 2080 καὶτὰς
794 2015 1056 2085 ἀτόμους,
1107 2015 1202 2067 καὶ
1255 2013 1355 2085 τὴν
1411 2012 1742 2083 ἀφιλόσοφον

183 2111 365 2183 ἡδονὴν,
413 2111 832 2181 Ἀριστοτέλους
891 2109 986 2180 τὴν
1046 2107 1411 2180 σμικρολόγον
1453 2107 1738 2176 πρόνοιαν,

181 2202 259 2255 καὶ
279 2203 334 2255 τὸ
360 2201 634 2272 ἔντεχνον,
671 2202 767 2254 καὶ
795 2202 923 2263 τοὺς
974 2198 1206 2270 θνητοὺς
1244 2197 1376 2269 περὶ
1426 2198 1605 2270 ψυχὴν
1648 2199 1739 2251 λόο

183 2311 308 2362 γους,
342 2295 432 2349 καὶ
457 2295 520 2347 τὸ
555 2292 904 2365 ἀνθρωπικὸν
935 2291 1046 2345 τῶν
1077 2291 1391 2362 δογμάτων.
1431 2309 1449 2342 ι
1490 2289 1679 2344 Ταῦτα
1710 2289 1739 2342 ὁ

182 2388 405 2457 Θεολόγος
426 2390 559 2460 περὶ
585 2387 696 2440 τῶν
733 2385 858 2452 ἔξω.
883 2385 966 2439 Τὰ
984 2385 1039 2438 δὲ
1065 2387 1307 2453 ἡμέτεροι
1337 2384 1480 2447 τίνα,
1499 2384 1594 2437 καὶ
1620 2382 1740 2446 πῶς

183 2481 436 2551 ὀφείλομεν
466 2479 844 2548 διαλέγεσθαι,
907 2478 1142 2531 ἄκουσον
1185 2475 1351 2529 αὐτοῦ
1391 2476 1645 2544 λέγοντος
1680 2479 1738 2527 ὲν

181 2577 241 2648 τῷ
258 2576 488 2647 δευτέρῳ
519 2571 790 2646 εἰρηνικῷ
813 2589 827 2602 ·
866 2570 1080 2625 ιΤαῦτα
1105 2570 1177 2634 ὼς
1202 2571 1257 2624 ἐν
1279 2570 1505 2643 βραχέσι
1534 2571 1738 2640 δογμαο

183 2671 320 2735 ταῶς
352 2670 464 2724 ἀλλ’
495 2669 603 2724 οὐκ
647 2666 1031 2737 ἀντιλογικῶς,
1092 2665 1420 2728 ἀλιευτικῶς
1476 2663 1593 2718 ἀλλ’
1636 2664 1737 2717 οὐκ

181 2762 600 2834 ἀριστοτελικῶς,
630 2758 1106 2832 ὲκκλησιαστικῶς
1146 2758 1260 2813 ἀλλ’
1291 2758 1391 2811 οὐκ
1441 2757 1735 2828 ἀγοραίως,

182 2856 440 2928 ὠφελίμως
468 2853 594 2910 ἀλλ’
619 2855 718 2908 οὐκ
749 2851 1158 2916 ἐπιδεικτικῶς.
1201 2870 1221 2904 ι
1277 2852 1368 2904 Ἐν
1409 2850 1463 2903 δὲ
1491 2850 1570 2921 τῷ
1593 2851 1738 2920 λόγῳ

181 2944 242 3015 τῷ
270 2947 388 3016 περὶ
411 2947 512 3014 τῆς
548 2947 609 3000 ἐν
634 2946 750 3007 ταῖς
779 2942 1083 3008 διαλέξεσιν
1115 2942 1371 3007 εὐταξίας
1399 2942 1554 3012 φησί’
1596 2941 1738 3004 «Τὰς

185 3046 443 3118 Πύρρωνος
487 3043 866 3116 Evocadum?)
917 3043 1216 3115 ὲφέξεις,ῆ
1269 3042 1594 3106 ἀντιθέσεις,
1644 3041 1738 3096 καὶ

191 3143 268 3195 τῶν
296 3143 631 3214 Χρυσίππου
680 3137 1059 3211 συλλογισμῶν
1085 3140 1184 3203 τὰς
1233 3136 1531 3200 διαλύσεις,
1564 3134 1597 3206 ἢ
1627 3135 1738 3189 τῶν

1841 1925 1972 1981 chra
2004 1940 2232 1997 corpora
2261 1928 2315 1990 in
2348 1929 2588 1982 animam
2619 1930 2915 1984 subeuntes
2948 1946 3182 1998 amores,
3210 1931 3426 2002 Epicuri

1841 2018 2168 2072 atheismum
2219 2028 2274 2073 et
2323 2029 2534 2074 atomos
2567 2030 2727 2090 atque
2779 2021 3051 2093 indignam
3103 2023 3428 2094 philosopho

1840 2108 2198 2179 voluptatem,
2236 2111 2547 2167 Aristotelis
2574 2129 2793 2168 avaram
2819 2114 3216 2183 providentiam
3249 2126 3302 2172 et
3337 2130 3428 2173 ar~

1843 2200 2150 2266 tiliciosam,
2186 2213 2238 2256 et
2279 2205 2538 2258 mortales
2586 2206 2651 2262 de
2678 2207 2856 2262 anima
2887 2221 3190 2275 sermones,
3235 2218 3291 2263 et
3323 2209 3423 2264 hu-

1841 2308 2055 2347 manam
2107 2294 2418 2365 dogntatum
2477 2300 2766 2354 rationem.
2810 2317 2829 2351 ι
2870 2298 2997 2355 Haec
3049 2300 3330 2372 theologus
3362 2303 3427 2357 de

1840 2386 2093 2441 ethnicis.
2155 2385 2349 2443 Nostra
2403 2399 2580 2447 autem
2633 2407 2757 2463 qua:
2805 2392 2948 2458 sint,
2989 2402 3044 2447 et
3097 2397 3427 2462 quommoilo

1842 2479 2066 2532 tractari
2096 2479 2348 2547 debeant,
2372 2481 2497 2534 audi
2534 2486 2599 2536 ab
2629 2481 2869 2551 ejusdem
2903 2485 3082 2540 verbis
3107 2485 3157 2539 in
3186 2489 3427 2542 secundo

1840 2579 2093 2625 sermone
2152 2571 2218 2627 de
2267 2587 2448 2642 pace:
2485 2591 2506 2626 ς
2556 2572 2681 2629 Haec
2726 2577 2912 2646 paucis
2969 2578 3270 2647 dogmatice
3317 2595 3427 2635 non

1841 2663 2202 2730 contentiose,
2252 2664 2546 2732 piscatorio
2589 2683 2738 2724 more
2773 2683 2881 2724 non
2924 2667 3295 2737 Aristotelice,
3329 2671 3428 2726 Ec-

1841 2755 2020 2809 clesia:
2075 2771 2179 2810 non
2218 2756 2323 2812 fori
2367 2759 2530 2829 style,
2569 2761 2777 2815 utiliter
2799 2777 2906 2816 non
2951 2764 3276 2833 pompatico.
3314 2782 3333 2816 ι
3370 2763 3425 2820 In

1840 2863 2095 2904 sermone
2137 2859 2315 2904 autem
2358 2852 2423 2905 de
2455 2854 2835 2910 moderatione
2886 2855 2938 2909 in
2970 2856 3428 2925 disputationibus

1842 2941 2108 2995 servanda
2153 2941 2271 2998 ait:
2310 2960 2330 2994 ι
2377 2941 2680 3015 Pyrrhonis
2710 2947 3077 3013 Oppositioues
3107 2957 3199 3002 aut
3233 2962 3425 3003 assen~

1841 3031 2006 3086 liendi
2082 3036 2414 3091 retentiones
2463 3051 2528 3089 ac
2582 3037 2984 3106 oppositiones,
3037 3051 3091 3094 et
3137 3039 3426 3112 Chrysippi

1840 3125 2276 3194 syllogismorum
2311 3129 2630 3196 solutiones,
2658 3140 2753 3185 aut
2791 3131 3151 3188 Aristotelicas
3175 3134 3306 3188 artis
3333 3151 3424 3187 ar-

200 3201 578 3304 ’Δριστοτέλους
603 3230 811 3305 τεχνῶν
980 3201 1357 3300 κακοτεχνίαν,
1401 3231 1434 3302 ἢ
1473 3201 1734 3300 τῆς-[1λά-

1850 3216 2068 3271 tilicium
2112 3233 2359 3289 pravum,
2409 3220 2492 3276 vel
2548 3220 2839 3278 Platonicae
2865 3223 3098 3279 suadela;
3132 3225 3428 3296 prastigia,

184 3343 324 3392 τωνος
348 3325 689 3396 εὐγλωττίας
720 3322 788 3378 τά
813 3321 1186 3393 γοητεύματα,
1220 3321 1269 3374 οἳ
1309 3320 1494 3386 κακῶς
1529 3322 1609 3383 είς
1639 3319 1738 3392 τὴν

192 3421 494 3492 Ἐκκλησίαν
539 3416 702 3490 ἡμῶν
751 3417 1112 3487 εἰσέφρησαν,
1148 3413 1339 3485 ὥσπερ
1366 3411 1735 3482 Αίγυπτιακοί

179 3528 294 3577 τινες
325 3511 624 3583 μάστιγες.
660 3527 680 3563 ι
731 3509 926 3579 Ὑμεῖς
955 3507 1010 3560 δὲ
1046 3505 1304 3578 βούλεσθε
1336 3508 1400 3560 ὲκ
1441 3507 1540 3575 τῆς
1574 3521 1738 3558 κακοο

178 3605 362 3674 τεχνίας
392 3604 506 3657 τῶν
550 3599 962 3671 Ἀριστοτέλους
995 3599 1198 3670 τεχνῶν
1235 3596 1605 3666 διαλέγεσθαι,
1641 3596 1736 3650 καὶ

179 3698 418 3765 μάστιγας
441 3694 864 3764 Αίγυπτιακούς
911 3694 991 3756 είς
1018 3692 1225 3762 φθορὰν
1264 3692 1364 3762 τῆς
1403 3690 1742 3762 Ἐκκλησίας

178 3793 394 3858 ἐπάγειν,
418 3791 531 3844 τῶν
557 3788 818 3860 κηρύκων
841 3787 940 3859 τῆς
959 3786 1196 3850 πίστεως
1227 3784 1698 3858 καταφρονοῦντες
1723 3800 1737 3852 ;

187 3882 303 3950 Ἐγὼ
330 3885 386 3937 δέ
408 3900 496 3938 σοι
525 3881 908 3954 χαριζόμενος,
933 3879 982 3932 εί
1006 3878 1267 3943 κελεύεις,
1301 3879 1390 3931 καὶ
1414 3881 1478 3930 ἐκ
1510 3877 1619 3932 τῶν
1642 3878 1738 3932 τοῦ

185 3974 575 4046 Ἀριστοτέλους
615 3973 1063 4045 διαλεχθήσομαι,
1100 3972 1175 4037 ὼς
1225 3972 1293 4027 ἂν
1326 3972 1420 4027 ἴδω
1447 3971 1568 4026 τίνα
1599 3973 1739 4031 εἰσιν

178 4067 244 4136 ἐφ’
265 4065 339 4131 oi;
365 4068 744 4140 ὲπερείδεσθε.

246 4160 298 4212 '0
331 4161 458 4214 ‘EH.
483 4161 550 4213 Εἰ
578 4157 735 4212 τοῦτο
758 4158 1032 4230 ποιήσεις,
1057 4157 1381 4228 Θεραπεύεις
1401 4159 1546 4229 ἡμᾶς
1567 4175 1581 4189 ο
1607 4158 1738 4221 ἴσως

176 4247 221 4300 δὲ
243 4251 329 4301 καὶ
349 4249 668 4319 σύμφρονες
689 4245 1120 4317 εὑρεθησόμεθα.
1157 4245 1559 4317 ’Υπισχνούμαι
1577 4247 1628 4297 δέ
1653 4263 1739 4300 σοι

174 4338 241 4391 ὅτι
266 4339 381 4392 οὐτε
417 4337 754 4408 σοφιστικῶς
786 4333 897 4389 οὔτ’
918 4336 1208 4406 ἐριστικῶς
1241 4334 1732 4406 διαλεχθησόμεθα.

241 4434 298 4486 ὐ
318 4434 518 4487 ΘΕΩΡ.
547 4430 620 4485 Εὖ
653 4432 864 4499 λέγεις’
891 4430 1154 4500 ἁπόκρινε
1197 4427 1313 4495 οὖν,
1359 4428 1451 4483 τὸν
1499 4429 1736 4500 Χριστὸν

179 4527 291 4593 μίαν
314 4527 506 4580 οὐσίαν
535 4524 718 4592 λέγεις
740 4561 757 4588 ,
793 4521 825 4591 ῆ
852 4522 974 4589 δΰο;

242 4617 300 4675 ’0
351 4621 478 4675 ἘΠ.
502 4619 650 4673 Μίαν
673 4620 764 4672 καὶ
788 4619 1012 4688 ἄτομον.

244 4715 300 4768 '0
327 4717 525 4770 ΘΕΩΡ.
553 4714 665 4784 Τὴν
692 4714 824 4784 μίαν
854 4713 948 4766 καὶ
981 4711 1206 4783 ἄτομον,
1237 4711 1334 4781 τὴν
1363 4706 1528 4764 οὖσαν
1566 4712 1624 4760 ἐν
1658 4707 1736 4782 τῷ

178 4807 394 4882 ἀριθμῷ,
413 4809 571 4878 λέγει
586 4807 965 4879 Ἀριστοτέλης
994 4805 1341 4876 ἐπιδέχεσθαι
1362 4806 1390 4858 ἃ
1402 4823 1476 4875 μα
1495 4806 1564 4858 τὰ
1582 4807 1734 4862 ἐναν-

175 4901 266 4966 τία,
292 4904 324 4975 ἢ
349 4902 447 4970 οὓς
486 4897 613 4956 Οἷον
648 4901 812 4970 λέγω,
840 4898 1001 4953 τοῦτο
1031 4899 1092 4953 τὸ
1115 4900 1246 4971 πῦρ,
1278 4901 1370 4953 καὶ
1393 4899 1594 4970 θερμὸν
1619 4899 1734 4969 ἅμα

175 4995 256 5047 καὶ
272 4995 476 5068 ψυχρόν
499 5011 518 5026 ο
549 4994 580 5065 ἢ
612 4994 831 5048 κτιστδν
865 4993 962 5047 καὶ
982 4991 1235 5047 ἀκτιστον
1278 4994 1338 5046 τὸ
1366 4994 1518 5060 αὐτὸ,
1545 4994 1640 5051 καὶ
1667 4993 1734 5047 τὰ

174 5089 395 5151 τοιαῦτα,
424 5089 458 5160 ἢ
490 5086 592 5154 ob;

245 5179 297 5233 'U
341 5183 471 5237 'Eﬂ.
501 5179 788 5250 Οὐδαμῶς.

243 5276 298 5328 ’0
327 5276 528 5332 ΘΕΩΡ.
551 5276 967 5347 Ἑπιδεχόμενος
985 5269 1077 5329 οὖν
1094 5275 1123 5328 ό
1140 5273 1375 5346 Χριστὸς
1394 5273 1511 5344 ἆμα
1544 5274 1611 5327 τὰ
1640 5273 1732 5327 δύο

177 5362 373 5420 ἐναντία
401 5385 416 5401 ο
449 5367 568 5421 ἐστι
593 5369 702 5439 γάρ
738 5366 956 5429 κτιστδς
985 5365 1078 5419 καὶ
1104 5365 1383 5430 ἀκτιστος,
1421 5364 1610 5434 θνητὸς
1639 5366 1734 5418 καὶ

178 5458 442 5527 ἀθάνατος,
462 5461 691 5532 ἔναρχος
720 5461 818 5515 xui.
847 5459 1103 5530 ἄναρχος,
1136 5459 1329 5530 ὁρατὸς
1357 5458 1452 5514 καὶ
1477 5459 1730 5530 ἀόρατος,

179 5554 264 5605 οὐκ
293 5555 439 5612 ἔσται
477 5556 580 5627 μία
599 5555 775 5609 οὐσία.
800 5555 906 5607 Καὶ
925 5554 1084 5620 δῆλον
1111 5554 1175 5607 ὲκ
1207 5554 1304 5624 τῆς
1337 5555 1728 5624 ἀντιστροφῆς.

179 5647 230 5699 Ei
258 5652 355 5720 γὰρ
393 5653 426 5722 ἠ
463 5653 567 5722 μία
593 5651 744 5704 οὐσία
771 5650 865 5704 καὶ
888 5651 1090 5720 ἄτομος
1121 5652 1238 5720 ἆμα
1285 5651 1354 5704 τὰ
1387 5653 1606 5705 ἐναντία
1632 5653 1732 5705 οὐκ

178 5734 480 5810 ἐπιδέχεται,
500 5741 616 5793 ἀλλ’
641 5741 743 5795 ἀνὰ
768 5743 930 5812 μέρος
955 5739 1062 5794 τῶν
1084 5740 1344 5795 ἐναντίων
1379 5741 1487 5794 εἰσὶ
1503 5740 1730 5794 δεκτικά

178 5828 298 5882 κατὰ
320 5834 402 5883 τὸν
432 5831 813 5902 Σταγειρίτην,
849 5831 911 5885 τὸ
941 5829 1324 5902 ἐπιδεχόμενον
1347 5829 1464 5900 ἅμα
1485 5830 1551 5884 τὰ
1579 5832 1730 5885 ἐναν-

1843 3303 1986 3361 malo
2013 3321 2143 3363 sane
2178 3309 2359 3363 omine
2393 3310 2446 3364 in
2472 3312 2757 3367 ecclesiam
2786 3325 3027 3369 nostram
3061 3314 3425 3384 irrepserunt,

1841 3411 1940 3455 ceu
1996 3402 2241 3470 quaedam
2291 3402 2556 3477 Egyptia:
2610 3404 2801 3478 plagae.
2852 3425 2870 3459 ι
2920 3405 3026 3463 Vos
3071 3423 3201 3463 vero
3254 3410 3426 3462 avetis

1846 3491 2119 3549 malitioso
2146 3493 2454 3551 Aristotelis
2503 3498 2740 3554 artiticio
2788 3499 3084 3567 disserere,
3130 3511 3184 3556 et
3216 3499 3424 3571 ﬂagella

1843 3583 2158 3657 Egyptiaca
2220 3588 2284 3640 ad
2322 3585 2578 3644 Ecclesiae
2613 3590 2906 3658 perniciem
2958 3591 3235 3655 inducere,
3287 3608 3424 3648 cou-

1845 3675 2063 3745 temptis
2096 3676 2218 3731 fidei
2251 3679 2629 3747 praeconibus?
2673 3678 2785 3751 Ego
2815 3681 3166 3737 nihilominus
3215 3693 3273 3737 ut
3304 3685 3423 3754 tibi,

1843 3769 2016 3832 sivis,
2047 3771 2344 3840 gratiﬁcer,
2390 3788 2540 3827 more
2589 3788 2802 3843 quoque
2848 3775 3195 3830 Aristotelico
3236 3775 3422 3847 dispu-

1843 3862 1988 3929 tabo,
2009 3871 2067 3917 ut
2095 3879 2215 3934 qua
2243 3866 2352 3920 sint
2383 3863 2730 3922 fundamenta
2765 3877 2942 3924 vestra
2967 3857 3314 3941 cognoscam.
3385 3882 3388 3884 ‘

1914 4156 2128 4214 EPlSC.
2170 4158 2282 4216 Hoc
2301 4177 2484 4233 agens,
2516 4181 2614 4219 nos
2645 4167 3033 4235 demereberis,
3072 4179 3126 4226 et
3153 4171 3202 4225 in
3233 4172 3419 4229 eadem

1841 4253 2073 4310 fortasse
2092 4258 2359 4311 sententia
2379 4274 2498 4313 esse
2518 4260 2840 4317 videbimur.
2860 4262 3029 4320 Porro
3048 4265 3174 4321 tibis
3189 4267 3420 4337 paudeo,

1843 4363 2020 4417 neque
2043 4351 2338 4416 sephistice
2355 4367 2456 4406 nos
2474 4354 2845 4423 disputaturos
2860 4373 3035 4428 neque
3060 4361 3422 4418 contentiosa.

1914 4437 2172 4496 THEOR.
2246 4442 2433 4497 Recte.
2498 4444 2785 4514 Restiondc
2838 4449 3000 4520 igitur
3048 4465 3066 4506 :
3122 4450 3419 4518 Christum,

1768 4546 1813 4608 ι)
1845 4549 2004 4586 unam
2034 4535 2390 4588 Stthstantiatn
2425 4537 2562 4592 dicis
2594 4556 2659 4591 an
2685 4540 2861 4596 duas?

1915 4624 2129 4682 EPISC.
2178 4625 2349 4682 Unam
2378 4638 2430 4683 ct
2455 4630 2862 4691 indivisibiletn.

1910 4717 2167 4774 THEOR.
2210 4719 2392 4776 Unum
2423 4733 2477 4777 et
2500 4723 2848 4793 indivisibile,
2873 4727 3016 4795 quod
3044 4731 3108 4784 ad
3134 4746 3420 4787 numerum

1838 4813 2093 4882 pertinet,
2128 4813 2276 4868 aitne
2325 4814 2646 4870 Aristotcles
2697 4817 2938 4887 recipere
2969 4821 3267 4886 contraria,
3321 4839 3422 4878 nec

1839 4903 1945 4958 ne?
1985 4902 2226 4973 Exempli
2260 4919 2444 4967 causa,
2479 4904 2565 4960 hic
2601 4906 2738 4975 ignis
2773 4908 3008 4964 simulne
3040 4911 3245 4967 calidus
3265 4924 3344 4970 est
3368 4925 3422 4968 ct

1839 4988 2104 5068 frigidus?
2140 5006 2229 5051 aut
2253 4997 2392 5052 idem
2428 5008 2717 5054 creatusnc
2740 5012 2823 5053 est
2850 5011 2904 5056 et
2934 5018 3040 5058 non
3078 5007 3336 5070 creatus?
3366 5015 3423 5064 et

1834 5092 1940 5145 alia
1963 5091 2158 5146 similia
2191 5093 2368 5148 dicine
2395 5101 2623 5160 queunt,
2661 5107 2760 5147 nec
2794 5095 2901 5150 ne?

1911 5181 2126 5237 EPISC.
2167 5181 2537 5253 Nequaquam.

1909 5274 2161 5330 THEOR.
2204 5276 2337 5329 Cum
2371 5291 2498 5345 ergo
2528 5276 2778 5333 Christus
2810 5278 2918 5333 duo
2949 5280 3109 5335 simul
3141 5284 3415 5338 contraria

1836 5370 1889 5424 in
1921 5385 1978 5424 se
2008 5370 2268 5438 recipiat;
2314 5380 2397 5424 est
2420 5371 2562 5424 enim
2593 5383 2805 5427 creatus
2847 5382 2902 5429 et
2937 5373 3236 5437 iucreatus,
3269 5393 3418 5432 mor-

1838 5461 1958 5517 talis
1993 5471 2045 5514 ct
2081 5461 2422 5526 immortalis,
2457 5477 2579 5516 cum
2612 5462 2875 5532 principio
2898 5473 2951 5516 et
2981 5463 3095 5519 sine
3123 5466 3412 5536 principio,

1836 5553 2062 5610 visibilis
2120 5563 2173 5606 et
2232 5553 2552 5619 invisibilis;
2604 5570 2708 5607 una
2759 5555 3062 5610 substantia
3122 5573 3227 5609 non
3281 5559 3413 5620 erit.

1836 5646 1995 5716 quue
2024 5661 2089 5700 ex
2129 5660 2392 5700 converso
2439 5658 2759 5713 argumento
2812 5655 2976 5716 patet.
3030 5646 3087 5701 Si
3133 5649 3276 5702 enim
3309 5667 3411 5705 una
3486 5713 3490 5720 ,

1834 5738 2138 5792 substantia
2179 5748 2231 5792 et
2280 5738 2649 5802 indivisihilis,
2675 5739 2836 5794 simul
2868 5739 3136 5793 contraria
3187 5757 3290 5794 non
3325 5757 3414 5795 re-

1837 5829 2002 5900 cipit;
2060 5831 2150 5887 sed
2184 5840 2368 5886 contra
2400 5833 2544 5901 quod
2577 5837 2660 5884 cst
2705 5829 2972 5886 divisibile
3012 5833 3408 5900 contrariorum
