4008 6170
459 277 568 342 99⁸3
1883 275 2047 336 THEl

2156 277 2319 338 IANI
3617 265 3730 332 νςδ

465 415 484 450 ι
559 394 685 449 Haec
747 393 872 449 dum
941 392 1123 457 aiunt,
1204 390 1346 461 quod
1413 405 1473 446 se
1540 387 1689 462 ipsos
1746 401 2032 456 evertam,

2156 393 2368 456 ἑαυτοὺς
2391 391 2632 464 ἀτέχνως
2663 391 3116 463 παραλογίζεσθε.
3160 391 3393 464 Πέρυσιν
3425 393 3452 446 ὁ
3491 391 3598 461 πρὸ
3631 392 3726 444 σοῦ

459 491 730 544 nesciunt.
810 505 828 538 ›
903 483 1016 553 Ego
1070 499 1197 538 vero
1254 484 1456 551 miror,
1512 485 1781 555 quomodo
1829 499 1927 539 vos
1984 495 2042 540 ut

2156 488 2238 540 ιοῦ
2275 488 2601 542 Κεσσουνίου
2627 487 2928 549 ἐπίσκοπος
2951 487 3226 555 Ἰωάννης,
3275 486 3729 556 παραγενόμενος

460 582 637 637 dicitis
697 581 747 633 in
800 577 1143 648 philosophia
1200 577 1420 641 nutriti,
1481 576 1699 632 incaute
1751 576 1903 631 vobis
1939 578 2037 645 ipsi

461 673 736 742 negotium
768 669 1064 726 facessitis.
1093 667 1232 722 Olim
1269 666 1531 730 Joannes,
1559 676 1680 722 tuus
1705 668 1757 721 in
1791 665 2038 730 Cessunii

458 765 767 832 epist-opatu
820 763 1116 824 decessor,
1185 760 1566 814 Armeniorum
1641 760 1905 830 synodum
1955 773 2041 813 me

459 857 684 910 absente
721 855 1019 925 ingressus,
1073 851 1479 921 imperitissima
1515 865 1647 905 voce
1698 851 1861 906 missa
1912 866 2042 906 con-

428 962 670 1013 .sessum
703 960 916 1001 onmem
963 943 1316 1014 perturbavit.
1353 943 1546 999 Paucis
1582 957 1707 997 vero
1743 942 2042 1012 interjectis

459 1042 649 1095 diebus
702 1054 895 1094 rursus
958 1037 1128 1092 adfuit
1181 1052 1268 1092 me
1327 1047 1590 1106 praesente
1656 1037 1708 1091 in
1782 1035 2038 1107 synodo:

458 1147 691 1202 cumque
743 1133 834 1187 ille
871 1131 1126 1201 congredi
1165 1131 1352 1193 nollet,
1396 1137 1579 1198 utpote
1611 1129 1704 1198 qui
1759 1128 1812 1183 in
1867 1128 2040 1182 aliena

457 1225 666 1294 synodo
701 1233 1033 1286 versaretur,
1075 1237 1174 1291 ego
1209 1225 1275 1276 ad
1313 1223 1693 1276 Armeniorum
1722 1220 2039 1276 Generalem

457 1317 620 1369 verba
660 1315 760 1371 feci
797 1334 812 1373 :
844 1327 954 1369 tum
985 1315 1254 1370 sermonis
1308 1316 1411 1368 mei
1464 1329 1734 1369 summam
1795 1314 1845 1368 in
1899 1328 2040 1383 prm-

459 1414 662 1469 dictum
699 1415 1013 1484 episc0pum
1040 1414 1388 1483 detorquens,
1420 1413 1750 1482 deprompsi,
1799 1413 2036 1476 domine,

457 1508 743 1577 quaesitum
774 1508 902 1562 illud
931 1511 1072 1576 quod
1100 1507 1152 1560 in
1186 1508 1367 1576 priore
1394 1506 1757 1573 disputatione
1778 1504 2040 1574 scriptum

458 1609 543 1655 est
598 1613 770 1668 usque
830 1598 896 1652 ad
957 1599 1115 1652 verba
1157 1614 1171 1651 :
1217 1615 1236 1648 ι
1286 1595 1417 1651 Siue
1466 1595 1767 1665 patriarcha
1826 1609 1964 1648 meo.
2016 1612 2035 1646 ι

459 1692 565 1747 Sed
618 1707 743 1747 cum
802 1691 894 1746 illo
949 1692 1162 1761 quidem
1232 1689 1583 1760 philosophiae
1641 1691 1852 1757 ignaro,
1915 1698 2042 1743 tunc

2145 583 2202 634 ἐν
2241 585 2307 651 τῇ
2367 582 2571 651 συνόδῳ
2616 581 2727 633 τῶν
2778 580 3084 649 Ἀρμενίων
3130 581 3362 641 ἀπόντος
3409 578 3571 646 ἐμοῦ,
3629 576 3732 631 καὶ

2121 674 2331 743 ,φωνῆς
2370 673 2655 742 ἀλογίστου
2703 672 2802 745 τὴν
2836 673 3056 727 σύνοδον
3087 671 3371 742 διετάραξε
3397 689 3414 704 ο
3457 673 3552 726 καὶ
3588 672 3732 741 μετά

2143 785 2294 829 τινας
2322 768 2535 839 ἡμέρας
2567 767 2730 819 πάλιν
2756 768 2938 838 παρῆν
2972 768 3134 829 αῦτλς
3166 765 3324 834 κάγὼ
3367 769 3432 838 τῇ
3480 767 3687 834 συνόδῳ
3707 779 3728 794 ο

2143 861 2266 912 ἐπεὶ
2299 861 2354 914 δὲ
2387 865 2669 931 συντυχεῖν
2715 863 2922 924 ἐκεῖνος
2967 861 3067 915 οὐκ
3099 861 3402 931 ἠϐουλήθη,
3455 860 3528 921 ὡς
3566 859 3734 928 δῆθεν

2146 950 2349 1020 συνόδῳ
2382 949 2704 1022 προστυχὼν
2732 951 3018 1023 ἀλλοτρίᾳ..
3056 955 3193 1024 πρὸς
3230 954 3330 1021 μὲν
3363 954 3456 1003 τὸν
3490 950 3733 1004 Καθολι-

2145 1043 2242 1095 κὸν
2263 1042 2371 1094 τῶν
2413 1043 2714 1112 ’Λρμενίων
2747 1043 2837 1096 τὸν
2881 1044 3039 1112 λόγον
3072 1043 3418 1114 ἐποιησάμην
3450 1041 3562 1108 ἐγώ
3585 1059 3600 1072 ·
3638 1038 3734 1092 τὸν

2145 1129 2270 1181 νοῦν
2300 1130 2357 1182 δὲ
2390 1129 2484 1182 τοῦ
2517 1128 2680 1196 λόγου
2720 1131 2856 1202 πρὸς
2879 1132 2970 1185 τὸν
3001 1132 3240 1201 ρηθέντα
3268 1130 3572 1183 ἐπίσκοπον
3593 1131 3734 1184 ἁπο-

2142 1222 2454 1292 τεινόμενος
2504 1225 2660 1293 ἔφην,
2694 1223 2953 1291 δέσποτα,
3016 1226 3280 1296 ἐρώτημα
3339 1224 3479 1293 ὅπερ
3509 1223 3734 1293 ὲγράςξη

2143 1316 2389 1382 ὄπισθεν,
2407 1317 2510 1382 ἕως
2534 1320 2628 1373 τοῦ
2668 1338 2686 1370 ι
2717 1319 2880 1372 Ἀνευ
2906 1319 2999 1372 τοῦ
3022 1320 3156 1389 ἐμοῦ
3183 1319 3526 1391 πατριάρχου
3545 1315 3662 1388 (39)
3686 1334 3734 1368 ι.

2156 1407 2300 1462 Ἀλλ’
2335 1411 2529 1480 ἐκείνῳ
2566 1411 2666 1480 μὲν
2700 1412 2823 1466 τότε
2869 1411 3394 1482 παραδειγματικῶς
3436 1411 3508 1471 ῶς
3535 1411 3739 1478 ἀφιλο-

2146 1499 2321 1569 σόφῳ,
2372 1501 2454 1553 σοὶ
2481 1501 2537 1556 δὲ
2557 1501 2651 1554 νῦν
2679 1501 2754 1566 ὡς
2783 1503 3059 1574 φιλοσόφῳ
3083 1502 3324 1570 λογικῶς
3356 1502 3692 1570 ἀποδέδειχα
3715 1515 3732 1530 ’

2143 1592 2339 1665 ἐκείνῳ
2379 1593 2478 1664 μὲν
2511 1595 2594 1647 ὅτι
2640 1597 2699 1649 ού
2737 1597 2948 1664 γίνεται
2973 1596 3168 1668 τετρὰς
3201 1598 3234 1665 ἡ
3270 1597 3464 1670 Τριὰς,
3510 1594 3601 1648 διὰ
3631 1592 3737 1662 τὴν

2145 1686 2468 1760 προσθήκην
2496 1688 2596 1758 τῆς
2629 1690 2824 1760 ἐτέρας
2875 1690 3090 1759 φύσεως
3110 1691 3219 1764 (40)
3249 1709 3264 1724 ·
3301 1691 3385 1744 σοὶ
3407 1690 3463 1744 δὲ
3495 1692 3579 1744 ὅτι
3610 1692 3736 1742 τότε

457 1785 705 1855 exemplo
761 1787 966 1840 abusus
1005 1800 1163 1850 sum;
1204 1797 1349 1838 nunc
1403 1797 1530 1835 vero
1568 1780 1661 1835 tibi
1700 1779 2037 1851 philosoimo,

2156 1780 2354 1850 μᾶλλον
2382 1785 2594 1849 γίνεται
2623 1788 2880 1857 τετρὰςή
2910 1787 3104 1858 Τριάς,
3145 1789 3274 1841 ὅταν
3324 1785 3610 1857 ὁμοούσιον
3653 1783 3738 1836 ετ-
3778 1835 3781 1837 ,

459 1878 685 1948 logicam
740 1875 909 1933 obtuli
973 1876 1510 1930 demonstrationem.
1565 1873 1632 1929 Et
1685 1873 1758 1927 illi
1823 1874 2040 1942 quidem

459 1975 629 2040 suasi,
689 1989 796 2028 non
867 1972 984 2026 ﬁeri
1042 1973 1109 2026 de
1171 1970 1436 2026 Trinitate
1500 1969 1910 2038 quaternionem
1974 1971 2041 2025 ob
2105 1971 2329 2029 alterius
2392 1987 2601 2031 naturae
2677 1978 3075 2049 adjectionem;

2154 1893 2346 1946 πῶμεν
2373 1877 2435 1931 τὸ
2470 1878 2630 1950 σῶμα
2652 1881 2719 1950 τῇ
2761 1880 2854 1936 τοῦ
2885 1882 3062 1948 Λόγου
3096 1880 3334 1953 θεότητι.

3164 1977 3262 2032 tibi
3315 1992 3447 2032 vero
3497 1977 3741 2041 ostendi,

469 2069 876 2126 tunc‘maxime
913 2066 1251 2124 deTrinitate
1285 2067 1399 2121 lieri
1433 2067 1844 2134 quaternionem
1869 2105 1885 2133 ,
1919 2081 2043 2121 cum
2086 2081 2283 2136 corpus
2311 2071 2613 2128 dixerimus
2642 2073 3111 2130 consubstantiale
3137 2072 3300 2129 Verbi
3332 2073 3628 2128 divinitati.

535 2165 631 2220 llis
692 2165 896 2232 dictis,
967 2163 1248 2234 respondit
1313 2164 1598 2234 episcolms
1667 2164 1815 2219 Elias
1876 2181 1891 2218 :
1951 2177 2048 2218 nos

461 2256 743 2314 Christum
794 2271 954 2309 unam
987 2255 1346 2310 substantiam
1398 2255 1760 2322 compositam
1794 2255 2048 2320 dicimus,

462 2359 520 2401 ut
557 2345 731 2401 sancti
769 2343 963 2398 Patres
993 2344 1212 2397 docent.
1240 2341 1583 2412 Caeteroquin
1608 2357 1708 2414 ego
1742 2343 1883 2396 haud
1927 2342 2048 2397 veni

461 2440 869 2509 disputaturus,
921 2437 1015 2492 sed
1068 2436 1310 2491 fraterno
1360 2450 1512 2490 more
1572 2435 1719 2491 hunc
1781 2437 2050 2491 commovi

460 2546 792 2595 sermonem,
845 2538 905 2584 ut
944 2527 1311 2584 Romanorum
1363 2530 1427 2584 de
1459 2528 1564 2583 bac
1621 2543 1680 2583 re
1727 2530 2051 2584 sententiam

461 2639 871 2696 cognoscerem.
914 2621 1281 2693 Philosophus
1307 2633 1484 2677 autem
1514 2620 1854 2687 Theodorus,
1884 2622 1973 2692 qui
2020 2637 2052 2676 a

461 2728 650 2773 nostro
715 2715 1026 2787 patriarcha
1096 2715 1166 2769 ad
1227 2723 1278 2769 te
1343 2712 1544 2769 missus
1604 2722 1728 2780 est,
1794 2729 1891 2785 pro
1953 2728 2054 2769 suo

462 2811 715 2880 laquatnr
742 2808 916 2864 libito.

534 2900 791 2956 THEOR.
837 2898 1052 2965 Dixisti,
1089 2898 1328 2963 domine,
1375 2912 1473 2952 vos
1498 2913 1661 2952 unam
1692 2896 2049 2967 compositam

462 2994 820 3052 substantiam
867 2991 1151 3046 ali‘trmare.
1206 2991 1305 3045 Ast
1355 3005 1452 3044 oro
1503 3005 1571 3045 ne
1614 2989 1888 3059 explicare
1919 2989 2051 3042 mihi

463 3087 710 3159 graveris
743 3086 870 3156 quid
906 3085 977 3140 sit
1017 3084 1160 3153 quod
1213 3084 1290 3137 ait
1341 3083 1625 3154 theol0gus
1661 3082 1960 3152 Gregorius
1995 3082 2050 3135 in

462 3198 564 3238 suo
609 3181 675 3235 dc
715 3176 920 3247 Spiritu
971 3183 1162 3231 sancto
1195 3188 1449 3230 sermone
1482 3191 1498 3229 :
1539 3193 1559 3228 ι
1601 3173 1658 3228 Si
1685 3183 1864 3228 autem
1919 3175 2053 3227 sub-

461 3276 658 3332 stantia
704 3282 811 3336 est,
847 3282 903 3327 et
947 3284 1055 3324 non
1087 3269 1290 3339 aliquid
1321 3282 1513 3324 eorum
1558 3281 1680 3336 quae
1728 3265 2053 3321 substantiae

461 3369 742 3428 accidunt,
795 3372 1043 3436 superest
1097 3362 1256 3433 plane
1319 3371 1376 3416 ut
1429 3359 1509 3416 vel
1542 3368 1796 3415 creatura
1841 3359 1914 3415 sit
1969 3359 2055 3414 vel

2222 2168 2440 2224 Τούτων
2494 2171 2794 2241 ῥηθέντων,
2851 2168 3008 2226 εἶπεν
3051 2175 3080 2228 ὁ
3130 2173 3432 2236 ἐπίσκοπος
3494 2172 3734 2236 Ἠλίας·

2163 2254 2354 2325 Ἡμεῖς
2385 2258 2477 2312 τὸν
2519 2260 2755 2330 Χριστὸν
2792 2261 2918 2332 μίαν
2951 2262 3139 2315 οὐσίαν
3191 2263 3445 2317 σύνθετον
3474 2263 3742 2334 λέγομεν,

2152 2350 2225 2414 ὡς
2263 2352 2310 2405 οἱ
2336 2351 2484 2420 ἆγιοι
2528 2353 2777 2424 Πατέρες
2805 2355 3120 2410 διδάσκουσι
3141 2375 3156 2391 ο
3189 2357 3330 2426 πλὴν
3358 2356 3458 2426 μὲν
3489 2355 3602 2424 ἐγὼ
3641 2357 3746 2408 οὐκ

2151 2439 2315 2516 ἦλθον
2341 2447 2479 2517 πρὸς
2507 2447 2567 2499 τὸ
2590 2447 2960 2520 διαλεχθῆναι,
2987 2450 3103 2502 ἀλλ’
3129 2448 3436 2520 ἀδελφικῶς
3465 2449 3742 2520 κεκίνηκα

2152 2540 2244 2593 τὸν
2279 2541 2407 2611 περ).
2439 2541 2632 2594 τούτου
2663 2541 2839 2610 λόγον,
2874 2543 3201 2613 βουλόμενος
3234 2543 3430 2614 μαθεῖν
3458 2543 3611 2614 παρά
3646 2543 3744 2596 σοῦ

2153 2634 2205 2684 τι
2234 2635 2362 2704 περὶ
2393 2635 2585 2688 τούτου
2626 2635 2881 2704 λέγουσιν
2911 2636 2961 2689 οἱ
3003 2637 3291 2706 Ῥωμαῖοι.
3349 2636 3408 2690 '0
3439 2636 3744 2706 φιλόσοφος

2153 2727 2210 2780 δὲ
2240 2728 2541 2798 Θεόδωρος,
2574 2730 2602 2782 δ
2641 2731 2736 2782 καὶ
2769 2731 2925 2800 παρὰ
2956 2730 3049 2784 τοῦ
3079 2731 3355 2801 ἡμετέρου
3386 2733 3744 2800 πατριάρχου

2152 2823 2487 2885 ἀποσταλεὶς
2509 2823 2646 2892 πρὸς
2676 2823 2756 2887 σὲ,
2791 2823 3004 2894 λεγέτω
3030 2827 3090 2878 τὸ
3123 2824 3317 2879 δοκοῦν
3345 2823 3493 2894 αὐτῷ
3520 2824 3664 2894 (Μ).

2236 2914 2296 2968 '0
2313 2914 2505 2969 ΘΕΩΡ.
2523 2914 2720 2981 Εἷπας,
2733 2917 2997 2979 δέσποτα,
3011 2919 3094 2970 ὅτι
3118 2919 3248 2986 μίαν
3269 2915 3525 2969 σύνθετον
3541 2916 3742 2971 οὑσέαν

2151 3007 2340 3078 λέγετε
2377 3026 2391 3041 ο
2425 3011 2524 3064 καὶ
2554 3011 2888 3082 παρακαλῶ,
2937 3012 3012 3083 μὴ
3049 3010 3370 3083 ἀπαξιὼσῃς
3397 3009 3746 3081 ἑρμηνεῦσαι

2157 3120 2269 3172 μοι,
2308 3103 2364 3156 τί
2391 3103 2538 3156 ἐστιν
2580 3104 2607 3157 δ
2649 3105 2798 3173 λέγει
2845 3106 2872 3156 ό
2898 3103 3161 3174 Θεολὸγος
3207 3105 3509 3177 Γρηγόριος
3562 3105 3623 3158 ἐν
3661 3103 3749 3176 τῷ

2154 3196 2408 3268 περὶτοῦ
2440 3198 2596 3266 ἁγίου
2630 3199 2946 3266 Πνεύματος
2978 3199 3122 3270 λόγῳ
3153 3216 3166 3230 ·
3209 3218 3228 3252 ι
3263 3201 3328 3254 Ei
3362 3199 3406 3253 δ’
3430 3200 3592 3253 οὐσία
3633 3216 3748 3268 τις,

2152 3289 2213 3342 οὐ
2245 3290 2354 3342 τῶν
2393 3291 2523 3359 περὶ
2550 3290 2649 3359 τὴν
2678 3289 2890 3353 οὐσίαν,
2926 3289 3047 3360 1ἢτοι
3088 3291 3297 3359 κτίσμα
3348 3289 3745 3360 ὑποληφθήσε-

2152 3403 2245 3438 ται
2279 3384 2312 3456 ἢ
2345 3383 2478 3450 Θεός
2512 3400 2525 3414 ·
2570 3386 2736 3456 μέσον
2765 3386 2876 3456 γάρ
2908 3401 2993 3438 τοι
3022 3381 3406 3456 τούτων,’ῆτοι
3437 3385 3746 3458 μηδετέρου

466 3462 626 3516 Deus.
671 3458 804 3512 Nam
846 3457 1070 3512 mediuu‘
1135 3455 1262 3523 quid
1312 3456 1454 3509 inter
1485 3456 1619 3520 haec,
1670 3454 1749 3508 vel
1796 3452 2047 3508 neutrius

2158 3452 2413 3550 μετέγον,
2458 3477 2491 3550 ἢ
2543 3452 2602 3546 ἐξ
2650 3452 2856 3549 ἀμφοῖν
2923 3477 3200 3546 σύνθετον,
3253 3452 3362 3532 οὐδ’
3403 3478 3471 3531 ἂν
3501 3452 3573 3532 ὀι
3614 3452 3746 3543 τοὺς

464 3553 762 3628 particeps,
787 3549 871 3604 vei
903 3564 965 3604 ex
991 3549 1252 3603 ambobus
1274 3561 1653 3616 composuum,
1677 3559 1745 3599 ne
1773 3544 1805 3599 ii
1831 3545 2048 3616 quidem

467 3643 786 3712 cogitabunt
840 3641 932 3710 qui
996 3649 1288 3696 centauros
1342 3637 1443 3692 sibi
1481 3638 1814 3706 conﬁngunt.
1861 3655 1881 3688 ›
1939 3635 2051 3691 Cur

464 3752 592 3805 ergo
626 3750 718 3788 vos
753 3732 1104 3801 compositam
1140 3730 1502 3786 sobstantiam
1537 3726 1814 3784 Christum
1841 3728 2048 3793 dicitis,

465 3843 634 3899 quum
671 3825 954 3895 theologus
987 3823 1342 3893 compositam
1397 3821 1764 3876 substantiam
1825 3836 2051 3891 prorsus

466 3917 716 3988 ignoret?

538 4009 751 4069 EPISC.
776 4009 892 4064 Dixi
919 4007 1053 4079 jam,
1109 4021 1195 4061 me
1245 4009 1312 4062 ad
1360 4006 1748 4076 pisputandum
1788 4006 1894 4060 hoc
1934 4021 2038 4059 non

466 4097 706 4162 venisse.
738 4103 840 4155 Aio
889 4111 1065 4154 tamen
1101 4098 1244 4156 haud
1296 4115 1547 4169 magnam
1579 4113 1700 4153 esse
1745 4107 1986 4153 nostram
2021 4114 2051 4152 a

465 4195 624 4250 vobis
659 4194 1106 4264 discrepantiam.
1161 4191 1254 4246 llis
1303 4190 1484 4258 dictis,
1523 4190 1692 4261 Syrus
1717 4192 1936 4260 quidam
1967 4205 2057 4242 sa-

466 4289 661 4344 cerdos
725 4301 1028 4356 exsurgens
1081 4285 1159 4337 ait
1221 4283 1528 4338 'l‘heoriano
1577 4300 1590 4337 :
1653 4281 1764 4336 Cur
1819 4281 2053 4336 frontem

467 4384 696 4455 signatis
745 4383 957 4438 duobus
1014 4379 1244 4450 digitis?
1297 4393 1478 4433 nonne
1531 4378 1680 4448 digiti
1736 4377 2053 4447 singillatim

466 4477 625 4532 divisi
675 4475 844 4536 sunt?
885 4484 940 4527 ut
969 4474 1089 4532 duae
1132 4471 1336 4528 Christi
1376 4479 1583 4526 naturae
1616 4480 1876 4540 separata!
1913 4469 2056 4539 apud

470 4585 570 4625 vos
631 4569 946 4623 credantur.
1002 4566 1098 4622 Cui
1145 4563 1482 4620 Theorianus
1527 4564 1680 4632 quasi
1713 4562 2056 4629 jocabuntlus

471 4659 751 4731 respondit
788 4675 803 4712 :
845 4659 964 4717 Non
1003 4668 1059 4710 ut
1091 4661 1229 4712 duas
1265 4654 1467 4712 Christi
1520 4667 1741 4709 naturas
1785 4655 2056 4722 signitice-

2157 3572 2537 3644 τραγελάφους
2588 3572 2924 3636 πλάττοντες
2977 3573 3318 3645 ἔννοήσαιεν.
3352 3591 3370 3625 ι
3407 3573 3531 3636 Πῶς
3577 3573 3746 3643 ὑμεῖς

2160 3667 2258 3737 μὲν
2289 3667 2543 3720 σύνθετον
2581 3666 2767 3720 οὐσίαν
2791 3666 2983 3736 λέγετε
3014 3667 3105 3722 τὸν
3133 3668 3390 3736 Χριστὸν,
3419 3667 3447 3718 ὸ
3473 3667 3745 3736 ϐεολόγος

2154 3759 2210 3813 δὲ
2237 3758 2495 3816 σύνθετον
2531 3758 2722 3812 οὐσίαν
2750 3757 3018 3829 ἠγνόησεν
3049 3757 3249 3822 ὁλικῶς
3273 3776 3289 3825 ;

2233 4001 2293 4054 '0
2312 3999 2439 4055 ’Eﬂ.
2477 4000 2798 4072 Προεῖρηκά
2816 4019 2921 4066 σοι,
2947 4002 3029 4055 ὅτι
3051 4001 3152 4055 οὐκ
3179 3998 3349 4074 ἦλθον
3376 4003 3741 4076 διαλεχθησό-

2157 4110 2317 4165 μενος
2344 4110 2359 4125 σ
2390 4094 2534 4162 λέγω
2562 4094 2617 4146 δὲ
2661 4095 2742 4148 ὅτι
2778 4096 2940 4165 μέσον
2969 4097 3128 4166 ἡμῶν
3162 4097 3255 4151 καὶ
3295 4098 3448 4166 ὑμῶν
3487 4101 3589 4153 οὐκ
3620 4103 3743 4159 ἔστι

2159 4188 2300 4259 μέγα
2337 4188 2584 4258 σφάλμα.
2615 4187 2833 4242 Τούτων
2860 4189 3004 4244 οὕτω
3051 4191 3360 4262 ῥηθέντων,
3388 4193 3632 4259 ἀναστάς
3667 4198 3745 4250 it-

2160 4281 2287 4352 ρεύς
2317 4299 2400 4345 τις
2433 4281 2542 4333 τῶν
2578 4280 2765 4350 Σύρων
2793 4279 2913 4335 εἷπε
2960 4287 3098 4354 πρὸς
3126 4285 3222 4337 τὸν
3252 4287 3565 4355 Θεωριανόν
3594 4305 3608 4322 ·
3641 4292 3745 4342 Διὰ

2153 4373 2209 4427 τι
2264 4373 2596 4443 σφραγίζετε
2634 4373 2922 4438 δακτύλοις
2977 4375 3170 4441 δυσίνς
3218 4379 3332 4430 Ούκ
3382 4379 3523 4433 εἰσὶν
3568 4381 3620 4433 οἱ
3651 4382 3745 4437 δάν

2155 4465 2338 4520 κτυλοι
2372 4465 2871 4535 διακεχωρισμένοι
2907 4468 3011 4521 άνὰ
3052 4468 3262 4538 μέρος;
3304 4471 3505 4525 Λοιπὸν
3551 4477 3646 4528 καὶ
3683 4477 3742 4530 αἱ

2153 4560 2245 4612 δύο
2299 4558 2488 4625 φύσεις
2541 4560 2634 4611 τοῦ
2687 4558 2923 4630 Χριστοῦ
2975 4563 3381 4632 κεχωρισμέναι
3447 4566 3556 4619 εἰσὶ
3615 4569 3739 4623 καθ’

2155 4652 2321 4722 ὑμᾶς.
2367 4649 2425 4703 Ὀ
2459 4653 2516 4706 δὲ
2564 4653 2872 4723 Θεωριανὸς
2925 4651 3040 4706 οἷον
3097 4657 3488 4725 άστεῖζόμενος
3531 4656 3692 4714 εἶπεν
3727 4678 3742 4692 ο

475 4771 621 4820 tuus,
657 4753 708 4806 id
736 4754 982 4821 agimus;
1015 4753 1108 4809 sed
1131 4751 1254 4820 quia
1282 4750 1565 4822 tyrannide
1591 4747 1785 4802 diaboli
1816 4746 2047 4811 liberati,

2159 4746 2232 4797 Οὐ
2262 4745 2361 4806 τάς
2397 4743 2491 4796 δύο
2539 4743 2728 4811 φύσεις
2777 4744 2872 4798 τοῦ
2923 4746 3162 4814 Χριστοῦ
3198 4750 3559 4819 σημαίνοντες
3597 4753 3745 4808 οὕτω

469 4843 648 4897 educti
719 4841 925 4896 fuimus
983 4841 1152 4896 aciem
1211 4840 1473 4895 adversus
1537 4839 1685 4896 illum
1743 4838 2053 4905 bellumque

472 4940 746 5005 instruere
781 4953 795 4990 :
826 4946 880 4991 et
912 4935 1165 4993 manibus
1191 4933 1405 5003 quidem
1433 4931 1721 4998 justitiam,
1754 4929 2053 4996 eiecmosy-

473 5047 624 5096 nam,
652 5041 974 5098 ceterasque
1010 5028 1237 5084 virtutes
1267 5038 1576 5095 operantur,
1607 5037 1726 5091 quae
1761 5032 1845 5075 est
1886 5019 2049 5072 veluti

395 5183 400 5189 ,
465 5126 612 5180 acies
648 5126 917 5179 instructa
953 5135 1116 5177 :cum
1167 5130 1347 5174 autem
1380 5118 1564 5183 digitis
1607 5118 1817 5185 signum
1850 5112 2050 5168 Christi

539 5265 654 5336 (59)
695 5265 838 5336 Ante
870 5264 972 5336 hoc
1020 5263 1351 5336 alianiussim
1403 5259 1722 5313 vocabulum
1761 5257 1942 5336 hiatus
1975 5265 2056 5311 est

473 5329 647 5393 editae.
675 5335 876 5405 prioris
923 5333 1332 5405 disputationis,
1386 5348 1546 5401 quem
1601 5344 1733 5397 ergo
1780 5329 2053 5382 delectum

475 5424 572 5478 Ope
599 5403 803 5478 codicis
837 5404 1082 5478 Vaticani
1110 5403 1347 5478 explevi.

541 5479 655 5546 (ιο)
703 5475 914 5546 Videsis
960 5476 1072 5546 luec
1110 5475 1160 5527 iu
1189 5468 1377 5546 priore
1409 5471 1890 5546 disputationeap.
1923 5468 2049 5523 466.

542 5543 655 5619 (Η)
700 5545 864 5600 Recte
895 5543 1504 5619 episeopits"_flteotl_oro
1533 5543 1841 5619 disputandi
1874 5554 2053 5608 partes

470 5613 828 5688 cedit,'quern
883 5613 965 5671 sui
1019 5613 1277 5680 temporis
1339 5616 1507 5688 fuisse
1557 5613 1935 5688 doctissimum
1987 5620 2042 5664 et.

472 5682 998 5759 eloquentissimum,
1048 5685 1685 5759 linguasqueG_r:eca_nt,
1741 5682 2042 5759 Syriacam,

475 5778 525 5820 et
578 5753 965 5816 Siracenicatn
1013 5753 1296 5821 calluisse,
1348 5757 1424 5809 ait
1461 5753 1852 5809 [iur-Hebraeus
1905 5755 2046 5822 apud

2152 4836 2392 4908 δρῶμεν,
2420 4837 2556 4889 ἀλλὰ
2591 4838 2688 4906 τῆς
2721 4839 3036 4908 τυραννίδος
3069 4840 3163 4893 τοῦ
3193 4841 3440 4896 διαϐόλου
3491 4847 3745 4901 ἀπαλλα-

2150 4931 2364 4996 γέντες,
2397 4929 2754 4999 ἐδιδάχθημεν
2790 4931 3101 5003 παράταξιν
3137 4937 3312 4988 ποιεῖν
3369 4939 3491 4989 κατ’
3523 4940 3742 4994 ἐκείνου

2151 5021 2246 5073 καὶ
2280 5021 2537 5090 πόλεμον,
2573 5025 2691 5084 ταῖς
2727 5022 2828 5092 μὲν
2873 5027 3062 5096 χερσὶν
3113 5029 3474 5099 ἐργαζόμενοι
3526 5032 3744 5088 δικαιο-

2151 5112 2318 5184 σύνην
2379 5113 2474 5165 καὶ
2533 5113 2905 5186 ἐλεημοσύνην
2966 5117 3061 5168 καὶ
3110 5118 3209 5182 τάς
3267 5121 3459 5185 λοιπάς
3509 5124 3745 5194 ἀρετάς,

2161 5257 2520 5309 Asscmanum
2556 5255 2805 5311 Bibliot/t.
2831 5260 3042 5324 oriem.,
3076 5268 3114 5314 ι.
3149 5258 3212 5326 ll,
3246 5277 3296 5325 p.
3320 5261 3446 5315 215'.
3480 5265 3741 5321 Attamen

2159 5341 2261 5398 ego
2319 5343 2504 5398 miror,
2560 5328 2760 5380 nullam
2819 5330 3075 5398 deinCt-ps
3126 5347 3156 5385 a
3209 5331 3522 5388 Theoriauo
3574 5339 3742 5391 scribi

2161 5397 2436 5476 :l'heod'pri
2479 5399 2923 5476 disputationem,
2963 5397 3187 5476 eiii-cpta
3239 5406 3489 5458 clausula
3549 5408 3741 5476 inqua

2159 5467 2300 5548 idem
2334 5467 2751 5548 Themlorus‘ad
2805 5467 3199 5548 cattaoiicorum
3236 5490 3419 5540 partes
3452 5493 3508 5530 se
3541 5467 3739 5548 prope-

2158 5539 2375 5590 modum
2400 5540 2630 5593 transire
2650 5543 2796 5593 dicit.
2823 5541 2946 5594 Mihi
2977 5543 3142 5608 igitur
3163 5539 3455 5599 ’l‘hcoriani
3483 5539 3739 5602 tractatio

2151 5625 2297 5733 Cirint
2339 5608 2601 5664 Jacobitis
2685 5613 2933 5666 inchoata
2987 5618 3167 5682 potius
3242 5631 3403 5686 qnam
3497 5627 3740 5688 perlecta

2155 5694 2204 5733 Vt
2248 5695 2275 5733 c
2304 5697 2387 5733 ur.

2155 5691 2387 5735 Videtur.
