3912 6212
243 285 331 360 3‘09
1416 305 1964 370 HISTORIARUM
2004 305 2154 367 LIB.
2197 306 2250 370 I.
3369 302 3488 370 310

244 423 324 464 sua
351 424 484 474 esse,
515 425 627 468 non
666 413 932 484 militum,
962 410 1277 474 voluerunt.
1313 417 1592 487 Quidquid
1625 418 1718 484 sit,
1753 415 1928 472 babes
1970 422 2120 470 certe
2157 419 2376 470 erutum
2424 413 2672 472 tenebris
2704 428 2768 469 ae
2797 426 3020 468 carcere
3054 427 3199 469 caeco
3230 416 3488 471 omnibus

239 496 514 567 aqualibus
563 500 790 568 ingenio
821 511 878 560 et
909 504 1162 561 claritate
1197 521 1294 562 sua
1326 507 1712 576 praelucentem
1761 504 2123 574 scriptorem;
2172 511 2248 569 et,
2298 500 2446 572 quod
2494 503 2689 564 babes,
2722 501 2927 573 gratias
2963 502 3067 558 hoc
3101 517 3230 572 ages
3267 506 3486 558 nomine

246 585 498 642 industriae
527 595 582 642 et
615 588 938 646 liberalitati
971 593 1293 662 amplissimi
1340 603 1505 664 atque
1539 593 1728 665 inclyti
1773 593 2012 648 nominis
2045 591 2147 647 viri
2179 591 2352 647 lsaaci
2385 589 2584 657 Vossii,
2629 591 2723 660 qui
2769 607 2891 646 eum
2927 605 2957 644 e
2985 590 3172 645 codice
3205 589 3483 650 Vaticana

245 674 561 731 bibliodiecaa
608 678 948 748 exscriptum
998 681 1308 751 majoribus.
1339 682 1615 737 distentus
1645 684 1797 737 curis
1831 681 1985 746 mibi,
2022 688 2082 735 ut
2113 680 2255 750 juris
2289 679 2523 734 facerem
2574 679 2797 749 publici,
2831 679 3056 733 donavit
3091 698 3104 733 :
3142 695 3318 735 meum
3351 681 3394 733 si
3428 681 3480 734 in

245 763 488 817 vertendo.
534 764 977 837 illustrandoque
1025 769 1268 824 studium
1321 771 1485 825 modo
1538 771 1846 840 aguoveris,
1894 769 2136 838 amplum
2188 770 2321 823 satis
2371 767 2654 822 collocatze
2693 783 2872 838 Operm
2921 768 3207 838 praemium
3258 768 3485 821 vidi-bur

245 851 487 906 retulisse.
521 850 791 911 Omnibus
821 858 968 912 enim
1003 858 1163 914 bonis
1196 868 1250 914 et
1286 859 1604 915 amantibus
1631 875 1843 922 eorum,
1876 859 1970 926 qui
2011 858 2230 912 laudem
2263 857 2481 927 assequi
2517 874 2582 912 ex
2615 857 2816 911 studiis
2848 857 3232 922 connituntur,
3264 856 3485 910 Stilisfe-

241 939 356 993 cisse
386 956 467 993 me
495 957 597 1010 pro
625 943 1012 1002 mediocritate
1042 961 1160 1002 mea
1186 962 1368 1015 spero.
1399 948 1456 1001 Si
1489 948 1580 1016 qui
1615 945 1972 1017 supercilium
2009 945 2233 1000 induere
2268 946 2468 1009 volent,
2506 956 2558 1000 et
2590 944 2642 999 in
2677 946 2807 999 vitia
2838 955 2944 999 tam
2974 960 3203 1000 cernere
3235 955 3479 1006 acutum,

241 1043 373 1092 quam
402 1038 494 1082 aut
518 1031 731 1098 aquila,
758 1044 850 1087 aut
873 1049 1099 1102 serpens
1125 1034 1483 1105 Epidaurius,
1512 1035 1585 1089 illi
1617 1051 1768 1088 suam
1796 1035 1898 1090 sibi
1927 1035 2306 1090 austeritatem
2340 1035 2756 1102 suavitatemque
2782 1034 2955 1106 magis
2988 1033 3105 1088 fore
3124 1033 3253 1087 vitio
3279 1034 3479 1092 sciant.

240 1133 376 1184 quam
411 1133 658 1174 errorem
707 1131 804 1176 aut
850 1123 1061 1192 lapsum
1107 1124 1334 1192 juveni;
1373 1126 1485 1190 cui,
1517 1123 1750 1180 subacto
1797 1126 2031 1180 nondum
2067 1124 2131 1177 ad
2162 1124 2535 1179 remotissima
2566 1139 2796 1194 quaque
2831 1138 2925 1193 per
2967 1131 3183 1178 aetatem
3239 1122 3480 1191 ingenio,

241 1216 287 1259 ut
310 1216 382 1260 est
409 1223 597 1263 errare
632 1210 772 1265 inter
801 1213 1051 1267 homines
1077 1210 1425 1279 facillimum,
1455 1214 1526 1268 ita
1560 1215 1774 1283 primus
1803 1228 2022 1282 quoque
2053 1220 2181 1266 ante
2211 1227 2401 1267 omnes
2435 1213 2645 1268 veniam
2680 1212 3187 1281 indulgentiamque
3219 1221 3479 1266 meretur.

237 1296 457 1366 Accedit,
492 1298 640 1366 quod
682 1315 809 1368 pars
850 1315 1043 1370 magna
1091 1304 1276 1372 operis
1330 1301 1675 1358 conﬁcienda
1726 1301 1890 1356 fuerit
1942 1301 2166 1356 vixdum
2217 1300 2454 1356 ﬁrmatis
2501 1316 2564 1355 ex
2618 1300 2778 1371 longo
2818 1313 2880 1353 ac
2914 1299 3239 1368 gravissimo
3293 1299 3482 1352 morbo

239 1384 438 1438 viribus.
479 1384 657 1440 Simul
709 1403 947 1457 namque
999 1390 1218 1459 prodire
1250 1406 1279 1444 e
1312 1389 1528 1446 funebri
1561 1392 1714 1461 quasi
1748 1389 1908 1452 lecto,
1942 1398 1997 1443 el
2025 1405 2246 1450 manum
2284 1388 2581 1446 admovere
2615 1387 2809 1442 tabulae
2844 1388 3016 1458 potui,
3059 1388 3278 1443 exercui
3315 1403 3400 1441 me
3428 1397 3484 1440 et

239 1471 526 1541 liciatigavi,
561 1490 628 1528 ne
665 1490 770 1545 quo
803 1475 932 1542 alio,
968 1488 1027 1531 ut
1060 1478 1309 1533 nonnulli
1365 1485 1572 1534 metum
1607 1479 1996 1540 admovebant,
2033 1479 2422 1548 praeveniente,
2476 1477 2654 1532 oleum
2689 1485 2744 1531 et
2778 1491 2997 1545 operam
3045 1483 3210 1546 atque
3259 1474 3480 1545 aliquod

240 1560 460 1618 fortassis
499 1564 629 1618 inde
664 1565 922 1619 meritum
956 1567 1265 1636 perderem.
1299 1566 1458 1623 Nunc
1488 1584 1620 1622 vero
1651 1583 1803 1638 spem
1835 1577 2074 1621 nostram
2111 1577 2391 1637 utcunque
2433 1564 2696 1632 exsecuti,
2727 1565 2923 1620 damus
2956 1565 3046 1621 bie
3079 1565 3176 1620 tibi
3215 1565 3483 1636 quidquid

237 1650 322 1702 hoc
355 1651 470 1706 libri
523 1663 620 1706 aut
670 1652 875 1707 laboris
911 1662 1017 1722 est,
1055 1661 1223 1724 utque
1270 1669 1462 1725 aequus
1511 1670 1575 1710 ac
1625 1655 1803 1709 libens
1847 1653 2053 1721 fruare,
2093 1655 2491 1709 humanitatem
2534 1663 2686 1708 tuam
2725 1668 3006 1722 rogamus.
3040 1653 3168 1708 Vale
3204 1654 3395 1720 lector,
3429 1661 3483 1706 et

235 1751 465 1806 quantum
494 1740 628 1794 mibi
664 1739 757 1795 Dei
791 1740 1128 1814 benignitate
1157 1744 1564 1814 vitae_deinceps
1593 1744 1829 1808 dabitur,
1858 1743 1990 1798 illud
2018 1759 2180 1799 omne
2207 1743 2426 1813 publico
2455 1757 2540 1798 me
2567 1743 2733 1813 bono,
2761 1743 2808 1798 si
2829 1757 2939 1813 qua
2970 1744 3233 1814 prodesse
3265 1751 3482 1812 potero,

234 1828 370 1883 crede
406 1829 885 1886 transmissurum.

239 2027 3476 2064 Μ

3283 2046 3474 2063 ’,οῆ-

979 2230 1080 2383 J
1087 2223 1476 2386 OAN
1488 2229 1609 2384 N
1628 2225 1802 2384 IS
1921 2200 2720 2388 CINNAMI

762 2521 1772 2642 HISTORIARUM
1857 2523 2240 2636 LIBRI
2328 2520 2883 2682 SEPTEM

856 2882 1174 2937 ΕΠΙΤΟΜΗ
1214 2880 1354 2936 ΤΩΝ
1393 2880 1968 2936 ΚΑΤΟΡΘΩΜΑΤΩΝ
2007 2881 2095 2953 Τῼ
2133 2880 2819 2954 ΜΛΚΛΡΙΤῌ-ΒᾹΣ1ΛΕΙ

1431 2997 1554 3053 ΚΑΙ
1595 2999 2249 3066 ΠΟΡΦΥΡΟΓΕΝΝΗΤῼ

950 3130 1295 3219 ΚΥΡΙΩ
1373 3129 1808 3218 ΙΩΑΝΝΗ
1883 3129 2032 3215 Tt)
2113 3131 2684 3218 ΚΟΜΝΗΝΩ

1591 3279 1711 3331 ΚΑΙ
1752 3275 2094 3331 ΔΦΠΓΗΣΙΣ

439 3398 576 3454 ΤΩΝ
615 3398 1091 3454 ΠΡΑΧΘΕΝΤΩΝ
1131 3399 1221 3471 Τῼ
1260 3397 1549 3469 ΑΟΙΔΙΜῼ
1589 3397 1702 3469 ΥΙῼ
1741 3396 1975 3449 ΑΥΤΟΥ

1741 3396 1975 3449 ΑΥΤΟΥ
2015 3395 2102 3467 TI)
2139 3395 2410 3450 ΒΑΣΙΛΕΙ
2451 3397 2571 3450 ΚΑΙ
2613 3395 3261 3480 ΠΟΡΦΥΡΟΓΕΝΝΗΤῼ

1294 3515 1485 3586 Kree
1527 3514 1875 3570 MANOYHA
1915 3515 2002 3587 To
2044 3514 2396 3587 KUMNnNo

1655 3627 2035 3678 ΠΟΝΗΘΕΙΣΑ

1009 3734 1275 3814 iam
1314 3738 1638 3810 summa
1679 3737 2153 3808 ΓΡΑΜΜΑΤΙΚῼ
2192 3736 2279 3810 "re
2320 3736 2665 3810 ΚΙΝΝΑΜῼ.

787 3951 1094 4012 ΕΡΙΤΟΜΕ
1122 3950 1372 4011 RERUM
1402 3952 1802 4012 PRECLARE
1829 3951 2210 4011 GESTARUM
2243 3954 2284 4012 A
2328 3955 2332 4009 1

1343 3953 1372 4011 Il
1402 3952 1802 4012 PIUECLARE
1829 3951 2210 4011 GESTARUM
2243 3954 2284 4012 A
2328 3954 2512 4012 DIVE
2545 3956 2888 4015 MEMORl/E

1463 4073 1554 4130 ET
1577 4073 2211 4133 PORPHYROGENITO

897 4206 1380 4284 DOMINO
1527 4205 2005 4284 JOANNE
2136 4207 2763 4298 COMNENOo

1593 4342 1685 4398 ΕΤ
1725 4341 2089 4401 NARRATIO

257 4453 475 4513 RERUM
509 4459 674 4526 QUIE
710 4458 962 4516 GESTIE
1005 4459 1186 4518 SUNT
1226 4458 1317 4515 AB
1352 4459 1654 4518 [NCLYTO
1689 4459 1908 4520 IPSIUS
1943 4459 2126 4518 FILIO
2170 4462 2627 4521 IMPERATORE
2665 4464 2752 4520 ET
2790 4459 3430 4521 POllPllYROC-ENITO

1057 4594 1467 4674 DOMINO
1549 4595 2043 4675 MANUELE
2119 4599 2644 4680 COMNENO,

1675 4755 1996 4797 CONSCRIPTA

974 4857 1021 4910 Δ
1051 4854 1318 4915 JOANNE
1350 4853 1830 4913 IMPERATOR")
1858 4853 2317 4912 GRAMMATICO
2348 4853 2682 4912 CINNAMO.

1517 5116 1961 5205 ΒΙΒΛΙΟΝ
2038 5117 2133 5202 Α.

1622 5380 1918 5456 LIBER
2007 5380 2070 5456 1.

290 5601 408 5673 [P.l
439 5604 459 5678 ]
489 5605 555 5662 α’.
583 5608 720 5661 Οὐδὲ
754 5608 816 5660 τὸ
848 5624 949 5678 της
986 5609 1229 5679 ἱστορίας
1254 5611 1416 5681 ἔργον
1443 5611 1773 5685 ἀφιλότιμον

1960 5617 2093 5687 1-3
2138 5619 2187 5670 l.
2235 5615 2526 5669 Historiam
2553 5613 2792 5668 scribere
2822 5615 3114 5682 gloriosum
3143 5616 3461 5681 jampridem

235 5696 323 5758 τιίς
353 5699 510 5756 πάλαι
553 5699 816 5772 ἐνομίσθη
883 5704 1089 5770 σοφοῖς.
1154 5702 1444 5767 Πλείστους
1500 5705 1601 5776 μὲν
1677 5703 1773 5760 οὖν

1921 5711 2060 5764 isnm
2108 5719 2192 5764 est
2239 5707 2601 5777 sapientibus.
2651 5721 2877 5775 quorum
2931 5706 3192 5774 plurimos
3239 5708 3465 5777 contigit

238 5787 496 5847 αὑτῶ-ικαὶ
529 5793 783 5849 ἐντεῦθεν
821 5794 1248 5868 εὐδοκιμηκέναι
1303 5797 1525 5871 συνέϐη.
1576 5799 1632 5854 '0
1670 5800 1768 5870 μὲν

1927 5817 1991 5857 ou
2042 5802 2366 5858 mediocrem
2420 5798 2546 5855 inde
2578 5798 2774 5854 famam
2813 5795 3130 5867 laudemque
3179 5797 3472 5869 Consequi.
