4008 6170
481 321 586 388 315

1755 313 2104 380 ,ΙΟᾹΝΝΙΒ
2142 316 2469 383 CINNAMI

3651 327 3766 390 316

479 434 638 496 clusi,
672 431 758 486 alii
784 430 890 485 alio
921 444 1017 501 per
1066 402 1514 497 circumiacentes
1548 438 1770 498 campos
1793 425 2059 495 fugerunt1

2174 428 2377 482 αὐτίκα
2408 427 2587 481 ὀπίσω
2612 425 2841 502 ἐχώρει,
2877 429 2974 484 καὶ
3020 430 3312 504 Ῥωμαίων
3329 432 3478 503 αύτῷ
3513 434 3764 490 πλεῖστοι

479 532 684 601 hacque
713 531 924 584 ratione
959 527 1088 582 urbs
1121 534 1486 597 expugnatur.

2201 518 2223 536 η
2450 521 2465 542 ,
2614 519 2637 534 ο.
3052 525 3073 540 .
3195 523 3208 538 .
3699 527 3721 538 ..

2169 535 2408 574 ειποντο.
2472 520 2673 591 Επειοή
2707 536 2768 572 τε
2805 521 2944 593 πρὸς
2981 540 3102 587 ταις
3138 527 3335 586 πυλαις
3363 526 3765 591 ἐγέν-ιντο,τιι;ν

476 619 660 676 ἵππων
697 622 1002 684 ἀποϐάντες
1033 621 1197 676 αὑτοῦ
1249 621 1506 676 ἴσταντο⁶
1574 620 1705 690 ἑξῆς
1776 617 1836 674 δέ
1893 619 1989 672 καὶ
2032 611 2101 668 τδ
2172 611 2304 668 ἄλλο
2343 613 2636 684 Ῥωμαίων
2675 614 2996 685 στράτευμα
3030 616 3142 671 τῶν
3192 621 3597 689 πραττομένων
3633 624 3764 674 ais-

476 719 693 786 θύμενοι
724 718 908 788 δρόμῳ
939 716 1121 786 πολλῷ
1150 716 1419 788 ἐχώρουν,
1492 716 1587 772 καὶ⁵
1611 717 1661 769 oi
1719 712 1973 783 πολέμιοι
2025 710 2086 762 ἐν
2127 708 2284 780 μέσῳ
2321 707 2513 763 λοιπὸν
2580 709 3057 781 ἐναπειλημμένοι
3111 710 3271 775 ἄλλος
3335 712 3550 782 ἀλλαχῆ
3610 716 3762 770 κατὰ

475 811 574 880 τῆς
608 812 982 881 προκειμένης
1021 810 1240 864 ἐθέοντο
1273 811 1547 877 πεδιάδος,
1576 810 1610 881 ἦ
1640 826 1698 863 τε
1747 808 1905 870 πόλις
1943 802 2218 875 ἡλίσκετο.

546 905 601 959 5.
645 905 928 975 Digressus
963 905 1085 958 inde
1126 905 1419 973 imperator
1460 902 1945 973 Hieracorypbiten
1981 914 2072 953 ca-

476 1005 653 1048 strum
707 994 786 1048 sic
841 995 1044 1049 dictum
1095 995 1308 1064 aliaque
1358 993 1636 1064 complura
1690 1008 1808 1064 qua
1856 990 2068 1046 Attalizr

475 1088 703 1140 ﬁnitima
752 1098 879 1141 sunt
930 1089 1093 1156 cepit,
1127 1099 1421 1158 posteaque
1462 1085 1780 1157 Byzantium
1816 1099 2067 1140 reversus

471 1187 581 1236 cst.
616 1179 794 1234 Pauco
843 1180 1035 1234 deinde
1082 1180 1267 1250 elapso
1319 1189 1564 1249 tempore
1608 1178 1663 1232 in
1697 1175 2063 1232 Macedoniam

476 1274 665 1330 motit.
699 1272 833 1327 Nam
867 1274 1081 1345 Scytha:
1128 1272 1432 1343 ingentibus
1459 1271 1628 1342 capiis
1660 1269 1856 1324 Istrum
1892 1282 2066 1324 trans-

475 1367 651 1433 gressi
683 1363 736 1417 in
769 1365 903 1420 lines
937 1365 1246 1434 irruperant
1273 1362 1664 1418 Romanorum.
1699 1360 1894 1416 Verum
1919 1360 2061 1430 quod

478 1456 653 1512 hiems
683 1465 794 1511 tum
825 1466 965 1522 erat,
997 1457 1145 1512 circa
1172 1457 1398 1512 Beroem
1423 1455 1700 1511 civitatem
1732 1455 1785 1508 in
1819 1454 2062 1508 hibernis

2238 902 2310 966 γ’.
2343 896 2615 963 Βασιλεὺς
2649 899 2707 952 δέ
2739 899 2953 966 ἐκεῖθεν
2993 900 3243 969 μεταϐὰς
3285 901 3756 971 ’ῐερακορυφῖτην

2165 1008 2224 1044 τε
2267 985 2380 1044 εἷλε
2413 991 2476 1044 τὸ
2511 992 2775 1061 φρούριον
2813 993 2908 1046 καὶ
2965 992 3246 1047 πλείστων
3310 993 3489 1048 ἄλλων
3536 993 3574 1048 ἃ
3630 994 3765 1065 τῇδε

2166 1082 2386 1150 ἵδρυται
2417 1085 2482 1153 τῇ
2553 1084 2814 1137 Ἀττάλου
2860 1085 2955 1137 ἐπὶ
3020 1083 3276 1139 πλεῖστον
3325 1084 3763 1155 ἁγχιθυροῦντα,

2165 1176 2308 1231 οὕτω
2334 1195 2399 1231 τε
2427 1177 2618 1233 λοιπὸν
2650 1180 2709 1243 ἐς
2744 1179 3046 1244 Βυζάντιον
3079 1180 3508 1251 ἀνακομίζεται.
3567 1175 3647 1235 υῦ
3695 1180 3765 1250 δὴ

2167 1269 2256 1322 ἐπ’
2287 1270 2473 1339 ὀλίγον
2507 1269 2804 1341 διατρίψας
2833 1272 2930 1325 ἐπὶ
2962 1271 3061 1342 τὴν
3092 1273 3484 1342 Μακεδονικὴν
3533 1272 3763 1343 ἐχώρει.

2165 1359 2373 1413 Σκύθαι
2396 1361 2507 1430 γὰρ
2543 1362 2856 1431 πανστρατὶ
2886 1361 2978 1415 τὸν
3011 1363 3232 1432 Ἵστρον
3261 1363 3550 1427 διαϐάντες
3591 1366 3676 1428 είς
3694 1364 3767 1418 τὰ

2178 1451 2465 1522 Ῥωμαίων
2497 1452 2779 1506 εἰσέϐαλον
2795 1454 2942 1525 ὅρια.
2985 1453 3148 1508 Ἀλλὰ
3174 1454 3300 1508 τότε
3339 1456 3439 1525 μὲν
3485 1456 3766 1526 χειμῶνος

476 1551 703 1606 militem
753 1549 1058 1616 collocavit,
1106 1551 1426 1617 cunctisque
1481 1549 1696 1603 interim
1747 1548 1812 1602 ad
1862 1545 2059 1601 bellum

2172 1545 2568 1616 ἐπιλαϐομένου
2610 1545 2850 1600 ἐνταῦθα
2899 1565 3006 1601 που
3042 1549 3172 1620 περὶ
3211 1549 3368 1602 πόλιν
3414 1547 3626 1620 Βερόην
3678 1549 3766 1603 δι-

475 1647 789 1712 instrnctis,
854 1644 1118 1714 quosdam
1176 1660 1241 1699 ex
1307 1644 1527 1698 illorum
1592 1640 1904 1713 phylarcbis
1956 1638 2059 1694 sibi

2172 1638 2450 1709 εχείμαζε,
2485 1639 2547 1693 τὸ
2577 1640 2676 1709 μὲν
2705 1641 2775 1695 τὰ
2825 1641 2964 1712 πρὸς
3022 1643 3120 1697 τὸν
3168 1642 3408 1713 πόλεμον
3453 1641 3765 1715 ἐξαρτύων,

471 1737 765 1794 conciliare
801 1735 1035 1790 maxime
1067 1735 1303 1790 annixus
1349 1743 1456 1797 est.
1504 1741 1564 1788 ut
1611 1743 1836 1788 caeteros
1881 1732 2059 1791 abhis

2172 1732 2253 1806 [Ρ.
2278 1727 2360 1804 4.]
2396 1733 2458 1784 τὸ
2486 1732 2544 1786 δέ
2575 1733 2742 1786 πλέον
2767 1733 2931 1804 ἡθελε
2975 1734 3086 1789 τῶν
3119 1737 3179 1790 ἐν
3237 1736 3396 1806 σφίσι
3461 1737 3768 1807 φυλάρχων

471 1830 678 1884 divisos
704 1839 854 1883 tanto
875 1827 1086 1883 facilius
1109 1827 1423 1882 debellarct.
1449 1825 1559 1880 Sub
1581 1840 1802 1880 vernum
1829 1834 2057 1894 tempus,

473 1935 598 1975 cum
620 1936 686 1976 ex
713 1921 778 1977 iis
802 1921 1110 1990 complures
1131 1919 1493 1989 legationibus
1518 1916 1750 1974 subinde
1774 1917 2060 1973 submissis

476 2016 540 2067 ad
570 2031 696 2069 suas
730 2014 1008 2069 aliexisset
1041 2022 1247 2085 partes,
1282 2013 1334 2066 in
1375 2022 1607 2068 caeteros
1649 2009 1926 2080 profectus
1956 2018 2057 2073 cst,

477 2124 764 2180 rerumque
810 2110 868 2180 8
915 2123 1184 2163 summam
1247 2121 1372 2162 cum
1427 2107 1496 2162 iis
1545 2105 1737 2161 statuit
1800 2104 2058 2174 experiri.

472 2201 774 2256 Commissa
832 2215 1065 2269 utraque
1115 2200 1269 2263 acie,
1321 2214 1477 2269 aequo
1524 2198 1837 2269 aliquandiu
1888 2197 2062 2252 Marte

475 2305 797 2364 pugnatum,
849 2295 1074 2366 ipseque
1110 2295 1406 2364 imperator
1441 2291 1614 2361 iaculo
1647 2291 1698 2346 in
1730 2285 1893 2346 crure
1939 2305 2061 2361 per-

476 2402 668 2442 cussus
713 2397 818 2443 est.
872 2385 1111 2442 Tandem
1160 2385 1422 2440 Romanis
1472 2384 1672 2440 acriter
1722 2383 2060 2438 certantibus

473 2489 804 2548 superantur
851 2478 1104 2550 Srythze,
1159 2496 1388 2548 quorum
1439 2478 1531 2532 alii
1585 2478 1639 2531 in
1697 2477 1813 2546 ipso
1876 2477 2060 2546 praelio

473 2567 751 2630 interirre,
803 2567 893 2620 alii
946 2568 1049 2621 vivi
1082 2568 1224 2635 capti
1276 2576 1422 2624 sttnt.
1476 2564 1612 2619 Pars
1643 2581 1769 2618 vero
1811 2565 2056 2636 quaedam

475 2671 581 2709 non
636 2656 922 2726 ignobilior
974 2656 1039 2709 ad
1091 2665 1269 2709 castra
1325 2666 1581 2720 reversa,
1630 2653 1773 2724 fugat
1821 2669 1880 2708 se
1929 2653 2060 2708 dare

477 2759 817 2814 nequaquam
864 2746 1025 2801 voluit
1066 2762 1083 2802 :
1117 2747 1244 2814 quin
1281 2742 1461 2816 potius
1494 2761 1618 2800 cum
1656 2744 1975 2814 coniugibus
2004 2751 2061 2800 et

473 2840 660 2896 liberis
678 2840 936 2910 quidquid
957 2848 1190 2895 restaret
1212 2837 1433 2907 periculi
1457 2839 1727 2893 sustinere
1748 2840 2056 2906 decrevere,

469 2930 898 3001 compOsitisque
940 2939 996 2983 et
1041 2940 1165 2998 apte
1214 2929 1358 2983 inter
1386 2941 1447 2984 se
1473 2928 1733 2983 connexis
1771 2927 2055 2997 plaustris,

472 3036 593 3089 quae
616 3023 846 3092 desuper
868 3020 1080 3076 bovinis
1100 3030 1456 3075 contexerant
1481 3019 1736 3090 pellibus,
1761 3021 2056 3090 positisque

2169 1822 2463 1894 (10)τινὰς
2492 1823 2906 1894 ἐταιρίσασθαι,
2946 1823 3024 1888 ὡς
3047 1825 3114 1880 ἂν
3168 1825 3314 1880 οὕτω
3373 1827 3501 1891 τοὺς
3563 1826 3767 1891 ἄλλους

2168 1916 2339 1987 χωρὶς
2362 1915 2657 1970 ἀπολαϐὼν
2673 1917 2733 1970 ού
2765 1918 2862 1971 σὺν
2890 1916 3044 1988 πόνῳ
3103 1919 3582 1990 καταγωνίσηται.
3616 1918 3764 1973 Ἔα-

2171 2025 2262 2080 ροῖ
2293 2009 2348 2061 δὲ
2381 2007 2612 2072 πολλοὺς
2636 2008 2739 2080 ἤδη
2785 2009 2872 2064 διὰ
2926 2011 3235 2081 πρεσϐειῶν
3289 2013 3440 2083 αύτῷ
3501 2030 3769 2083 προσχω-

2171 2102 2338 2173 ρῆσαι
2369 2100 2673 2165 ἀναπείσας
2697 2103 2795 2156 ἐπὶ
2824 2102 2954 2165 τοὺς
2985 2103 3210 2169 λοιποὺς
3246 2104 3468 2177 ἐχώρει,
3532 2105 3767 2174 πολέμῳ

2169 2198 2355 2266 κρῖναι
2386 2195 2557 2247 θέλων
2586 2197 2653 2250 τὰ
2703 2197 3032 2268 πράγματα.
3096 2200 3493 2271 Συρραγέντων
3571 2201 3764 2254 τοίνυν

2168 2290 2420 2359 ἀλλήλοις
2444 2291 2551 2345 τῶν
2581 2293 3034 2364 στρατευμάτων,
3067 2292 3225 2364 μέχρι
3261 2293 3362 2364 μέν
3390 2310 3536 2356 τινος
3569 2294 3764 2347 ἱσοτά-

2167 2381 2362 2446 λαντος
2395 2383 2428 2453 ἡ
2460 2383 2608 2454 μάχη
2629 2383 2861 2452 ἐγίνετο,
2885 2385 2975 2438 ὅτε
3005 2386 3100 2436 καὶ
3129 2385 3292 2447 αὐτὸς
3321 2384 3574 2457 βασιλεὺς
3612 2387 3767 2456 βέλει

2166 2475 2259 2528 τὸν
2286 2476 2423 2530 πόδα
2445 2476 2660 2547 ἐπλήγη
2690 2493 2704 2507 ·
2737 2477 2846 2530 τῶν
2883 2477 2940 2530 δὲ
2981 2477 3275 2546 Ῥωμαίων
3305 2477 3566 2549 εὐθύμως
3605 2479 3767 2547 ἀγω-

2166 2566 2465 2635 νιζομένων
2496 2567 2766 2636 ἡττῶνται
2804 2568 2947 2622 κατὰ
2972 2569 3180 2641 κράτος
3273 2571 3324 2624 οἱ
3383 2573 3614 2636 Σκύθαι,
3666 2576 3766 2627 καὶ

2167 2658 2352 2713 αὐτῶν
2384 2659 2433 2712 oi
2469 2659 2568 2729 μὲν
2596 2657 2818 2726 ἔπεσον,
2849 2661 2900 2714 οί
2922 2661 2979 2714 δὲ
3011 2661 3256 2734 ζωγρεῖς.
3282 2663 3551 2716 ἑάλωσαν.
3579 2666 3764 2736 Μοῖρα

2165 2751 2222 2804 δέ
2252 2768 2335 2815 τις
2365 2752 2466 2805 οὐκ
2488 2751 2702 2823 ἂγενὴς.
2735 2754 2834 2807 ἐπὶ
2884 2753 2946 2807 τὸ
3020 2755 3390 2826 στρατόπεδον
3453 2759 3762 2811 ἐπανιοῦσα

2164 2846 2352 2898 οὐκέτι
2374 2845 2603 2916 φεύγειν
2628 2847 2807 2917 ἠξίου,
2833 2848 2953 2902 ἀλλ’
3000 2849 3169 2904 αὐτοῦ
3229 2853 3329 2906 σὺν
3388 2853 3608 2922 γυναιξὶ
3665 2857 3764 2908 καὶ

2165 2940 2380 3004 τέκνοις
2411 2941 2524 3004 τοῖς
2549 2941 2733 2994 αὐτῶν
2768 2943 2859 2996 τὸν
2893 2943 3142 2998 κίνδυνον
3183 2947 3490 3017 ὑποστῆναι
3545 2946 3764 3001 εἴλοντο

2167 3033 2601 3104 προπονούμενοι
2632 3035 2740 3088 τῶν
2774 3036 3024 3107 ἁμαξῶν,
3045 3037 3112 3103 ἃς
3153 3039 3352 3109 βοείοις
3379 3039 3592 3096 ἄνωθεν
3625 3042 3764 3113 βύρο

471 3117 529 3170 ίιι
561 3113 627 3169 iis
661 3114 923 3169 uxoribus
952 3126 1004 3167 et
1035 3114 1238 3178 liberis,
1278 3113 1518 3183 prndium
1559 3114 1885 3168 instaurant.
1916 3114 2058 3167 Rur-

2173 3127 2713 3200 σαιςπεριλαϐόντες
2755 3131 2812 3194 ἐς
2852 3131 2914 3185 τὸ
2959 3134 3192 3205 ἀκριϐές
3273 3152 3330 3188 τε
3374 3110 3762 3207 ἁρμοσάμενοι

472 3222 596 3262 sunt
648 3206 812 3277 igitur
845 3216 997 3260 atrox
1034 3206 1342 3260 conseritur
1392 3217 1573 3274 pugna
1603 3212 1658 3259 et
1693 3205 1962 3274 utrimque
1999 3205 2059 3258 iit

478 3299 648 3354 multa
679 3301 874 3355 caedes.
907 3297 1125 3372 Scytha:
1166 3299 1366 3369 quippe
1398 3296 1648 3353 curribus
1676 3296 1838 3352 veluti
1883 3296 2058 3351 muni-

472 3404 657 3452 mento
693 3394 773 3450 usi
823 3408 928 3449 non
981 3394 1262 3450 minimum
1315 3391 1573 3448 Romanis
1620 3391 1873 3446 damnum
1917 3393 2056 3446 intu-

475 3488 676 3544 lerunt.
703 3487 832 3554 Qua:
860 3502 980 3542 cum
1015 3489 1322 3542 adverteret
1354 3487 1671 3556 imperator,
1703 3487 1890 3542 statuit
1918 3502 2058 3554 equo

475 3582 802 3636 descendere
826 3581 1096 3649 pedesque
1116 3596 1236 3634 cum
1262 3581 1473 3634 caeteris
1497 3579 1753 3633 militibus
1777 3580 2053 3635 dimicare.

480 3672 676 3726 Verum
727 3686 1069 3741 nequaquam
1116 3670 1167 3724 id
1216 3670 1567 3740 probantibus
1613 3671 1764 3737 suis,
1817 3672 2059 3741 praecipit

479 3763 830 3835 hipennil‘eris
872 3764 962 3835 qui
999 3765 1101 3819 sibi
1145 3763 1398 3819 astabant
1431 3771 1595 3835 (gens
1625 3778 1684 3818 ea
1714 3773 1798 3820 est
1839 3764 2057 3821 Britan-

479 3872 696 3922 norum,
717 3871 838 3926 ann
863 3871 892 3909 a
920 3855 1110 3913 multis.
1124 3865 1266 3910 retro
1289 3856 1505 3910 sreculis
1526 3853 1788 3915 Romanis
1815 3855 2055 3926 militat),

478 3960 535 4002 nt
572 3933 834 4004 instarent
882 3949 1272 4016 securibusque
1307 3949 1420 4002 suis
1454 3962 1648 4005 currus
1695 3947 2055 4005 dissecarent.

469 4040 637 4096 Jussa
679 4040 744 4095 iis
779 4039 960 4094 statim
1008 4040 1466 4110 exsequentibus,
1501 4038 1827 4111 Scytharum
1863 4043 2066 4099 castris

477 4135 683 4202 potitus
704 4142 782 4187 est
818 4131 1135 4201 imperator.
1163 4131 1315 4186 Tunc
1350 4132 1595 4202 plerique
1626 4147 1691 4187 ex
1719 4132 1785 4187 iis
1817 4134 1904 4202 qui
1935 4133 2056 4204 fuga

477 4227 580 4281 sibi
626 4224 1053 4289 consuluerant,
1101 4224 1440 4295 popularium
1488 4224 1758 4280 desiderio
1802 4225 2054 4296 adducti,

476 4317 617 4371 ultro
659 4317 724 4372 ad
769 4333 893 4372 eum
940 4315 1270 4372 conﬂuxere.
1319 4316 1793 4389 Romanorumque
1837 4320 2059 4376 sedibus

479 4409 610 4464 illati
635 4420 688 4464 et
713 4410 951 4465 numeris
977 4410 1166 4467 inserti
1197 4410 1521 4467 militaribus
1547 4410 1850 4469 diutissime
1873 4413 1925 4469 in
1952 4413 2058 4469 [ide

478 4510 914 4573 perseverarunt.

546 4809 604 4880 9
640 4809 693 4864 4.
738 4808 915 4875 Atque
963 4808 1067 4862 isto
1101 4807 1316 4878 quidem
1355 4807 1513 4862 modo
1545 4820 1668 4863 sese
1714 4806 1903 4862 habuit
1936 4807 2071 4879 Sey.

479 4899 692 4954 tharum
735 4901 800 4954 ad
844 4900 1121 4953 Romanos
1154 4897 1427 4950 transitio.
1461 4895 1848 4966 Imperatorem
1879 4906 2062 4950 autem

479 5006 669 5047 rursus
717 4993 991 5046 detinuere
1041 5007 1127 5045 res
1161 4990 1321 5044 Asiae.
1359 4987 1455 5043 l‘bi
1502 4987 1757 5043 Barbaris
1805 4989 2062 5058 inexspe-

479 5099 681 5152 ctatus,
717 5087 821 5141 sub
863 5085 1055 5139 hiemis
1102 5082 1335 5137 maxime
1371 5093 1602 5150 tempus,
1647 5080 1767 5138 aliis
1801 5082 1853 5137 in
1888 5081 2061 5137 servi-

479 5192 652 5237 tutem
708 5179 980 5242 redactis,
1055 5176 1297 5246 pluribus
1352 5175 1416 5228 ad
1474 5173 1843 5230 Christianam
1905 5174 2064 5229 ﬁdem

2167 3224 2254 3276 ἐπ’
2291 3223 2471 3276 αὐτῶν
2508 3225 2608 3287 τὰς
2642 3227 2911 3290 γυναῖκας
2992 3227 3086 3280 καὶ
3137 3227 3208 3280 τὰ
3256 3228 3425 3281 τέκνα
3471 3229 3758 3286 ἐνέθεσαν.

2167 3317 2334 3381 Αὖθις
2364 3314 2458 3370 οὖν
2496 3318 2646 3389 μάχη
2685 3319 3010 3373 συνίσταται
3049 3323 3301 3394 καρτερὰ
3326 3322 3424 3377 καὶ
3450 3324 3615 3392 φόνος
3651 3326 3764 3394 ἅμα

2167 3410 2480 3482 φοτέρωθεν
2493 3411 2725 3480 γίνεται.
2754 3411 2960 3465 Σκύθαι
2991 3412 3101 3484 γὰρ
3120 3413 3313 3485 ὥσπερ
3333 3409 3758 3488 ἐπιτειχίσματι

2168 3505 2289 3566 ταῖς
2318 3502 2556 3572 ἀμάξαις
2578 3504 2919 3574 χρησάμενοι
2949 3505 3160 3575 μεγάλα
3179 3506 3473 3576 Ῥωμαίοις
3492 3509 3754 3566 ἐλύπουν.

2175 3599 2240 3652 ’0
2293 3595 2546 3667 βασιλεὺς
2610 3594 3016 3667 ἐννοησάμενος
3064 3598 3223 3669 ἤθελε
3279 3601 3378 3669 μὲν
3435 3601 3601 3665 αὐτὸς
3661 3603 3759 3656 τοῦ

2170 3689 2341 3743 ἵππου
2367 3687 2582 3750 ἀποϐὰς
2603 3685 2742 3759 πεζῇ
2775 3688 2873 3742 σὺν
2904 3690 3015 3753 τοῖς
3047 3692 3414 3762 στρατιώταις
3445 3693 3538 3746 τὸν
3565 3695 3759 3764 ἀγῶνα

2168 3779 2482 3851 διαθλῆσαι.
2519 3777 2813 3850 Ῥωμαίων
2847 3780 2905 3834 δέ
2929 3781 3145 3853 οὐδαμῆ
3202 3785 3580 3840 ἐπαινούντων
3634 3789 3765 3842 ἐκέ-

2169 3873 2296 3927 λευε
2323 3877 2436 3938 τοῖς
2464 3874 2604 3945 ἀμφ’
2657 3875 2822 3929 αὑτὸν
2853 3875 3251 3946 πελεκυφόροις
3309 3880 3419 3950 (Η)
3472 3881 3650 3951 (ἔθνος
3701 3883 3759 3938 δέ

2168 3969 2286 4019 ἐστι
2316 3967 2478 4020 τοῦτο
2505 3966 2872 4038 Βρεταννικδν
2913 3967 3197 4037 βασιλεῦσι
3276 3970 3572 4042 Ῥωμαίων
3638 3975 3764 4028 δου-

2166 4060 2326 4115 λεῦον
2353 4061 2650 4129 ἀνέκαθεν)
2706 4059 2997 4117 πελέκεσιν
3057 4064 3392 4129 ἐπιστάντας
3437 4066 3762 4122 διακόπτειν

2169 4155 2361 4215 αύτάς.
2397 4153 2520 4207 Τῶν
2543 4154 2600 4207 δέ
2628 4154 2827 4208 αὐτίκα
2864 4151 3028 4226 ἔργον
3051 4156 3355 4227 ἐχομένων,
3384 4157 3532 4214 οὕτω
3558 4160 3625 4232 δὴ
3664 4163 3761 4216 καὶ

2168 4247 2336 4301 αύτοῦ
2370 4247 2463 4300 τοῦ
2497 4246 2724 4299 Σκυθῶν
2758 4248 3128 4319 στρατοπέδου
3180 4251 3462 4324 ἐγκρατὴς
3497 4252 3761 4324 βασιλεὺς

2167 4339 2401 4408 γίνεται.
2437 4340 2571 4392 Ὅτε
2599 4340 2695 4394 καὶ
2731 4340 2840 4395 τῶν
2872 4341 3069 4405 ἄλλων,
3100 4342 3220 4398 ὅσοι
3249 4347 3395 4416 φυγῇ
3435 4345 3538 4417 τὴν
3575 4365 3760 4420 σωτη-

2172 4431 2300 4502 ρίαν
2330 4431 2892 4502 ἐπραγματεύσαντο,
2919 4433 2969 4486 οι
3032 4435 3259 4500 πλείους
3287 4436 3365 4508 τῷ
3406 4437 3622 4512 φίλτρῳ
3647 4443 3760 4496 τῶν

2169 4523 2496 4578 ἑαλωκότων
2526 4523 2819 4594 αὐτόμολοι
2883 4525 3097 4594 βασιλεί
3147 4528 3457 4598 γεγονότες,
3511 4535 3595 4595 είς
3651 4534 3757 4606 ἢθη

2175 4633 2227 4672 τε
2253 4620 2322 4671 τὰ
2375 4617 2668 4688 Ῥωμαίων
2693 4618 3027 4690 ἀπήχθησαν
3066 4624 3164 4676 καὶ
3203 4628 3636 4692 στρατιωτικοῖς
3667 4631 3758 4697 ἐγ.

2167 4710 2478 4781 γραφέντες
2510 4711 2835 4778 καταλόγοις
2867 4714 2962 4766 ἐπὶ
2991 4715 3206 4784 μακρὸν
3239 4715 3579 4772 διετέλεσαν.

2235 4799 2300 4857 δ’.
2347 4802 2410 4855 'll
2440 4803 2538 4872 μὲν
2574 4801 2666 4856 οὖν
2697 4803 2806 4856 τῶν
2831 4804 3123 4859 Σκυθικῶν
3150 4806 3321 4861 ἐθνῶν
3351 4809 3414 4870 ἐς
3460 4807 3760 4880 Ῥωμαίων

2166 4893 2421 4957 διάϐασις
2450 4892 2624 4964 ταύτῃ
2656 4911 2733 4966 πη
2763 4894 2887 4966 ἔσχε
2911 4912 2927 4928 ο
2955 4896 3220 4965 βασιλεὺς
3240 4899 3295 4952 δὲ
3328 4901 3426 4953 καὶ
3454 4896 3620 4966 αὖθις
3649 4905 3759 4960 τῶν

2167 4987 2311 5041 κατὰ
2343 4986 2441 5058 τὴν
2487 4987 2674 5041 Ἀσίαν
2699 4986 2874 5058 εἴχετο
2906 4991 3275 5061 πραγμάτων.
3309 4992 3760 5068 Ἀπροσδόκητος

2170 5083 2277 5151 γὰρ
2308 5083 2421 5142 τοῖς
2443 5080 2568 5151 τῇδε
2600 5079 2901 5151 βαρϐάροις
2928 5083 3201 5152 χειμῶνος
3254 5084 3491 5155 μάλιστα.
3577 5089 3757 5141 ἐπιτι-

2169 5173 2397 5243 θέμενος
2423 5172 2597 5244 ἄρδην
2629 5173 3081 5245 ἠνδραποδίζετο,
3113 5175 3407 5242 πλείστους
3438 5195 3502 5233 τε
3573 5182 3758 5236 αὐτῶν

1833 5317 1930 5377 Du
1964 5314 2188 5396 Cangii
2226 5321 2411 5378 notua.

556 5447 669 5516 (10)
721 5447 1072 5514 Φυλάρχων.
1103 5443 1235 5498 Nam
1268 5443 1323 5516 in
1349 5441 1533 5516 plures
1575 5442 1746 5516 tribus
1779 5443 2052 5516 distributi

482 5512 661 5581 erant,
697 5532 797 5572 nec
845 5512 1220 5582 uniparebant
1249 5512 1395 5575 duci,
1451 5514 1624 5582 inquit
1662 5512 1898 5568 Nicetas.
1926 5514 2059 5568 Prn-

487 5589 694 5654 cnpitts,
726 5589 762 5642 l.
785 5605 798 5639 ι
821 5588 890 5641 De
912 5586 1050 5640 bello
1082 5585 1298 5656 Persico
1326 5603 1341 5640 :
1373 5584 1578 5656 9662):;
1595 5583 1652 5637 δὲ
1679 5583 1804 5637 οὗτε
1839 5585 2058 5656 Ῥωμα-

485 5658 580 5710 ίων
654 5656 1006 5728 στρατιωτῶν
1066 5653 1278 5728 ἄρχων,
1325 5653 1706 5728 ὀῦςλδοῦκαςλ
1766 5653 2055 5728 καλοῦ-σιν,

483 5728 611 5782 οὔτε
637 5724 969 5798 Σαρακηνῶν
986 5727 1097 5798 τοῖς
1127 5725 1417 5798 Ῥωμαίοις
1449 5724 1790 5798 ἐπισπρνδων
1817 5726 2059 5795 ήγούμευ

486 5816 590 5866 νοι,
631 5797 681 5853 οἳ
719 5793 1000 5868 ’φύλαρχοι
1031 5793 1418 5849 ἐπικαλοῦνται
1460 5808 1567 5849 etc.
1597 5793 1863 5851 Czeterutn
1899 5793 2062 5864 expc.

2168 5443 2667 5518 ditiouetnloannis
2693 5445 3092 5518 Macedonicam
3125 5446 3193 5518 ad
3222 5462 3275 5518 ιι.
3301 5447 3334 5500 5
3353 5447 3748 5518 imperiirel’ert

2168 5514 2404 5577 Niretas.
2458 5517 2550 5583 qui
2584 5519 2729 5570 radit
2757 5518 2808 5569 in
2843 5533 2968 5570 ann.
3006 5517 3134 5572 Chr.
3177 5517 3337 5571 “‘23.

2240 5586 2353 5659 (il)
2407 5588 3214 5659 Hs.tsxvgscip0t¢._Varangis.
3251 5588 3576 5659 Bryennius,
3633 5589 3674 5644 Ι.
3709 5605 3747 5654 t,

2169 5674 2218 5711 c.
2261 5657 2332 5710 20
2359 5674 2373 5710 :
2439 5658 2826 5724 ’Λσπιδιφόρον
2855 5657 3076 5726 ξύμπαν
3097 5659 3192 5712 καὶ
3223 5657 3458 5712 πέλεκύν
3501 5677 3631 5714 τινα
3657 5660 3752 5715 ἐπὶ

2167 5726 2338 5799 ὤμων
2375 5727 2562 5798 φέρον.
2617 5727 2750 5784 Vide
2779 5739 2892 5784 n0t.
2920 5731 2988 5783 ad
3015 5727 3278 5784 Villhard.
3316 5741 3370 5785 et
3401 5731 3641 5786 Annam.
