4008 6170
212 341 324 404 337

1447 339 1498 398 Π
1513 334 2000 398 [STORIARUM-
2026 337 2176 400 LIB.
2215 337 2262 400 Ι.

3376 329 3482 394 3‘38

213 447 418 504 πολλοῦ
461 446 944 518 μνηστευσάμενος
977 447 1254 518 σκῆπτρα.
1292 449 1446 503 Ἐπεὶ
1475 451 1530 504 δὲ
1561 449 1656 524 καλ
1687 451 1805 505 Μα-

1913 456 1967 502 et
1997 447 2049 502 iu
2077 461 2245 517 puero
2280 459 2386 500 non
2422 457 2590 514 pauca
2621 441 2834 512 imperii
2867 440 3052 513 agnita
3075 448 3195 498 sunt
3223 445 3483 511 auguria,

209 546 376 614 νουὴλ
405 543 637 613 ἔσχατος
667 541 817 613 αὐτῷ
847 543 1061 610 γένοιτο
1079 587 1092 606 ,
1125 544 1320 612 φάσεις
1344 544 1542 598 αὔτικα
1571 545 1805 614 ἐφοίτων

210 641 306 692 καὶ
340 637 590 709 ξύμῦολα
623 635 898 708 βασιλείας
925 639 1006 701 είς
1033 637 1125 690 τόν
1153 639 1318 692 παῖδα
1347 642 1703 712 ἐγνωρέζετο,
1731 634 1805 692 ὧν

210 731 331 792 tuo;
367 731 400 801 ἢ
441 731 592 784 δυοίν
624 733 1039 802 ἐπιμνησθῆναι
1073 733 1134 788 οὖ
1177 752 1267 805 μοι
1303 736 1481 803 ἔδοξεν
1517 737 1624 790 ἄπο
1663 735 1804 791 εἶναι

212 822 441 894 καιροῦ.
476 823 694 892 Ἐπειδὴ
728 840 859 877 ποτε
889 825 1028 898 πρὸς
1059 825 1230 882 ὕπνον
1261 827 1599 900 κατέδαρθεν
1626 831 1656 884 6
1683 829 1806 886 Ma.—

212 913 402 984 νουὴλ,
435 913 577 983 γυνή
612 930 697 977 τις
729 913 864 985 ὄναρ
897 917 1184 985 ἐφίσταται
1219 920 1414 991 τούτῳ,
1451 921 1572 991 όψις
1606 921 1802 994 σεμνὴ,

213 1006 452 1076 μέλαινα
485 1006 678 1079 ἐσθὴς,
709 1007 767 1060 ὲν
796 1007 852 1062 δὶ
887 1009 1044 1080 χερσὶ
1074 1009 1267 1066 πέδιλα
1295 1016 1457 1067 ὁποῖα
1492 1013 1806 1086 βασιλεῦσιν

209 1098 568 1156 ὑποδεδέσθαι
597 1101 782 1171 νόμος.
817 1103 927 1158 Καὶ
960 1105 1252 1178 παρείχετο
1278 1106 1356 1178 τῷ
1385 1109 1644 1183 Μανουὴλ
1671 1112 1804 1182 χρῆ.

210 1191 337 1245 σθαι
371 1192 674 1247 κελεύουσα
703 1197 1126 1269 ἁποσεισαμένῳ
1151 1199 1311 1254 ταυτὶ
1334 1217 1348 1232 ·
1380 1201 1620 1257 ἐδείκνυε
1653 1203 1712 1258 δὲ
1737 1205 1806 1260 τὰ

208 1284 420 1355 συνήθη
457 1286 654 1342 κυανά.
690 1286 752 1340 '0
781 1289 838 1342 δὲ
859 1331 874 1352 ,
906 1289 1141 1361 θορύϐου
1176 1295 1371 1363 μεστδς
1400 1295 1800 1365 ἀνεγρόμενος,

205 1378 400 1447 ἐπειδὴ
437 1382 512 1448 μὴ
545 1379 895 1451 ἐντυγχάνειν
926 1385 1038 1447 τοῖς
1068 1385 1346 1456 ὀραθεῐσιν
1375 1379 1541 1457 εἶχεν,
1574 1387 1804 1442 ἑκλαυθ-

208 1470 480 1540 μυρίζετο
529 1471 674 1525 κατὰ
718 1474 839 1538 τοὺς
886 1475 1083 1538 παῖδας
1127 1477 1224 1530 καὶ
1267 1479 1585 1551 ἀφῃρῆσθαι
1629 1480 1804 1533 ταῦτα

205 1564 364 1632 παρὰ
398 1578 494 1615 του
531 1561 641 1616 τῶν
677 1564 808 1635 περὶ
839 1565 939 1635 τὴν
973 1567 1161 1620 ἑστίαν
1194 1571 1353 1640 ᾤετο.
1391 1573 1562 1625 Τοῦτο
1608 1572 1708 1641 μὲν
1740 1571 1804 1642 δὴ

202 1654 477 1719 τοιοῦτον,
507 1655 698 1730 ἕτερον
727 1659 784 1712 δὲ
817 1659 969 1712 οὐδὲν
1001 1660 1152 1731 αὐτῷ
1180 1661 1426 1717 ἔλασσον.
1451 1658 1562 1716 Ἶιν
1591 1680 1674 1726 τις
1709 1682 1808 1734 μο-

200 1748 432 1819 κχῶνο
477 1751 679 1823 πατρὶς
723 1751 874 1822 αὐτῷ
913 1753 1194 1816 Γαλιλαία,
1239 1754 1352 1826 βίος
1390 1758 1804 1830 ἀναχωρητικός

202 1857 265 1894 τε
299 1844 402 1896 καὶ
427 1841 643 1913 ὄρειος*
675 1836 852 1911 οὗτος,
883 1847 1073 1918 ἐπειδὴ
1105 1866 1237 1903 ποτε
1267 1852 1325 1913 ἐς
1351 1851 1569 1920 ὁμιλίαν
1596 1852 1810 1923 βασιλεί

203 1931 515 1988 καθίστατο
548 1934 794 2007 Ἰωάννῃ,
825 1936 953 2000 τοὺς
987 1939 1183 2003 παῖδας
1212 1941 1271 2002 ἐς
1302 1940 1469 1994 αὑτὸν
1503 1941 1806 2013 παρελθόνο

200 2041 307 2088 τας
341 2025 492 2091 ἰδὼν,
523 2029 638 2092 τοῖς
673 2029 775 2097 μὲν
804 2028 984 2093 ἄλλοις
1015 2031 1118 2087 ὅσα
1149 2032 1246 2087 καὶ
1294 2033 1587 2099 ἰδιωτικοῖς
1637 2053 1808 2107 προσ-

197 2118 446 2188 ηνέχθη,
492 2120 754 2194 Μανουὴλ
803 2121 862 2176 δὲ
909 2121 1099 2176 τοῦτον
1132 2125 1231 2177 σὺν
1276 2125 1535 2198 εὐλαϐείᾳ
1566 2129 1808 2198 προσιὼν

201 2211 522 2280 ἑπευλόγει.
606 2213 1018 2285 Πυνθανομένου
1055 2215 1126 2288 [Ρ
1161 2213 1259 2289 13]
1295 2218 1350 2270 δὲ
1386 2217 1652 2290 βασιλέως
1682 2220 1806 2275 ὅτου

201 2303 376 2357 ἕνεκα
411 2303 589 2358 ταῦτα
627 2305 832 2377 ποιοίη,
867 2306 1158 2362 ύπολαὸὼν
1191 2311 1219 2362 6
1260 2312 1516 2380 μοναχδς,
1565 2330 1582 2362 ι
1611 2313 1732 2366 Ὀτι
1779 2330 1801 2365 ι

200 2390 349 2460 εφη,
403 2410 423 2443 ι
478 2393 641 2462 μόνος
683 2393 743 2458 ἐξ
788 2395 1046 2449 ἁπάντων
1084 2396 1346 2468 Μανουὴλ
1388 2397 1644 2466 βασιλεὺς
1685 2401 1807 2471 ἐμοὶ

203 2479 492 2547 φαίνεται.
545 2498 564 2531 ι
606 2481 700 2534 Ἐκ
742 2481 799 2534 δὲ
843 2480 1052 2535 τούτων
1091 2482 1188 2536 καὶ
1228 2483 1491 2538 τοιούτων
1533 2486 1710 2539 ἄλλων
1749 2489 1808 2551 ἐς

202 2572 564 2642 ἀπεράντους
596 2576 623 2624 6
659 2573 916 2642 βασιλεὺς
951 2577 1162 2640 ἑννοίας
1197 2576 1520 2642 ἐξέπιπτενο
1554 2577 1809 2633 ἀναλύειν

199 2662 248 2716 δ’
268 2663 374 2716 οὐκ
408 2663 554 2735 ἔχων
582 2665 725 2730 ἅπερ
754 2666 901 2736 αὑτῷ
932 2665 1135 2731 δόξειεν
1162 2667 1422 2738 ἀρχῆθεν,
1455 2671 1516 2734 ἐς
1540 2669 1633 2724 τὸν
1657 2672 1811 2742 είρη-

207 2755 375 2823 μένον
414 2755 622 2808 σκοπὸν
652 2755 900 2826 ἔϐλεψεν.
940 2757 1081 2810 Ἀλλ’
1106 2758 1284 2813 ἔοικεν
1317 2760 1668 2833 ἀνθρωπίνης
1699 2762 1809 2832 ἄρα

204 2845 465 2909 ἐπινοίας
503 2845 615 2899 τῶν
659 2847 878 2901 πάντων
916 2849 1267 2920 πραγμάτων
1305 2852 1578 2921 ἠρτῆσθαι
1617 2855 1807 2924 μηδέν.

202 2934 379 2991 Οὔπω
413 2938 528 3006 γὰρ
551 2939 650 3007 τῆς
683 2938 920 2993 Κιλίκων
942 2941 1228 3010 ἐφίστατο,
1257 2943 1347 2995 καὶ
1371 2942 1516 2995 δυεῖν
1577 2944 1676 3011 μὲν
1699 2947 1806 3014 ἀφ·

199 3027 373 3100 ’ίιρετο
407 3030 621 3084 παίδων
650 3030 700 3084 οἶ
730 3031 909 3102 χρόνῳ
940 3033 1204 3103 προῆκον,
1224 3032 1420 3105 ἅτερος
1447 3034 1504 3088 δὲ
1534 3038 1645 3090 τοῖν
1674 3037 1810 3090 ἁπο-

201 3120 620 3190 λιλειμμὲνοιν,
649 3124 772 3176 ἐπεὶ
805 3125 927 3195 μηδ’
949 3124 1098 3196 αὐτῷ
1126 3124 1441 3193 ξυνέϐαινεν
1467 3129 1522 3189 ἐς
1555 3128 1614 3181 τδ
1646 3128 1806 3200 σῶμα

203 3216 396 3278 καλῶς
430 3216 610 3286 ἔχειν,
644 3217 813 3287 ἀπῄει
842 3218 969 3281 τοὺς
1000 3220 1230 3288 νεκροὺς
1262 3221 1319 3284 ἐς
1348 3221 1644 3283 Βυζάντιον
1670 3224 1806 3276 ἁνα-

203 3307 482 3378 κομίζων.
514 3308 778 3373 Βασιλεὺς
805 3310 862 3363 δὲ
887 3309 979 3362 ἐπὶ
1007 3311 1106 3379 τῆς
1134 3311 1376 3365 Κιλίκων
1398 3313 1487 3366 τὸν
1514 3313 1628 3384 βίον
1687 3314 1809 3379 ξυν-

203 3400 552 3470 εμερίσατο,
606 3405 697 3454 καὶ
747 3403 1006 3472 Matina-hit
1034 3403 1219 3456 λοιπὸν
1265 3405 1344 3467 είς
1391 3405 1482 3457 τὸν
1532 3406 1808 3475 βασιλείας

202 3491 386 3545 ἄνεισι
418 3492 636 3560 θρόνον.
666 3493 852 3558 ’Ἄξιον
881 3494 938 3547 δὲ
974 3496 1070 3548 καὶ⁹
1099 3497 1188 3549 τὸν
1219 3498 1315 3566 τῆς
1348 3496 1605 3569 τελευτῆς
1640 3498 1804 3552 αὐτοῦ

200 3583 417 3652 τρόπον
446 3582 840 3655 διηγήσασθαι.
874 3585 1103 3653 Ἐξιόντι
1139 3586 1278 3657 πρὸς
1313 3587 1487 3656 θήραν
1520 3588 1668 3658 αὐτῷ
1708 3589 1806 3656 σῦς

203 3674 464 3745 ἀπήντα,
518 3675 659 3742 μέγα
701 3690 755 3726 τι
794 3672 1022 3745 χρῆμα,
1065 3676 1225 3731 ὁποῖα
1270 3675 1443 3729 πολλὰ
1485 3678 1518 3746 ἡ
1564 3677 1807 3733 Κιλίκων

203 3768 408 3838 τρέφει
440 3767 519 3839 γῆ
549 3769 645 3823 καὶ
671 3768 771 3840 ὄρη
798 3769 867 3822 τὰ
891 3769 1166 3842 Ταυρικά.
1191 3769 1252 3824 ὐ
1283 3771 1382 3840 μὲν
1408 3764 1500 3824 οὖν
1531 3771 1804 3839 ἀκόντιον,

203 3860 287 3925 ὣς
325 3877 491 3932 φασι,
531 3861 923 3934 χειρισάμενος
961 3861 1188 3916 ἐπιόντα
1223 3860 1415 3917 τοῦτον
1451 3861 1743 3932 {aptata-ro-
1778 3867 1807 3918 6

205 3958 292 4022 δὲ,
323 3957 435 4024 τῆς
469 3955 678 4026 αἰχμῆς
708 3955 787 4026 τῷ
825 3953 1035 4028 στέρνῳ
1070 3955 1496 4026 ἐγκρυφθείο-ης,
1531 3955 1809 4027 θυμαίνων

208 4052 308 4104 ἐπὶ
337 4053 410 4120 τῇ
448 4046 636 4120 πληγῇ
673 4047 903 4118 ὠθισμῷ
945 4046 1145 4118 μᾶλλον
1179 4048 1410 4118 ἐχρῆτο,
1444 4047 1520 4112 ὡς
1557 4047 1808 4102 ἐντεῦθεν

207 4143 312 4214 τὴν
352 4140 625 4212 βασιλέως
659 4142 820 4211 χεῖρα
852 4139 940 4193 διὰ
976 4139 1212 4212 σφοδρὰν
1241 4139 1342 4212 τὴν
1372 4140 1678 4210 ἀντέρεισιν
1709 4141 1805 4195 τοῦ

208 4236 423 4298 ιΰθὲως
453 4235 825 4303 ἐκτραπεῖσαν
849 4233 939 4302 ἐφ’
959 4235 1026 4305 ἣν
1052 4235 1374 4305 παρήρτητο
1403 4233 1808 4304 παρενεχθῆναι

209 4330 508 4400 φαρέτραν
551 4327 735 4397 πλήρη
787 4326 958 4397 βελῶν
999 4318 1186 4380 οὖσαν.
1227 4326 1406 4389 Εὐθὺς
1447 4321 1541 4380 οὖν
1584 4327 1806 4397 τραῦμα

1906 553 2135 608 quorum
2161 551 2324 590 unum
2350 542 2513 604 atque
2539 531 2769 587 alterum
2806 544 3093 586 recensere
3128 531 3270 584 haud
3294 530 3393 586 abs
3423 548 3481 584 re

1908 630 2031 684 erit.
2067 626 2366 682 Dormienti
2397 625 2690 696 aliquando
2725 620 2955 677 Manueli
2987 622 3237 692 apparuit
3266 624 3482 693 mulier,

1908 719 2053 774 vultu
2105 733 2317 784 severo,
2364 717 2518 789 nigra
2560 716 2746 773 induta
2799 726 2970 779 veste,
3002 714 3248 770 manibus
3292 725 3494 770 tenens.

1904 813 2294 873 calceamenta.
2337 811 2533 880 quibus
2567 810 2922 880 imperatores
2972 809 3121 862 indui
3169 810 3336 863 moris
3377 813 3483 862 est.

1906 905 1981 959 Ea
2005 903 2237 960 Manueli
2277 904 2491 968 obtulit,
2531 902 2885 972 iudueretque
2915 902 3193 971 praecepit,
3241 902 3480 970 rejectis.

1906 999 2105 1068 quibus
2137 1000 2215 1054 uti
2249 1005 2610 1055 consueverat
2634 1006 2689 1052 et
2723 1011 2844 1067 quae
2876 997 3215 1050 monstrabat
3266 994 3481 1056 mulier.

1907 1088 2172 1146 caeruleis.
2209 1088 2485 1146 Excitatus
2524 1103 2645 1145 cum
2683 1088 2886 1160 ingenti
2918 1087 3351 1162 perturbatione,
3389 1086 3479 1141 ubi

1907 1197 2028 1252 quae
2068 1183 2406 1238 videratnon
2445 1184 2665 1253 reperit,
2689 1195 2979 1250 puerorum
3013 1195 3166 1233 more
3211 1179 3481 1246 plorabat,

1906 1290 2077 1344 eaque
2132 1290 2163 1330 e
2216 1274 2530 1330 domesticis
2583 1273 2814 1343 aliquem
2863 1272 3116 1326 credebat
3169 1270 3480 1326 abstulisse.

1907 1364 2180 1437 Ejusmodi
2227 1365 2330 1420 fuit
2355 1366 2662 1436 augurium,
2691 1365 2778 1419 cui
2825 1363 2966 1418 haud
3002 1357 3143 1417 istud
3173 1361 3335 1416 cedit.
3367 1361 3484 1414 lina

1908 1459 2113 1513 nachus
2149 1468 2306 1529 gente
2358 1457 2634 1522 Galilaeus,
2673 1458 2762 1526 qui
2814 1458 2978 1510 vitam
3029 1458 3385 1511 monasticam
3428 1455 3482 1509 iu

1906 1550 2059 1607 silvis
2110 1566 2175 1605 ac
2231 1551 2509 1605 montibus
2560 1550 2786 1619 agebat,
2843 1549 2967 1602 dum
3027 1547 3166 1604 forte
3206 1562 3311 1602 una
3361 1563 3483 1602 cum

1907 1645 2236 1715 imperatore
2263 1645 2681 1714 colloqueretur,
2719 1644 3035 1712 videretque
3065 1643 3384 1697 accedentes
3412 1640 3480 1695 a‘d

1907 1751 1968 1792 se
2015 1737 2159 1791 illius
2199 1736 2437 1800 liberos,
2475 1747 2698 1791 cazteros
2761 1735 2926 1789 veluti
2978 1735 3218 1802 privatos
3272 1732 3483 1794 habuit.

1909 1829 2141 1884 Manueli
2212 1844 2340 1883 vero
2408 1830 2715 1883 humaniter
2762 1836 2984 1896 accepto
3051 1824 3484 1880 benedictionem

1907 1921 2189 1989 impertiit.
2217 1919 2456 1990 Rogatus
2491 1936 2516 1974 ει
2550 1919 2792 1991 principe
2825 1933 3082 1989 quorsum
3110 1919 3224 1971 htcc
3254 1917 3481 1988 egisset,

1907 2013 2184 2083 respondit
2211 2013 2530 2076 monachus,
2581 2027 2744 2065 unum
2789 2027 2856 2066 ex
2903 2009 3153 2064 omnibus
3183 2006 3493 2064 Manneiem.

1908 2107 2010 2163 sibi
2060 2106 2445 2176 imperatorem
2477 2105 2670 2162 videri.
2721 2103 2845 2159 Haec
2874 2111 2928 2158 et
2971 2103 3168 2158 similia
3201 2101 3304 2156 etsi
3331 2099 3482 2154 varie

1910 2199 2252 2269 imperatoris
2304 2197 2414 2270 24
2467 2197 2705 2251 animum
2765 2203 3045 2250 versarent
3085 2207 3253 2248 :cum
3302 2203 3484 2248 tanien

1908 2305 2028 2361 qua
2055 2301 2216 2346 antea
2259 2292 2571 2344 decreverat
2602 2287 2769 2342 nollet
2802 2287 3059 2350 rescindi,
3093 2286 3258 2355 priori
3284 2299 3484 2354 propo-

1907 2385 2009 2438 sito
2048 2383 2222 2439 stetit.
2251 2382 2355 2439 Sed
2384 2383 2457 2437 ita
2510 2391 2879 2450 comparatum
2915 2390 3020 2445 est,
3066 2388 3125 2436 ut.
3159 2393 3340 2435 rerum
3365 2381 3484 2434 exi-

1912 2487 1994 2531 tus
2014 2494 2076 2531 ex
2094 2476 2344 2531 humanis
2366 2491 2470 2530 non
2496 2474 2763 2544 pendeant
2789 2471 3047 2528 consiliis.
3071 2471 3315 2526 Nondum
3337 2472 3483 2526 enim

1909 2570 2162 2640 attigerat
2183 2568 2454 2632 Ciliciam,
2485 2584 2606 2622 cum
2631 2566 2839 2622 duobus
2872 2565 2996 2618 (iliis
3027 2576 3154 2620 natu
3189 2563 3486 2634 majoribus

1907 2662 2178 2717 orbature
2209 2660 2564 2730 superatitum
2613 2672 2741 2713 vero
2786 2657 2946 2723 alter,
2976 2657 3070 2726 qui
3105 2671 3204 2712 nec
3242 2657 3363 2724 ipse
3391 2656 3484 2710 ad-

1912 2753 2132 2809 modum
2165 2767 2395 2824 corpore
2446 2752 2682 2816 valebat,
2719 2750 3040 2820 Byznntium
3094 2751 3326 2804 mittitur
3381 2750 3490 2803 fra-

1912 2857 2056 2901 trum
2079 2846 2342 2901 cadavera
2377 2845 2731 2900 deducturus.
2775 2844 3001 2899 Moritur
3026 2842 3189 2898 etiam
3215 2845 3266 2897 in
3298 2843 3486 2897 Cilicia

1911 2938 2229 3009 imperator,
2287 2939 2681 3008 imperiumque
2716 2935 3036 3008 adipiscitur
3093 2935 3319 2993 Maurici.
3371 2935 3498 3001 Quo.

1913 3042 2070 3102 pacto
2100 3041 2280 3087 autem
2314 3031 2482 3086 vitam
2516 3028 2737 3091 finierit,
2768 3042 3030 3081 enarrare
3060 3025 3269 3080 videtur
3308 3040 3488 3093 opera:

1915 3125 2173 3195 pretium.
2226 3123 2306 3176 Ad
2344 3120 2686 3177 venationem
2741 3132 2965 3188 egresso
3016 3117 3208 3168 obvius
3269 3117 3320 3167 tit
3355 3132 3486 3184 τιμε-ι·

1909 3216 2144 3286 ingentis
2203 3213 2614 3286 magnitudinis,
2665 3211 2852 3281 quales
2909 3209 2961 3262 in
3000 3206 3188 3262 Cilicia
3245 3208 3397 3262 multi
3430 3218 3485 3263 et

1909 3311 2185 3366 montibus
2217 3305 2501 3373 Tauricis;
2532 3305 2928 3368 advenientem,
2954 3313 3011 3358 ut
3046 3302 3150 3358 fert
3185 3303 3349 3366 lautia,
3378 3301 3487 3356 telo

1908 3406 2052 3474 quod
2110 3419 2269 3458 manu
2329 3399 2543 3455 tenebat
2578 3399 2780 3468 excipit
2809 3410 2827 3453 :
2860 3408 3050 3453 contra
3098 3397 3185 3453 ille
3226 3410 3484 3451 mucrone

1911 3500 1961 3552 in
1999 3506 2185 3566 pectus
2211 3496 2404 3550 adacto
2439 3507 2504 3548 ex
2548 3492 2705 3561 plaga
2756 3491 3084 3548 furibundus
3111 3487 3487 3544 vehementius

1909 3590 2095 3651 instat,
2135 3584 2272 3642 adeo
2317 3596 2372 3640 ut
2401 3585 2527 3641 inde
2571 3598 2765 3640 manus
2808 3582 3174 3654 imperatoris,
3203 3595 3326 3652 qua
3353 3580 3482 3635 dum

1910 3680 2104 3736 fortius
2132 3678 2396 3734 obnititur
2430 3693 2457 3729 a
2492 3685 2641 3731 recto
2668 3673 2874 3730 deﬂexa
2932 3674 2985 3727 in
3032 3673 3348 3744 pharetram
3396 3686 3488 3728 sa-

1909 3774 2056 3846 gittis
2087 3773 2323 3842 plenam,
2353 3783 2516 3841 quam
2545 3782 2610 3823 ex
2642 3768 2870 3824 humero
2897 3780 3214 3838 suspensam
3243 3765 3487 3836 gerebat.

1910 3867 2216 3937 impegerit,
2276 3878 2510 3934 quarum
2567 3860 2883 3930 cuspidibus
2944 3859 3225 3916 vulnerata
3259 3856 3484 3928 perstri-

1907 3968 2102 4028 ctaque
2153 3964 2236 4010 est
2267 3969 2391 4021 pars
2419 3966 2582 4022 carpo
2604 3951 2868 4022 proxima.
2904 3950 2983 4006 Ex
3008 3966 3074 4008 eo
3103 3951 3326 4006 Vulnere
3353 3965 3483 4005 cru-

1907 4060 2030 4104 enta
2061 4047 2214 4103 sanie
2243 4044 2520 4108 efiluente,
2553 4043 2732 4099 tenuis
2755 4042 3090 4106 membrana.
3128 4057 3292 4112 quam
3321 4043 3482 4110 vulgo

1909 4142 2163 4197 eederam
2213 4144 2432 4198 vocant,
2494 4135 2815 4205 imponitur,
2869 4149 2991 4206 qua:
3021 4134 3252 4190 divisam
3288 4149 3484 4205 cogere

1908 4252 2152 4301 carnem,
2178 4243 2232 4289 et
2266 4233 2576 4288 cicatricem
2631 4229 3004 4294 contraheret,
3051 4242 3121 4282 ne
3150 4227 3479 4281 inﬂammata

1907 4329 2122 4384 dolores
2171 4326 2511 4392 concitaret;
2559 4322 2654 4378 sed
2707 4321 2822 4376 hate
2869 4319 2972 4375 fuit
3027 4330 3212 4390 postea
3273 4317 3484 4372 inﬂam-

209 4420 587 4492 ιπηκολούθει
617 4422 734 4483 ταῖς
766 4419 915 4474 ἀκίσι
945 4418 1230 4484 ξυσθὲντος
1259 4419 1425 4473 αὑτοῦ
1451 4418 1545 4473 τοῦ
1574 4421 1805 4491 ἐπικαρ-

1910 4420 2161 4477 mationis
2195 4434 2353 4474 causa
2382 4436 2396 4474 :
2432 4432 2554 4471 nam
2589 4431 2854 4471 venenum
2889 4429 2995 4483 quo
3027 4413 3188 4468 telum
3220 4412 3478 4468 infectum

210 4515 344 4569 πίου
369 4528 383 4542 ⁸
423 4513 522 4567 καὶ
560 4513 735 4580 ἀφρὸς
781 4513 879 4582 μὲν
912 4509 1162 4565 ἐντεῦθεν
1202 4509 1504 4582 ὲξεμύσατο
1538 4510 1802 4582 ὒφαιμος,

209 4607 359 4677 ὑμὴν
392 4605 450 4658 δέ
483 4620 568 4667 τις
601 4603 816 4667 λεπτὸς,
847 4601 905 4656 δν
936 4602 1172 4674 ὲκδηρὶν
1204 4604 1255 4656 οἱ
1289 4599 1477 4656 πολλοὶ
1512 4602 1802 4664 ἰδιωτικῶς

208 4697 580 4767 ὀνομάζουσι,
617 4696 924 4764 προσήγετο
954 4694 1114 4763 δῆθεν
1147 4693 1394 4760 συνάξων
1423 4692 1484 4748 τὸ
1513 4692 1806 4764 διεστηκὸς

211 4791 310 4844 καὶ
343 4785 706 4842 συνουλώσων
738 4785 796 4837 τὸ
829 4782 1080 4852 τραῦμα,
1114 4782 1188 4846 ὡς
1225 4782 1300 4853 μὴ
1334 4781 1649 4852 φλεγμῆναν
1680 4780 1807 4835 6δῦ-

211 4901 310 4946 νας
341 4881 560 4954 ἐγείρῃ.
597 4878 738 4932 Ἀλλ’
756 4873 823 4949 ἦν
853 4879 1030 4932 ἐκεῖνο
1057 4876 1155 4946 τῆς
1184 4878 1461 4929 είσέπειτα
1493 4873 1808 4944 φλεγμονῆς

211 4976 419 5029 αἴτιον.
456 4972 563 5025 Τδν
595 4971 706 5039 γὰρ
739 4972 838 5041 τῆς
879 4968 1064 5031 ἀκίδος
1103 4967 1182 5022 ἱὸν
1217 4967 1364 5023 ἔνδον
1398 4969 1465 5038 τῇ
1508 4965 1805 5036 στυφότητι

217 5062 561 5120 ίναπολασδν
588 5063 681 5116 ἐπὶ
701 5066 761 5115 τὸ
786 5060 914 5117 ἄλλο
942 5060 1211 5132 μετέφερε
1241 5059 1422 5129 σῶμα.
1449 5058 1608 5113 Ἀλλὰ
1631 5057 1807 5112 ταῦτα

220 5160 321 5232 μὲν
339 5158 571 5228 ⁴ὔστερον
589 5169 605 5184 ⁸
626 5154 750 5209 τότε
767 5153 825 5206 δὲ
843 5152 1116 5224 μηδεμίαν
1133 5153 1212 5206 [tt
1231 5153 1423 5224 ὀδύνης
1446 5151 1806 5223 συναίσθησιν

217 5252 400 5324 ἔχοντι
447 5245 704 5318 τράπεζά
742 5262 816 5312 ,τε
863 5243 1017 5316 αὐτῷ
1055 5245 1404 5318 παρετίθετο,
1443 5246 1539 5298 καὶ
1572 5247 1607 5316 ἡ
1633 5244 1794 5314 κλίνη

217 5341 410 5396 τοῦτον
435 5333 589 5411 εἶχεν
616 5339 694 5403 ὡς
738 5335 1132 5410 ἀριστήσοντα.
1193 5337 1591 5409 Προϐαίνοντος
1624 5336 1682 5391 δὲ
1709 5336 1804 5391 τοῦ

220 5435 453 5506 ἀρίστου
481 5433 670 5498 παῖδες
703 5431 913 5503 ἰατρῶν
931 5431 1169 5487 ἐνταῦθα
1190 5431 1619 5504 περιεστηκότες
1648 5429 1724 5496 ὡς
1747 5431 1808 5484 τὸ

222 5529 465 5600 ἐπίθεμα
498 5523 658 5591 εἶδον,
694 5524 1063 5582 ἑπυνθᾶνοντό
1101 5543 1160 5578 τε
1194 5526 1295 5597 τὴν
1329 5523 1424 5577 τοῦ
1488 5526 1808 5596 τραύματος

223 5620 403 5675 αίτίαν
429 5621 525 5674 καὶ
549 5621 893 5692 μαθόντεςτῇ
915 5637 976 5674 τε
1005 5618 1260 5693 τραπέζῃ
1287 5619 1677 5688 ἐπεμέμφοντο
1707 5618 1806 5670 καὶ

224 5711 414 5782 1ίιξίουν
468 5713 673 5766 αὐτίκα
706 5712 805 5784 τῆς
860 5714 1040 5785 χειρὸς
1099 5712 1386 5768 ἀπεῶσθαι
1447 5709 1642 5764 τοῦτο*
1677 5711 1704 5762 6
1745 5709 1806 5762 δὲ

229 5805 540 5878 προσφῦναι
569 5822 629 5860 τε
686 5807 744 5861 τὸ
800 5807 1026 5872 τραῦμα
1089 5805 1326 5864 ἐνταῦθα
1368 5803 1658 5860 διετείνετο
1710 5803 1805 5859 καὶ

1905 4522 2062 4577 erat,
2115 4511 2227 4580 ipsa
2281 4507 2600 4564 astrictione
2660 4504 2769 4576 25
2815 4505 3019 4560 arctius
3079 4504 3367 4570 inclusum,
3429 4504 3480 4555 in

1908 4603 2176 4673 reliquum
2231 4599 2568 4655 transfusum
2610 4609 2692 4653 est
2741 4583 2962 4665 corpus.
3017 4596 3095 4650 Ita
3134 4610 3254 4650 cum
3305 4595 3486 4648 nullus

1905 4694 2033 4751 dum
2066 4696 2284 4750 adesset
2313 4693 2488 4759 dolor,
2512 4699 2735 4761 paratur
2770 4689 2868 4758 ipsi
2907 4702 3116 4763 mensa,
3148 4686 3306 4757 eique
3333 4688 3482 4742 velut

1905 4805 2202 4861 pransurus
2240 4787 2530 4843 accumbit.
2579 4784 2728 4840 Inter
2780 4783 3178 4854 prandendum,
3234 4781 3324 4853 qui
3374 4783 3485 4838 Cir-

1905 4878 2243 4934 cumstabaut
2278 4875 2608 4932 medicorum
2654 4875 2773 4940 alii,
2803 4883 2864 4930 ut
2919 4874 3228 4945 appositum
3280 4875 3484 4942 empla-

1905 4979 2076 5025 strum
2106 4983 2466 5040 conspexere,
2519 4968 2795 5023 cicatricis
2839 4982 3077 5021 causam-
3120 4965 3396 5021 sciscitati
3429 4979 3489 5021 et

1904 5063 2107 5128 edocti,
2145 5061 2532 5117 removendum
2576 5060 2704 5115 illud
2741 5076 2769 5113 a
2803 5075 2990 5125 manu,
3015 5068 3071 5115 et
3101 5074 3132 5114 a
3166 5073 3353 5115 mensa
3391 5061 3485 5113 ab-

1905 5155 2214 5210 stinendum
2243 5164 2597 5209 censuerunt.
2621 5152 2821 5208 Contra
2852 5151 2942 5207 ille
2962 5151 3068 5206 hoc
3089 5151 3484 5207 medicamento

1905 5247 2082 5303 coisse
2131 5246 2330 5302 vulnus
2381 5261 2480 5301 nec
2527 5245 2824 5315 quidquam
2887 5242 3012 5300 mali
3057 5244 3124 5299 de
3172 5252 3383 5297 tumore
3430 5254 3486 5298 et

1908 5337 2334 5393 inﬂammatione
2362 5351 2484 5392 sese
2514 5344 2754 5391 metuere
2772 5335 3010 5392 dicebat.
3036 5332 3166 5391 Post
3188 5335 3478 5407 prandium

1908 5446 2099 5487 somno
2128 5446 2187 5486 se
2216 5431 2381 5496 dedit,
2415 5431 2708 5499 statimque
2740 5428 3045 5485 acutissimi
3092 5429 3307 5485 dolores
3351 5430 3484 5485 sub-

1909 5525 2035 5592 orti,
2089 5510 2309 5596 totaque
2357 5539 2550 5578 manus
2578 5523 2852 5577 intumuit.
2889 5521 3157 5579 Convenit
3186 5523 3332 5578 illico
3363 5521 3486 5576 uui-

1911 5632 2065 5674 versa
2105 5617 2436 5672 medicorum
2473 5614 2652 5678 turba,
2682 5614 2919 5683 quidque
2955 5613 3095 5669 facto
3140 5630 3276 5684 opus
3314 5613 3487 5667 variis

1912 5708 2142 5763 invicem
2180 5705 2525 5777 disputavere
2567 5706 2869 5760 sententiis.
2905 5705 3133 5772 Quidam
3165 5705 3310 5758 enim
3362 5714 3493 5756 ceu.

1912 5804 2104 5860 sebaut
2131 5799 2496 5858 rcsecandurn
2540 5807 2834 5866 tumorem,
2871 5797 2961 5854 alii
3009 5799 3249 5855 nondum
3309 5807 3487 5852 matu-
