4008 6170
265 308 380 372 ³46
1514 326 1858 390 tusrouu

1963 330 2053 391 JM
2093 330 2242 398 LIB.
2285 334 2367 396 Π.
3430 339 3538 404 346

279 423 582 493 Ῥωμαίοις
614 423 882 480 ἀπέδοσθε
912 428 1204 500 πρότερον,
1261 432 1400 486 ἀλλὰ
1443 436 1591 507 χειρὶ
1637 441 1730 492 καὶ
1764 436 1854 510 βίᾳ

1963 455 2078 497 esse
2111 443 2326 511 dicetis,
2382 461 2501 516 qure
2549 448 2765 516 quidem
2816 458 2872 505 et
2916 451 3028 521 ipsa
3084 451 3355 521 quondam
3408 469 3535 520 pars

279 515 481 586 ταύτην
514 521 652 589 πρὸς
677 520 884 590 πατρὸς
913 520 1194 593 ἀφῄρεσθε
1225 525 1468 597 τούμοῦς
1496 529 1565 582 Ἦ
1593 529 1694 600 οὐχ
1717 531 1850 610 ἡμῖν

1963 532 2170 601 imperii
2207 539 2375 592 nostri
2412 538 2529 593 iuit.
2571 515 2721 606 Quod
2757 542 2798 596 si
2840 515 2961 614 quae
2998 515 3227 605 vos-ipsi
3257 515 3536 614 pepigistis

275 609 485 679 Πέρσαι
507 610 867 667 δουλεύουσαν
890 615 1176 684 ἀφείλοντο
1222 619 1521 692 πρότερονς
1554 623 1761 687 Ἀλλως
1799 609 1858 680 δέ

1964 624 2168 681 hedera
2211 627 2414 683 violare
2470 631 2598 686 nihil
2655 648 2750 688 vos
2801 609 2982 702 pudet,
3035 636 3160 705 quid
3214 609 3536 703 posthabita:

275 701 424 767 τίνος
464 703 596 757 δντα
625 705 784 760 ταυτὶ
828 707 886 770 ἐξ
915 709 1074 778 ήμῶν
1103 710 1404 780 λαμϐάνειν
1449 716 1719 781 αἰτεῖσθε,
1761 718 1858 771 πό-

1963 712 2177 781 iustitia!
2233 719 2435 774 crimen
2485 723 2638 776 nobis
2692 726 2956 792 ingeritis,
2985 727 3075 794 qui
3113 727 3268 792 longe
3312 730 3534 797 tequiori

272 803 416 859 λεως
455 797 828 868 Ἀντιοχείαςς
873 802 939 854 Ἦ
988 801 1045 855 δὲ
1103 806 1197 858 καὶ
1243 806 1382 876 αὐτὴ
1431 808 1622 876 φθάνει
1663 811 1858 882 κράτει

1963 805 2083 875 iure
2113 823 2301 878 pcenas
2338 825 2366 864 a
2411 813 2561 866 vobis
2590 816 2916 869 debebamus
2955 820 3234 887 repetere?
3290 819 3394 873 Sed
3441 822 3537 874 im

271 888 618 945 δουλεύουσα
638 892 717 963 τῷ
742 894 923 964 ἡμῶν.
974 897 1040 949 Et
1066 896 1122 951 δέ
1166 898 1238 951 τὰ
1266 900 1396 969 ὑμῖν
1425 902 1610 965 αὐτοῖς
1651 903 1858 974 ὡμολο-

1963 893 2108 952 forte
2165 907 2378 968 tempus
2418 903 2774 971 opportunius
2803 915 2986 960 nostro
3036 909 3232 976 pendet
3287 909 3536 977 imperio.

273 984 503 1053 γημένα
531 983 644 1056 (Si)
687 985 1052 1058 παραϐαίνειν
1077 989 1208 1061 ὑμῖν
1240 990 1476 1063 αἰσχύνη
1509 994 1762 1066 οὐδεμία,
1805 997 1858 1051 τί

1966 987 2076 1046 Vos
2105 992 2320 1047 interim
2365 994 2434 1049 ab
2479 994 2544 1048 iis
2593 1010 2713 1065 qua:
2744 1007 2919 1051 vestra
2951 1015 3054 1052 non
3088 1007 3216 1052 sunt
3267 1001 3541 1054 abstinere

269 1075 385 1131 τῶν
415 1076 650 1132 δικαίων
683 1079 996 1151 παρόρασιν
1027 1083 1423 1151 ἐπικαλοῦντες
1470 1087 1604 1158 ἡμῖν
1635 1090 1856 1160 πάριτε,

1963 1081 2122 1150 Iubeo
2161 1099 2176 1138 :
2210 1099 2330 1138 nam
2359 1101 2479 1154 qua:
2517 1087 2646 1141 mihi
2681 1104 2708 1140 a
2740 1096 2892 1156 patre
2925 1091 3118 1143 tradita
3157 1099 3283 1142 sunt
3317 1106 3538 1158 augere,

276 1172 338 1226 οἴ
363 1188 429 1241 γε
454 1173 686 1236 εὐθύνας
716 1175 919 1244 μᾶλλον
941 1175 1002 1243 ἐξ
1040 1177 1195 1244 ὑμῶν
1221 1179 1450 1243 δικαίως
1497 1180 1562 1235 ἂν
1612 1183 1858 1238 ἀπαιτοῖ·

1969 1189 2073 1230 non
2110 1179 2356 1231 minuere
2380 1187 2464 1232 est
2493 1178 2761 1233 animnsa
2793 1180 2865 1233 lta
2906 1181 2994 1235 ille
3021 1181 3208 1252 legatis
3238 1182 3536 1250 respondit.

275 1281 412 1334 μενς
461 1263 623 1319 Ἀλλὰ
651 1265 720 1319 τὰ
750 1268 848 1338 μὲν
880 1269 1013 1340 περὶ
1058 1268 1251 1324 τούτου
1281 1273 1474 1341 καιρὸς
1502 1276 1528 1326 ὁ
1557 1276 1858 1345 προσήκων

271 1358 413 1425 ἡμῖν
443 1359 798 1428 παραστῆσαι
829 1361 1012 1424 ἱκανὸς
1042 1361 1198 1416 ἔσται
1223 1378 1238 1394 ο
1282 1364 1345 1416 τὸ
1373 1364 1432 1417 δὲ
1457 1366 1552 1418 νῦν
1583 1366 1856 1437 ἀπόστητε

270 1447 386 1500 τῶν
430 1447 494 1501 οὗ
537 1449 928 1518 προσηκόντων
970 1451 1217 1507 κελεύω·
1257 1455 1380 1522 ἐμοὶ
1417 1455 1522 1524 γάρ
1552 1457 1781 1526 αὐξῆσαι
1821 1458 1859 1514 ἃ

271 1537 417 1608 πρὸς
450 1541 664 1611 πατρὸς
705 1543 788 1606 είς
815 1545 1004 1612 χεῖρας
1039 1538 1204 1614 ἦλθον
1231 1545 1392 1615 ἐμὰς,
1425 1546 1500 1616 μὴ
1532 1547 1597 1599 ἂν
1628 1548 1862 1601 ἐλαττῶσ-

273 1656 372 1692 σαι
407 1640 659 1708 γένοιτοί
695 1660 714 1694 ι
745 1642 873 1706 Τοῖς
906 1643 1171 1712 πρέσϐεσι
1204 1643 1303 1712 μὲν
1330 1643 1502 1695 ταῦτα
1538 1639 1713 1696 εἶπεν·
1747 1643 1775 1695 ὁ
1801 1641 1860 1696 δὲ

273 1733 372 1788 ἐπὶ
399 1735 502 1797 τὰς
533 1735 666 1798 ναῦς
696 1735 752 1788 αἲ
783 1735 936 1806 παρᾶ
975 1738 1068 1789 τὸν
1113 1737 1374 1808 Πύραμον
1401 1736 1707 1808 ὡρμίζοντο
1765 1755 1861 1790 πο-

273 1826 482 1896 ταμὸν,
514 1826 576 1889 ὃς
598 1827 686 1880 διὰ
709 1827 1092 1896 Μοψουεστίας
1128 1828 1430 1897 φερόμενος
1452 1828 1548 1881 ἐπὶ
1581 1827 1860 1882 θάλασσαν

273 1921 524 1972 ποιεῖται
576 1919 678 1990 τὴν
730 1918 1002 1990 ἐκϐολὴν,
1047 1921 1144 1974 σὺν
1187 1923 1490 1991 προπομπῇ
1528 1921 1618 1974 τὸν
1667 1911 1862 1993 νεκρὸν

271 2010 532 2079 κατῆγεν
577 2009 744 2074 αὐτὸς
793 2008 909 2081 ἅμα
956 2013 1070 2073 τοῖς
1117 2013 1513 2080 γνησιωτάτοις
1565 2011 1659 2066 τὸν
1706 2012 1862 2083 ὦμον

270 2098 541 2169 ὑποσχὼν
570 2103 636 2170 τῇ
672 2100 837 2170 σορῷ.
879 2099 1101 2171 Ἐπειδὴ
1150 2119 1211 2154 τε
1259 2101 1469 2154 ἐκεῖθεν
1502 2104 1552 2154 οί
1579 2104 1860 2173 δρόμωνες

268 2195 372 2246 ἐπι⁸
410 2194 694 2248 Θάλασσαν
731 2193 830 2264 ἤδη
870 2194 1112 2262 ἀφῆκαν,
1146 2193 1318 2258 λύσας
1363 2196 1455 2249 καὶ
1487 2188 1643 2260 οὗτος
1674 2197 1860 2250 λοιπὸν

268 2289 381 2356 τὴν
433 2285 866 2355 στρατοπεδείαν
891 2286 978 2339 διὰ
1018 2287 1191 2354 μέσης
1237 2285 1438 2357 ἐχώρει
1487 2285 1587 2354 τῆς
1628 2286 1859 2358 Περσῶν

267 2379 382 2447 γῆς
439 2377 718 2447 ἀκηρυκτὶ
763 2374 1098 2440 διαϐιϐάζων
1145 2377 1206 2429 τὸ
1263 2378 1601 2448 στράτευμα.
1638 2378 1781 2450 Πρὸς
1830 2377 1861 2431 δ

269 2469 494 2538 Πέρσαι
551 2465 1002 2534 καταπλαγέντες
1055 2468 1157 2536 τῆς
1207 2465 1415 2539 τόλμης
1458 2485 1518 2521 τε
1566 2469 1628 2523 τὸ
1669 2470 1859 2539 περιὸν

267 2567 628 2635 ἀγασάμενοι
655 2563 767 2618 οὐδ’
791 2564 1228 2630 άντιϐλεπτῆσαι
1273 2565 1570 2638 Ῥωμαίοις
1593 2567 1708 2622 ἐτόλ
1717 2583 1857 2639 μων·

271 2661 580 2715 συνέϐαινέ
608 2676 668 2712 τε
701 2657 904 2722 αὐτοὺς
929 2658 1004 2722 ὡς
1031 2658 1100 2712 δι’
1128 2659 1342 2720 οίκείας
1369 2661 1559 2714 λοιπὸν
1588 2661 1726 2716 ίέναι
1757 2663 1855 2732 τῆς

266 2755 596 2825 ἀλλοτρίας.
643 2737 857 2820 ⁹Ο’μὲν
914 2754 1008 2808 οὖν
1052 2755 1133 2817 εἰς
1183 2754 1285 2827 τὴν
1320 2754 1612 2825 Ῥωμαίων
1665 2756 1726 2809 οὐ
1765 2755 1874 2810 διά

269 2844 499 2898 πολλῶν
533 2843 783 2898 είσέϐαλε
811 2846 946 2914 γῆνο
976 2844 1033 2896 αί
1073 2841 1130 2897 δὲ
1171 2845 1424 2915 τριήρεις
1465 2846 1525 2908 ἐς
1566 2844 1860 2910 Βυζάντιον

270 2936 610 3006 ἀναχθεῖσαι
643 2935 742 3005 τὴν
775 2933 1040 3005 βασιλέως
1079 2934 1228 2986 κόνιν
1251 2936 1315 3003 τῇ
1350 2934 1532 3006 χέρσῳ
1564 2935 1854 3003 ἀπέδοσαν,

266 3032 337 3101 ἢν
369 3033 406 3101 ἡ
425 3028 721 3099 Ῥωμαίων
749 3027 1015 3098 γερουσία
1045 3027 1484 3098 μεγαλοπρεπῶς
1507 3028 1858 3083 ἀπολαϐοῦσα

1963 1265 2092 1322 inde
2136 1269 2201 1320 ad
2233 1282 2398 1322 naves
2441 1268 2495 1322 in
2531 1270 2760 1340 Pyramo
2806 1271 2989 1336 ﬂuvio,
3017 1274 3106 1341 qui
3150 1271 3535 1342 Mopsuestiam

1963 1357 2210 1413 dividens
2243 1359 2296 1413 in
2343 1361 2445 1430 31
2480 1376 2626 1416 mare
2651 1362 2966 1427 effunditur,
3023 1363 3387 1419 subsistentes
3444 1380 3540 1433 pa-

1965 1452 2130 1507 rentis
2198 1453 2360 1507 {unus
2417 1469 2538 1508 cum
2614 1471 2806 1523 magna
2866 1457 3315 1525 subsequentium
3379 1457 3546 1511 turba-

1962 1540 2201 1608 deducit,
2257 1544 2371 1612 ipso
2416 1545 2620 1616 pariter
2671 1555 2725 1601 et
2776 1549 2989 1617 agnatis
3044 1546 3245 1603 feretro
3281 1549 3538 1603 humeros

1963 1635 2414 1701 su'iponentibus.
2458 1636 2590 1693 Inde
2649 1647 2706 1691 ut
2738 1639 2995 1693 cursoris:
3039 1655 3188 1692 mare
3219 1640 3544 1710 attigerunt,

1967 1727 2130 1778 movit
2160 1736 2214 1780 et
2241 1726 2356 1795 ipse
2388 1737 2560 1782 castra
2586 1730 2876 1798 copiasque
2907 1745 3001 1800 per
3026 1730 3229 1783 medias
3252 1729 3538 1784 Persarum

1966 1827 2158 1882 terras,
2195 1835 2297 1873 non
2346 1821 2511 1888 petito
2538 1837 2633 1890 per
2674 1822 2880 1892 legatos
2925 1833 3253 1886 commeatu,
3299 1822 3548 1886 deduxit,

1962 1927 2069 1982 quo
2099 1913 2215 1983 ejus
2246 1913 2390 1971 facto
2419 1916 2630 1970 attoniti
2660 1917 2833 1972 Persae
2873 1917 2995 1971 licet
3024 1919 3179 1970 talem
3209 1918 3546 1976 mirarentur

1964 2007 2273 2075 audaciam,
2329 2009 2462 2064 nihil
2517 2019 2696 2065 tamen
2757 2017 2944 2064 contra
2995 2006 3267 2064 Romanos
3301 2009 3538 2063 vicissim

1961 2106 2230 2153 attentare
2263 2099 2378 2154 ausi
2425 2110 2570 2156 sunt.
2644 2101 2716 2155 Ita
2773 2102 2849 2156 illi
2904 2117 3001 2172 per
3055 2103 3290 2156 hostium
3371 2102 3540 2155 niliilu

1960 2189 2208 2244 securius
2237 2206 2398 2259 quam
2442 2207 2537 2260 per
2583 2194 2853 2262 propriam
2911 2194 3167 2248 ditionem
3211 2193 3534 2262 transgressi

1963 2290 2110 2336 sunt.
2148 2280 2330 2351 Neque
2384 2282 2456 2336 ita
2506 2284 2674 2339 multo
2727 2294 2846 2353 post
2891 2284 3102 2354 imperii
3156 2287 3290 2339 lines
3324 2285 3535 2338 Manuel

1963 2371 2082 2440 ipse
2139 2372 2337 2441 attigit.
2385 2372 2660 2429 Triremes
2703 2386 2886 2430 autem
2941 2375 3254 2446 Byzantium
3303 2375 3537 2444 appulsu:

1961 2461 2221 2533 principis
2255 2465 2466 2519 cineres
2506 2465 2561 2519 in
2591 2475 2798 2521 terram
2831 2481 3220 2537 exposuerunt,
3248 2482 3387 2536 quos
3421 2483 3534 2519 ma—

1963 2553 2160 2624 gniﬁce
2191 2568 2471 2625 susceplos
2505 2568 2726 2614 senatus
2757 2558 3032 2614 Romanus
3064 2559 3116 2615 in
3146 2559 3533 2613 monasterium

1962 2659 2161 2723 intulit.
2201 2661 2344 2729 quod
2387 2661 2697 2731 imperatrix
2732 2661 2904 2730 lrene,
2930 2670 2988 2718 ut
3021 2678 3179 2731 supra
3217 2662 3534 2724 indicatum,

1960 2761 2304 2808 exstruxerat
2348 2754 2661 2823 dicaratqne
2714 2755 2821 2810 Deo
2871 2755 3251 2824 omnipotenti.
3297 2754 3368 2808 At
3413 2769 3536 2809 cum

1962 2848 2234 2914 inperator
2270 2847 2494 2900 reditum
2530 2846 2854 2915 institueret,
2878 2862 2940 2903 ac
2975 2846 3200 2903 necdum
3247 2847 3314 2901 de
3378 2847 3538 2901 seba‘

1961 2948 2258 2992 stocratore
2287 2938 2576 3009 quidquam
2623 2939 2899 3005 audisset,
2957 2950 3124 3008 utque
3197 2941 3537 3010 tyrannidem

1961 3033 2299 3087 atl‘cctantem
2361 3031 2643 3096 nonnulli,
2709 3033 2904 3101 quibus
2969 3048 3148 3086 rerum
3203 3033 3536 3101 publicarum

272 3126 357 3187 είς
399 3123 466 3175 τὸ
500 3121 644 3192 ἱερὸν
677 3119 1006 3191 παρέπεμψε
1041 3121 1488 3190 φροντιστήριον,
1527 3121 1665 3189 ὅπερ
1700 3123 1731 3191 ἡ
1760 3122 1854 3192 βα-

1963 3139 2081 3177 cura
2116 3124 2428 3177 demandata
2464 3131 2602 3188 erat,
2631 3123 2754 3176 dolo
2783 3124 3020 3192 aggressi
3054 3125 3107 3178 in
3137 3125 3525 3190 omnipotentis

268 3217 419 3279 σιλὶς
440 3256 457 3278 ,
494 3213 750 3283 καθάπερ
781 3212 942 3283 ἔφην,
991 3212 1195 3283 Εἰρήνη
1228 3211 1322 3265 ἐπ’
1353 3212 1580 3283 ὀνόματι
1608 3212 1703 3266 τοῦ
1731 3231 1858 3267 παν·

263 3311 613 3382 τοκράτορος
643 3307 941 3377 ἐτύγχανεν
988 3306 1088 3378 ἤδη
1118 3307 1496 3379 δομησαμένη.
1546 3307 1767 3362 Βασιλεῖ
1802 3310 1858 3364 δὲ

264 3401 543 3473 Μανουὴλ
565 3402 649 3455 ἔτι
675 3400 806 3472 περὶ
839 3400 938 3469 τὴν
981 3399 1242 3455 ἐπάνοδον
1271 3399 1450 3472 ἔχοντι
1473 3441 1486 3466 ,
1529 3401 1720 3473 ἐπειδὴ
1753 3421 1858 3472 μη·-

265 3496 431 3551 δέπω
458 3494 530 3550 τὰ
563 3494 706 3550 κατὰ
730 3493 822 3547 τὸν
855 3492 1342 3562 σεϐαστοκράτορα
1374 3492 1620 3557 πύθοιτο,
1651 3493 1748 3547 καὶ
1783 3495 1858 3558 ὡς

265 3593 379 3665 ἠδη
406 3587 691 3660 τυραννίδι
725 3585 1009 3641 ἐπιθέσθαι
1060 3585 1490 3656 βουλευσάμενον
1535 3587 1670 3658 δόλῳ
1696 3589 1862 3643 ὑπελ-

264 3682 495 3745 θόντες,
562 3672 646 3743 οἷς
705 3676 774 3731 τὰ
833 3676 1098 3748 βασιλέως
1137 3677 1514 3750 ἐπιτέτραπτο
1565 3680 1857 3750 πρότερον,

263 3775 602 3845 ἔμφρουρον
645 3769 724 3840 τῷ
770 3769 865 3823 τοῦ
912 3770 1356 3840 παντοκράτορος
1400 3772 1618 3841 τεμένει
1673 3775 1861 3844 ἐποιήι

265 3877 466 3924 σαντο,
501 3857 683 3912 εννοια
705 3858 896 3926 γέγονε
935 3861 1148 3930 μήποτε
1178 3860 1290 3911 τῶν
1313 3859 1412 3914 σὺν
1445 3861 1596 3928 αὐτῷ
1621 3879 1733 3915 τισι
1765 3865 1862 3917 καὶ

265 3954 519 4026 μάλιστα
541 3955 654 4018 τοῖς
669 3953 767 4015 τὰς
797 3952 1176 4024 ὑπερηφάνους
1209 3951 1274 4028 [Ρ
1333 3953 1421 4026 18]
1455 3955 1702 4008 διέπουσι
1729 3956 1861 4009 δυσ-

267 4047 554 4119 μεναίνων
595 4046 793 4118 ἀρχὰς,
845 4045 1020 4117 δράσῃ
1050 4063 1106 4102 τι
1139 4048 1234 4100 καὶ
1279 4044 1448 4118 ἄχαρι
1493 4050 1609 4112 τοῖς
1660 4047 1764 4102 ἀνὰ
1802 4050 1862 4102 τὸ

261 4140 580 4205 Βυζάντιον
606 4139 779 4201 οἴκοις
805 4139 1007 4194 αὐτῶν.
1037 4138 1257 4209 ’Δμέλει
1291 4139 1388 4194 καὶ
1417 4140 1719 4196 ἐσκέπτετο
1742 4141 1861 4206 πῶς

261 4233 340 4287 ἂν
365 4231 673 4303 ἀμηχάνως
705 4231 868 4301 τῆσδε
903 4231 1003 4300 τῆς
1030 4230 1400 4302 ἐγχειρήσεως
1429 4231 1738 4300 ἀπαγαγεῖν
1765 4235 1864 4288 αὑ-

1959 3216 2156 3284 tempto
2187 3215 2596 3269 custodiendum
2630 3213 2974 3280 incluserint,
3025 3214 3189 3270 subiit
3238 3215 3377 3268 illius
3414 3215 3535 3267 ani-

1962 3323 2105 3361 mmn
2161 3305 2435 3375 cogitatio,
2483 3321 2548 3360 ne
2598 3307 2726 3377 quid
2781 3316 2984 3360 temere
3028 3307 3430 3360 sebastocrator
3481 3305 3535 3357 in

1960 3399 2219 3470 quosdam
2262 3399 2351 3468 qui
2382 3415 2502 3454 eum
2536 3412 2600 3454 eo
2631 3406 2812 3461 erant,
2865 3407 2919 3452 et
2949 3397 3268 3453 illustriores
3311 3413 3539 3466 praeser-

1967 3495 2084 3557 tim,
2117 3494 2464 3560 ipsorumquc
2521 3490 2664 3547 aedes
2724 3491 3062 3545 decerneret.
3115 3491 3322 3544 Anxius
3378 3491 3542 3558 igitur

1965 3603 2073 3658 quo
2138 3594 2297 3656 pacto
2353 3582 2578 3639 fratrem
2643 3582 2710 3639 ab
2768 3583 2872 3638 lioc
2927 3582 3155 3638 consilio
3219 3583 3538 3647 dimoveret,

1966 3679 2180 3733 tandem
2243 3676 2452 3730 libellos
2513 3674 2829 3746 Byzantium
2881 3675 3093 3729 mittere
3143 3675 3402 3738 decrevit,
3450 3673 3540 3741 qui

1964 3770 2214 3827 homines
2248 3767 2582 3822 damnationi
2619 3767 2966 3835 subiicerent,
2995 3781 3165 3835 eoque
3203 3766 3321 3835 ipso
3369 3765 3540 3818 bono-

1966 3878 2084 3918 rum
2139 3877 2202 3915 ac
2252 3860 2653 3928 possessionum
2698 3859 2910 3930 jactura
2947 3858 3053 3928 32
3087 3858 3399 3912 multarent.
3450 3857 3543 3910 Sit:

1965 3956 2108 4011 enim
2157 3953 2397 4008 futurum
2430 3959 2516 4006 est
2545 3951 2766 4021 (inquit)
2795 3958 2852 4004 ut
2878 3967 2974 4006 sua
3021 3951 3188 4020 ipsius
3215 3966 3376 4005 causa
3423 3949 3543 4004 illos

1966 4050 2226 4103 adversus
2277 4046 2576 4116 principem
2615 4044 2840 4099 insidias
2867 4044 3079 4098 molitos
3111 4054 3260 4097 ratus
3289 4045 3541 4098 sebastoo

1967 4151 2153 4197 crater
2180 4153 2268 4194 res
2313 4154 2499 4192 eorum
2531 4137 2856 4193 domesticas
2899 4147 3182 4191 conservet
3211 4135 3540 4204 diligentius,

1968 4251 2076 4307 quo
2103 4235 2250 4303 ipsos
2279 4233 2331 4285 in
2359 4247 2483 4284 suas
2515 4236 2696 4300 partes
2726 4228 2993 4284 traducat.

259 4327 363 4380 τδν
400 4327 637 4394 γένοιτο.
683 4322 889 4377 Ἐδόκει
933 4321 1112 4376 τθίνυν
1152 4321 1299 4393 αὖτῷ
1328 4321 1528 4393 τόμους
1588 4324 1648 4386 ἐς
1702 4325 1998 4394 Βυζάντιον
2027 4322 2309 4394 ἐκπέμψαι
2339 4321 2401 4391 (i)
2457 4319 2788 4372 καθοσιώσει
2830 4316 2989 4387 δῆθεν
3016 4318 3138 4382 τοὺς
3181 4318 3378 4388 ἄνδρας
3407 4319 3544 4372 καθ-

260 4415 683 4480 υποϐάὶλοντας
754 4414 1062 4487 χρημάτων
1098 4431 1158 4467 τι
1201 4414 1292 4468 διὰ
1346 4415 1505 4468 τοῦτο
1575 4417 1672 4470 καὶ
1746 4422 2046 4493 κτημάτων
2093 4414 2404 4471 ἐκπτώσεσι
2455 4411 2814 4482 ζημιοῦντας.
2878 4411 3037 4465 Οὕτω
3093 4413 3202 4482 γὰρ
3255 4405 3540 4480 (ἔφασκεν)

261 4509 419 4582 ὑπὲρ
444 4509 616 4565 αὑτοῦ
645 4509 913 4580 βασιλέως
937 4507 1036 4580 τὴν
1053 4508 1345 4582 ἐπιϐουλὴν
1372 4511 1844 4582 ποιήσασθαιτοὺς
1884 4517 2083 4586 ἄνδρας
2128 4509 2444 4580 ὑπειληφὼς
2481 4509 2508 4561 ό
2558 4507 3025 4577 σεϐαστοκράτωρ
3090 4506 3158 4559 τὰ
3192 4507 3331 4558 οἴκοι
3403 4525 3530 4558 συν-

261 4603 508 4675 τηρήσει
537 4601 744 4671 μᾶλλον
771 4602 981 4668 αὐτοῖς,
1023 4601 1092 4655 ἶν’
1134 4602 1231 4656 ἐπὶ
1260 4601 1426 4656 πλέον
1467 4603 1564 4674 ἔχῃ
1598 4604 1734 4676 πρὸς
1775 4605 1991 4661 εὔνοιαν
2024 4605 2224 4668 αὐτοὺς
2263 4598 2625 4655 ἐπισπᾶσθαι.

344 4697 414 4769 β’.
479 4696 625 4751 Ἀλλ’
671 4692 742 4768 ἦν
786 4698 894 4770 ἄρα
923 4697 993 4752 τά
1022 4699 1090 4768 τῇ
1122 4696 1354 4770 προνοίᾳ
1399 4698 1657 4767 καθάπαξ
1707 4703 1844 4756 δεδοο

2029 4704 2082 4756 2.
2119 4701 2411 4756 Enimvero
2441 4716 2560 4768 quae
2594 4698 2762 4752 semel
2798 4698 2977 4752 divina
3012 4695 3353 4750 Providentia
3380 4712 3543 4752 cons-

261 4791 456 4860 γμένα
482 4789 831 4862 δυσανάλυτα.
871 4789 1049 4860 πάντη
1087 4791 1183 4845 καὶ
1229 4789 1512 4861 λογισμοῖς
1546 4791 1852 4865 ἀνθρώπων

264 4880 769 4935 δυσεπιϐούλευτα.
806 4879 866 4934 Ὀ
905 4879 1006 4951 μὲν
1037 4881 1146 4952 γὰρ
1172 4881 1346 4935 ταῦτα
1380 4883 1606 4949 ἐνενόει,
1628 4885 1856 4948 καὶτοῖς

266 4974 408 5045 περὶ
439 4973 606 5028 αὑτὸν
640 4973 705 5027 δὲ
740 4974 836 5043 ήδη
869 4974 970 5044 τὴν
1003 4971 1198 5044 βουλὴν
1237 4971 1638 5039 ἐξεκάλυπτεν·
1680 4978 1856 5031 ἰιαα-

266 5065 432 5129 κίους
492 5063 552 5118 δέ
605 5064 953 5136 ἀμφοτέρους
999 5065 1093 5118 τὸν
1144 5064 1246 5136 μέν
1283 5065 1343 5118 τὸ
1376 5069 1624 5137 σεμνείον
1668 5069 1856 5140 ἐτήρει

1966 4798 2130 4861 tituit,
2171 4795 2317 4850 nullo
2345 4794 2502 4849 modo
2536 4793 2758 4847 cciivelli
2804 4807 2975 4860 neque
3004 4791 3281 4845 hominum
3317 4793 3542 4862 argutiis

1961 4889 2130 4944 everti
2167 4895 2415 4956 possunt.
2449 4883 2580 4938 Nam
2607 4885 2693 4938 ille
2727 4883 2944 4951 quidem
2976 4882 3282 4952 liujusmudi
3315 4884 3539 4936 consilia

1962 4978 2222 5049 agitabat,
2257 4975 2444 5046 etiam
2481 4991 2602 5029 cum
2635 4977 2750 5031 suis
2785 4973 3261 5039 communicabat;
3306 4973 3544 5029 lsaacins

1965 5078 2146 5123 autem
2181 5077 2409 5138 uterque
2440 5066 2494 5122 in
2529 5067 2755 5121 vinculis
2783 5064 3108 5131 habebatur,
3138 5064 3276 5120 alter
3299 5066 3548 5135 quidem,

1637 5182 1732 5244 Du
1771 5183 1994 5261 Cangii
2033 5193 2223 5247 notas.

341 5304 459 5378 (5|)
514 5300 963 5374 ὡμολογημένα.
1019 5303 1153 5361 Vide
1217 5312 1330 5360 not.
1393 5302 1462 5359 ad
1507 5305 1680 5359 Annae
1733 5320 1792 5375 p.
1831 5305 1936 5361 553
1989 5304 2055 5362 Α.

1553 5423 1841 5489 Cornelii
1875 5425 2068 5489 Tollii
2093 5429 2282 5488 notae.

348 5555 408 5625 (ἱ)
479 5552 707 5625 Τόμους
721 5552 789 5616 ἐς
833 5547 1164 5625 Βυζάντιον
1180 5549 1502 5625 ἐκπέμψαι.
1549 5548 1840 5625 [familiare

1963 5551 2093 5606 iulia
2149 5564 2344 5625 aurea,
2380 5563 2497 5625 qua
2540 5549 2879 5625 monasteria
2932 5545 3232 5625 Byzantina
3267 5551 3540 5625 ipsosque-

264 5619 500 5681 verbum
531 5619 799 5692 Cinname
831 5623 930 5677 hac
967 5619 1393 5692 signiﬁcatione,
1427 5637 1545 5690 pag.
1577 5621 1642 5674 57
1678 5638 1690 5673 :
1745 5624 1842 5675 Ὃν
1951 5624 2250 5676 monachos
2313 5621 2488 5675 litium
2540 5619 2754 5686 injuriis
2801 5623 3041 5692 exemit:
3077 5621 3189 5692 Τὴν
3218 5623 3403 5691 μέντοι
3429 5621 3544 5676 8w-

265 5696 601 5750 ἐπικόλπιον
630 5689 744 5764 εἶχε
766 5694 958 5765 τόμον,
1017 5689 1260 5765 chartam
1292 5689 1448 5765 quam
1467 5694 1585 5765 sinu
1605 5691 1839 5765 abditam

1963 5695 2094 5761 ρεὰν
2125 5695 2218 5746 καὶ
2248 5692 2408 5765 τόμιρ
2429 5692 2734 5765 ἐστήριξεν,
2780 5693 2850 5765 ὃν
2891 5690 2983 5745 ἅτε
3015 5691 3200 5761 χρυσῷ
3220 5690 3551 5765 ίένπεσημα-

266 5769 498 5839 gerebat.
555 5762 714 5821 Circa
749 5762 908 5820 linem
949 5763 1067 5818 libri
1120 5765 1294 5833 quarti
1355 5763 1426 5819 De
1460 5763 1755 5817 donatione
1786 5775 1840 5819 et

1963 5765 2168 5834 τμένον,
2208 5762 2569 5836 χρυσόϐουλον
2615 5763 2734 5828 ἔθος
2769 5763 2952 5818 καλεῖν
2985 5766 3154 5818 ἐστιν.
