4008 6170
528 268 635 337 3⁷67

1807 263 2134 330 JOANNIS
2171 267 2504 330 CINNAMI

3697 267 3809 332 368

528 405 654 444 cum
711 385 779 441 iis
826 381 1026 440 collato
1078 383 1213 455 pede
1261 379 1520 454 prmliari,
1566 381 1709 452 quod
1766 382 1882 454 ipse
1935 383 2095 436 adhuc

2218 382 2312 435 καὶ
2337 379 2641 450 ἐσφάδαζεν
2666 379 2755 436 ἐπ’
2779 380 2979 444 αὐτοὺς
3006 381 3148 436 ίέναι
3173 397 3188 414 ·
3211 380 3362 445 ὅπως
3386 379 3575 452 μέντοι
3600 380 3677 453 μὴ
3711 385 3810 438 at:

526 480 761 536 distaret
796 475 1008 547 procul,
1041 477 1260 532 tandem
1300 476 1356 532 id
1393 474 1849 532 comminiscitur.
1880 473 2114 546 Pupacae

525 573 784 643 imperat,
823 580 882 626 ut
933 569 1117 627 Persis
1169 570 1459 625 accederet
1515 584 1681 641 quam
1734 569 2007 638 proxime,
2058 577 2113 624 et

522 664 690 722 simul
725 679 792 720 ac
819 663 944 720 lllos
986 672 1242 720 cerneret
1274 662 1559 729 advenire,
1596 661 1777 732 fugam
1818 662 2108 732 arriperet,

522 773 624 815 nec
659 756 972 821 desisteret,
1008 754 1187 810 donec
1243 754 1346 812 sibi
1393 755 1804 823 adiungeretur.
1855 753 2108 808 Mandata

523 853 617 907 ille
672 858 991 914 exsecutus,
1043 846 1303 904 Barbarie
1357 844 1799 918 insequentibus,
1850 847 2108 918 paulatim

522 941 716 1008 cessit,
778 957 886 997 non
945 950 1127 996 tamen
1183 941 1255 995 ita
1305 941 1600 996 maturavit
1654 940 1860 1011 fugam,
1918 949 1979 994 ut
2027 941 2106 992 sui

519 1034 827 1104 attingendi
874 1046 1024 1102 spem
1061 1031 1378 1103 prmriperet
1422 1028 1710 1095 hostibus';
1752 1046 1874 1086 cum
1909 1045 2038 1084 vero
2072 1030 2107 1083 ii

503 1127 734 1190 ,iraudis
785 1123 955 1181 nescii
1004 1125 1072 1179 ad
1120 1122 1837 1194 impcratoremﬂgusque
1881 1121 2110 1177 fuissent

514 1220 808 1287 puzrtracti,
861 1216 996 1272 nihil
1049 1215 1174 1271 inde
1230 1227 1408 1269 tamen
1451 1230 1516 1269 ex
1553 1216 1737 1269 animo
1781 1215 1870 1269 ille
1909 1229 2106 1270 conse'

519 1322 683 1367 cutus
723 1321 827 1364 est.
884 1307 1006 1379 Ipso
1053 1311 1252 1380 quippe
1303 1309 1707 1372 animadverso,
1748 1308 1934 1362 statim
1971 1308 2110 1379 fugat

524 1421 589 1460 se
623 1405 845 1460 dedere.
901 1400 1026 1457 Mox
1062 1401 1301 1471 adjuncti
1348 1401 1745 1472 quinquaginta
1797 1401 1920 1455 aliis
1976 1403 2107 1454 sub-

519 1498 900 1567 sequentibus,
956 1509 1187 1549 numero
1244 1493 1480 1557 confisi,
1540 1493 1830 1549 consilium
1885 1494 2108 1564 capiunt

512 1590 848 1663 opperiundi
884 1586 1255 1658 imperatoris.
1292 1587 1410 1651 Ille,
1441 1588 1545 1642 etsi
1577 1586 1810 1642 comites
1848 1595 1906 1641 ut
1938 1587 2108 1658 pluri-

521 1700 671 1740 mum
724 1682 942 1738 facinus
979 1681 1355 1750 improbarent
1387 1695 1555 1749 seque
1600 1678 1869 1734 dictarent
1914 1678 2106 1750 procul

513 1786 761 1834 semotus
797 1777 866 1829 ab
902 1775 1175 1839 exercitu,
1209 1783 1388 1827 tamen
1428 1772 1565 1827 laxis
1605 1771 1854 1834 habenis,
1889 1787 1954 1827 ne
1981 1779 2105 1826 tan-

508 1870 694 1926 ‘tillum
749 1867 972 1940 quidem
1034 1879 1317 1932 moratus,
1382 1865 1712 1936 insequitur.
1774 1863 2103 1934 Aliquandiu

513 1963 741 2034 quidem
776 1961 939 2016 etiam
979 1960 1386 2016 sebastocrator
1421 1957 1521 2028 ipsi
1559 1957 1747 2012 aderat
1773 1967 1826 2011 et
1850 1973 1952 2011 una
1978 1972 2102 2013 eum

511 2071 586 2112 eo
635 2056 907 2126 fugientes
961 2052 1147 2109 hostes
1218 2067 1360 2122 equo
1399 2062 1587 2108 vectus
1616 2050 1963 2120 sequebatur.
2000 2047 2103 2105 Ubi

513 2162 649 2207 vero
684 2147 916 2218 fatigato
942 2145 1054 2217 jam
1085 2159 1226 2214 equo
1255 2159 1482 2214 pergere
1506 2144 1734 2199 ulterius
1764 2159 1874 2197 non
1902 2150 2100 2213 potest,

507 2242 863 2312 despondens
919 2239 1161 2293 animum
1215 2238 1501 2308 saluteque
1557 2235 1959 2306 quodammodo
2006 2236 2103 2290 de-

513 2344 758 2406 sperata,
796 2333 1024 2386 fratrem
1061 2330 1338 2393 obsecrat,
1379 2327 1676 2397 uxorisque
1706 2342 1770 2381 ac
1805 2326 2100 2382 liberorum

503 2439 702 2479 curam
757 2421 958 2476 habeat
1014 2420 1284 2475 hortatur.
1318 2419 1388 2472 At
1419 2419 1508 2474 ille
1559 2432 1892 2473 succensens
1945 2415 2101 2472 fratri

510 2518 964 2586 exprobrausque
1004 2522 1202 2568 metum
1238 2529 1252 2567 :
1289 2530 1310 2564 ι
1342 2503 1572 2577 Frater,
1628 2511 1846 2580 inquit,
1891 2511 2103 2566 cbaris-

506 2607 678 2673 sitne,
716 2622 874 2663 mene
899 2605 1029 2661 dum
1075 2613 1360 2675 superstes
1406 2603 1482 2658 sis
1515 2603 1823 2658 existimam
1852 2604 1953 2659 sub
1991 2618 2103 2659 ma-

515 2703 680 2759 nibus
736 2710 788 2757 te
837 2700 1079 2775 hostium
1131 2697 1497 2753 relicturum?
1533 2697 1680 2764 noli,
1729 2711 1935 2766 quaeso,
1989 2704 2099 2751 tam

513 2795 739 2865 indigne
769 2792 838 2848 de
871 2808 958 2849 me
989 2802 1084 2847 aut
1113 2790 1344 2858 sentire,
1390 2800 1484 2845 aut
1512 2790 1682 2860 loqui.
1723 2808 1742 2841 ι
1795 2790 1932 2844 Tum
1961 2789 2050 2845 ille
2080 2807 2097 2848 :

516 2909 538 2943 ε
565 2888 726 2946 Hane
764 2887 953 2958 igitur,
981 2886 1078 2952 ait,
1137 2884 1311 2940 donec
1357 2893 1534 2938 tecum
1587 2881 1865 2938 Barbaros
1905 2899 2100 2954 aggre-

513 2983 658 3039 diar.
693 2997 714 3034 ι
749 2978 1054 3050 Imperator
1085 2987 1268 3032 autem
1299 2991 1316 3031 :
1350 2995 1369 3030 ι
1413 2976 1541 3032 Post
1575 2975 1769 3030 initum
1811 2976 2054 3046 praelium
2077 3014 2093 3041 ,

2217 473 2573 544 εὐζωνότεροι
2651 474 2806 538 δντες
2862 473 3169 546 ἀποδρᾶναι
3220 475 3497 544 δυνηθεῖεν
3561 475 3644 547 (οὐ
3698 477 3814 548 γὰρ

2215 563 2363 638 εἶχεν
2389 569 2453 621 ἐκ
2478 567 2574 622 τοῦ
2604 568 2792 638 σχεδὸν
2818 567 3004 623 αὐτῶν
3043 567 3500 623 καθιππάσασθαι
3531 569 3811 640 ἀπωτέρω

2215 663 2299 716 ἔτι
2323 661 2542 732 ἑστώς),
2588 664 2770 716 τοιάδε
2806 662 2930 716 τινὰ
2968 663 3196 718 ἐνενόει.
3255 662 3510 715 Ἐκέλευε
3539 662 3634 716 τὸν
3664 663 3812 716 Που-

2214 758 2400 826 πάκην
2427 756 2658 826 ἔγγιστα
2683 756 2864 810 αὐτῶν
2893 755 3180 825 γεγονότα,
3209 755 3428 808 ἐπειδὰν
3469 757 3812 827 προσιόντων

2212 849 2482 913 αῐσθοιτο,
2535 849 2762 918 φεύγειν
2801 849 3034 919 δυνάμει
3073 850 3138 919 τῇ
3181 848 3332 919 πάσῃ
3377 848 3482 911 ἕως
3539 847 3642 920 ἤδη
3680 848 3812 916 παρ’

2211 943 2379 1000 αὐτὸν
2445 943 2679 1012 γένοιτο.
2746 945 2805 997 'O
2863 943 2962 1013 μὲν
3022 937 3118 996 οὖν
3177 941 3320 994 κατὰ
3377 940 3441 993 τὸ
3513 939 3812 992 κελευσθὲν

2216 1034 2418 1096 ἐποίει,
2455 1035 2579 1087 ἐπεί
2617 1052 2675 1087 τε
2705 1033 2997 1088 διώκεσθαι
3030 1033 3167 1106 πρὸς
3205 1033 3316 1086 τῶν
3358 1030 3664 1103 Βαρϐάρων
3705 1032 3810 1101 ἡρ-

2212 1125 2342 1193 ξατο
2393 1127 2516 1198 ἤδη,
2579 1128 2778 1196 ἔφευγε
2834 1128 3060 1181 λοιπόν·
3115 1129 3179 1181 οὐ
3213 1131 3402 1195 μέντοι
3455 1129 3810 1182 παντάπασιν

2210 1220 2502 1290 κατετάχει
2524 1219 2616 1274 τὸν
2644 1221 2865 1291 δρόμον,
2894 1222 2982 1274 ἀεὶ
3009 1221 3065 1274 δὲ
3097 1220 3290 1274 ἐλπίδα
3322 1219 3415 1272 τοῦ
3443 1220 3808 1292 καταληφθή-

2213 1310 2405 1368 σεσθαι
2438 1312 2626 1380 σφίσιν
2653 1312 3107 1383 ἐμπαρεχόμενος
3138 1311 3334 1365 ἔλαθεν
3352 1311 3526 1374 οὕτως
3549 1307 3681 1384 ἆχρι
3707 1313 3809 1365 καὶ

2209 1405 2292 1467 εἰς
2330 1403 2557 1474 βασιλέα
2586 1403 2810 1462 τούτους
2841 1405 3334 1476 παρελκυσάμενος
3358 1421 3374 1437 ο
3402 1406 3464 1460 οὐ
3523 1406 3634 1476 μὴν
3677 1407 3804 1460 οὐδὲ

2208 1494 2285 1560 ὡς
2318 1495 2412 1550 τοῦ
2437 1497 2579 1551 κατά
2637 1497 2840 1550 σκοπὸν
2877 1497 3131 1566 βασιλεὺς
3166 1497 3380 1566 ἔτυχεν.
3435 1497 3657 1568 Ἐπειδὴ
3693 1498 3806 1570 γὰρ

2209 1589 2373 1644 αὑτὸν
2388 1584 2532 1644 εἶδον
2556 1591 2753 1645 θᾶττον
2770 1590 2804 1663 ἢ
2823 1591 2980 1660 λόγος
3001 1592 3445 1663 ἐξιππασάμενοι
3467 1591 3701 1664 ᾤχοντο’
3728 1591 3807 1657 ὠς

2207 1681 2267 1736 δὲ
2291 1683 2636 1753 πεντήκοντα
2655 1683 2866 1753 ἑτέροις
2892 1684 3123 1737 κατόπιν
3143 1685 3322 1738 αὐτῶν
3347 1684 3427 1738 ίοῦ
3437 1701 3490 1737 σι
3515 1684 3802 1753 συνῆλθον,

2205 1774 2286 1846 τῷ
2325 1774 2526 1846 πλήθει
2573 1775 2953 1848 θαρσήσαντες
2978 1775 3295 1844 ἐλογίζοντο
3323 1777 3426 1848 ήδη
3457 1777 3530 1840 ὼς
3565 1779 3802 1829 ἐπιόντα

2203 1866 2394 1921 τοῦτον
2418 1868 2878 1940 ὑποστησόμενοι.
2914 1869 2971 1922 ’0
2999 1869 3055 1924 δὲ
3080 1872 3261 1924 καίτοι
3291 1870 3463 1923 πολλά
3498 1869 3614 1922 τῶν
3663 1871 3802 1941 ἀμφ’

2206 1957 2377 2013 αὑτὸν
2406 1960 2508 2013 οὐκ
2563 1961 2934 2014 ἐπαινούντων
2975 1961 3038 2015 τὸ
3077 1962 3391 2035 ἐγχείρημα
3435 1962 3641 2028 (πολλῷ
3691 1966 3803 2030 γὲρ

2177 2052 2452 2120 ..ἔφασκον
2482 2052 2585 2126 ἤδη
2629 2052 2831 2106 ἄποθεν
2873 2050 2971 2105 τοῦ
3005 2054 3412 2126 στρατεύματος
3463 2052 3666 2116 αὐτοὺς
3709 2069 3803 2120 γε·

2209 2143 2523 2213 γενῆσθαι),
2559 2145 2702 2210 ὅλοις
2730 2145 2880 2218 ὅμως
2899 2145 3166 2216 ῥυτῆρσιν
3193 2146 3422 2201 ἐδίωκεν
3444 2147 3644 2201 οὐδένα
3675 2164 3804 2200 και-

2205 2236 2302 2305 ρδν
2359 2235 2555 2298 ἀνιείς.
2601 2236 2783 2308 Μέχρι
2833 2237 2934 2306 μὲν
2969 2232 3065 2291 οὖν
3126 2255 3272 2301 τινος
3309 2237 3612 2309 συμπαρῆν
3649 2237 3803 2308 αὖτῷ

2205 2327 2298 2381 καὶ
2322 2329 2350 2381 ὁ
2379 2326 2846 2401 σεϐαστοκράτωρ
2877 2331 2972 2384 καὶ
2994 2329 3368 2396 συνιππάζετο
3393 2348 3408 2363 ·
3459 2331 3588 2385 ἐπεὶ
3621 2330 3681 2386 δὲ
3701 2329 3802 2384 τοῦ

2206 2420 2379 2476 ἵππου
2417 2422 2520 2492 ήδη
2567 2421 2738 2475 αὑτοῦ
2796 2423 3146 2496 κεκμηκότος
3198 2424 3385 2479 οὐκέτι
3444 2424 3802 2496 προσώτερον

2203 2515 2406 2586 χωρεῖν
2449 2515 2702 2584 ἠδύνατο,
2764 2515 2930 2580 αὐτὸς
2973 2517 3074 2586 μὲν
3113 2516 3280 2572 αὑτοῦ
3339 2534 3443 2571 που
3491 2516 3801 2583 ἐλέλειπτο,

2202 2606 2302 2676 τήν
2333 2623 2392 2660 τε
2423 2607 2705 2677 σωτηρίαν
2745 2609 2849 2682 ἢδη
2881 2608 3160 2678 ἀπογνοὺς
3205 2609 3378 2662 πολλὰ
3422 2611 3515 2664 τὸν
3562 2609 3801 2678 ἀδελφὺν

2204 2700 2509 2770 παρεκάλει
2538 2702 2801 2770 γυναικός
2829 2718 2889 2754 τε
2924 2702 3017 2755 καὶ
3048 2701 3255 2756 παίδων
3280 2702 3541 2773 περὶτῶν
3569 2703 3798 2758 ἑαυτοῦ.

2213 2792 2273 2847 '0
2299 2793 2354 2847 δὲ
2381 2793 2532 2866 αὑτῷ
2561 2792 2664 2866 μὲν
2690 2795 2931 2867 ἐπετίμα
2969 2797 3066 2850 καὶ
3110 2794 3208 2866 τὴν
3236 2794 3537 2868 ὀλιγωρίαν
3579 2795 3800 2849 ὠνείδιο

2200 2886 2318 2953 ξεν,
2352 2883 2535 2956 «Εἶτα,
2558 2887 2754 2959 λέγων,
2776 2885 2821 2944 ὦ
2839 2889 3062 2958 φίλτατε
3090 2889 3306 2960 ἀδελφὲ,
3329 2890 3509 2955 ζῶντά
3536 2908 3605 2961 με
3638 2890 3799 2944 ὑπείο

2200 2978 2380 3050 ληφας
2407 2981 2513 3035 ὑπὸ
2539 2983 2661 3046 ταῖς
2689 2982 2800 3036 τῶν
2831 2983 3110 3054 πολεμίων
3147 3002 3204 3036 σε
3231 2983 3541 3037 λελοιπέναι
3585 2985 3754 3056 χερσί
3778 3003 3794 3052 ;

509 3075 713 3148 inquit,
747 3087 911 3146 quam
940 3071 1053 3128 cito
1089 3069 1238 3125 Deus
1277 3067 1492 3126 dederit
1521 3068 1587 3126 ad
1619 3079 1671 3126 te
1701 3069 1905 3125 redibo.
1937 3067 2095 3124 Nunc

2200 3074 2294 3146 Μὴ
2331 3073 2396 3128 σύ
2425 3091 2512 3144 γε’
2547 3075 2625 3148 μὴ
2649 3074 2826 3139 οὕτως
2847 3077 3082 3144 ἀναξίως
3114 3078 3310 3132 ἑαυτοῦ
3359 3081 3454 3132 καὶ
3482 3081 3674 3150 φρόνει
3697 3080 3798 3133 καὶ

509 3174 730 3244 quidem
783 3170 889 3226 alia
948 3167 1133 3225 animo
1185 3167 1571 3230 obversantur,
1621 3179 1686 3219 ac
1738 3163 1928 3219 nescio
1977 3177 2099 3232 quae

509 3264 761 3338 praeclari
795 3263 1101 3332 cuiuspiam
1141 3259 1338 3316 edendi
1384 3257 1646 3313 facinoris
1702 3271 1788 3312 me
1841 3263 1986 3311 tenet
2034 3257 2098 3310 li-

514 3361 718 3417 bide.»
779 3355 879 3413 llis
936 3356 1164 3411 fratrem
1224 3353 1500 3407 allocutus
1558 3351 1721 3406 irruit
1778 3349 1830 3403 in
1888 3350 2093 3405 hostes.

510 3457 690 3524 Atque
723 3452 815 3508 ille
851 3459 964 3506 tum
999 3464 1160 3504 casus
1192 3445 1510 3516 imperatori
1549 3443 1770 3500 obvenit
1801 3460 1814 3500 :
1842 3445 1933 3514 qui
1965 3458 2096 3498 vero

507 3549 566 3605 in
616 3547 853 3612 insidiis,
890 3545 966 3599 uti
1003 3541 1454 3603 memoravimus,
1492 3539 1653 3609 positi
1693 3547 1870 3604 erant,
1901 3551 2093 3605 quem-

500 3643 633 3699 dam
673 3656 705 3696 e
758 3637 1104 3710 magnatibus
1158 3634 1468 3691 Cotertzcm
1525 3629 1746 3690 nomine
1801 3629 2092 3684 confestim

507 3738 732 3792 mittunt
766 3732 874 3804 50
904 3732 997 3804 qui
1030 3729 1407 3784 sciscitaretur
1435 3740 1597 3796 quem
1633 3725 1837 3781 exitum
1873 3723 2095 3778 habuis-

495 3840 631 3885 sent
660 3829 728 3882 ab
763 3829 1093 3895 imperatore
1125 3829 1352 3875 tentata.
1380 3817 1586 3874 Verum
1623 3820 1765 3873 hunc
1796 3817 2090 3887 imperator

505 3924 574 3978 ad
610 3935 706 3975 eos
742 3933 934 3974 rursus
966 3915 1218 3979 missum,
1272 3927 1435 3984 quam
1470 3913 1579 3967 cito
1621 3911 1785 3981 jussit
1827 3910 2089 3968 celerare.

503 4016 932 4083 Praztergressus
974 4008 1068 4064 ille
1121 4007 1463 4077 adjacentem
1516 4005 1750 4070 collem,
1804 4003 1997 4058 incidit
2037 4003 2090 4057 in

499 4124 697 4180 agmen
745 4105 1027 4162 Persicum
1069 4102 1300 4158 militum
1351 4105 1793 4172 quingentorum.
1846 4098 1990 4169 quod
2058 4112 2088 4153 a

501 4212 655 4273 tergo
672 4201 813 4256 haud
845 4197 1033 4270 procul
1058 4212 1184 4253 cum
1214 4195 1469 4252 universa
1509 4194 1628 4249 acie
1655 4192 2092 4262 subsequebatur

494 4299 781 4354 sultauus.
838 4292 951 4349 llos
1004 4301 1064 4347 ut
1112 4291 1275 4357 vidit,
1331 4290 1538 4346 directa
1596 4289 1779 4344 statim
1823 4288 1978 4341 basta
2033 4287 2088 4342 in

2201 3168 2352 3237 λέγε.
2382 3187 2402 3221 ι
2440 3169 2548 3223 Τοῦ
2578 3169 2646 3238 δ’,
2676 3192 2696 3223 σ
2731 3171 2894 3226 Ἀλλά
2923 3173 3030 3226 κάν
3059 3175 3242 3243 μεῖνον
3273 3173 3405 3242 γοῦν
3434 3173 3509 3236 ὡς
3559 3174 3795 3244 συνέψο-

2201 3263 2302 3334 μαί
2326 3280 2407 3316 σοι
2437 3263 2536 3334 τὴν
2555 3264 2646 3317 ἐπὶ
2676 3269 2805 3330 τοὺς
2827 3266 3148 3337 Βαρὸἁρους
3187 3267 3373 3333 ίόντι,ι
3402 3266 3795 3337 προστιθέντος

2198 3359 2312 3422 τοῖς
2344 3355 2548 3426 λόγοις,
2581 3374 2600 3410 t
2625 3359 2781 3413 Μετά
2803 3359 2900 3430 τὴν
2930 3360 3279 3430 συμπλοκὴν,
3311 3379 3329 3412 ι
3375 3360 3504 3431 ἔφη,
3543 3379 3561 3412 ι
3593 3361 3794 3415 θᾶττον

2196 3446 2265 3516 ἢν
2304 3445 2430 3517 διδῷ
2490 3447 2643 3513 Θεὸς,
2675 3448 2772 3504 ἐπὶ
2811 3449 2870 3502 σέ
2900 3448 3045 3520 ἦξωο
3076 3450 3154 3512 ὼς
3181 3448 3278 3503 νῦν
3315 3467 3379 3519 γε
3410 3452 3547 3522 πρὸς
3575 3452 3793 3520 ἑτέροις

2197 3539 2288 3593 τὸν
2319 3540 2444 3594 νοῦν
2473 3541 2604 3611 ἔχω,
2633 3541 2727 3595 καί
2762 3558 2829 3613 με
2867 3545 2899 3610 ή
2937 3542 3033 3597 τοῦ
3066 3543 3562 3615 ἀνδραγαθίζεσθαι
3594 3546 3792 3602 ἐπιθυ-

2199 3632 2298 3702 μία
2349 3633 2540 3698 δεινῶς
2603 3636 2695 3704 ἐφ’
2764 3637 2966 3708 ἐαυτὴν
3019 3636 3190 3693 ἕλκει.
3223 3657 3243 3690 ι
3297 3638 3464 3693 Ταῦτ’
3499 3639 3674 3694 εἰπὼν
3709 3640 3792 3712 τῷ

2196 3724 2412 3796 ἀδελφῷ
2449 3725 2545 3798 τὴν
2581 3729 2674 3780 ἐπὶ
2701 3728 2826 3791 τοὺς
2855 3729 3152 3799 πολεμίους
3175 3730 3430 3802 ἧλαυνεν.
3455 3732 3566 3786 Καὶ
3589 3733 3658 3786 τὰ
3685 3736 3790 3802 μὲν

2198 3818 2343 3872 κατὰ
2363 3818 2455 3871 τὸν
2490 3818 2717 3888 βασιλέα
2739 3822 2865 3892 τῇδε
2897 3821 3156 3892 ἐφέροντο
3181 3837 3195 3851 ·
3253 3823 3304 3876 oi
3337 3823 3494 3877 δ’ἐπὶ
3540 3823 3650 3876 τῶν
3692 3823 3791 3878 λόο

2195 3924 2331 3980 χων,
2361 3909 2615 3981 καθάπερ
2685 3912 2924 3981 εἴρηται,
2951 3914 3278 3984 τεταγμένοι
3331 3914 3438 3968 τῶν
3471 3915 3576 3970 ἐπὶ
3625 3915 3789 3986 δόξης

2193 4003 2314 4055 τινὰ
2329 4000 2618 4073 ἐπίκλησιν
2633 4003 2943 4074 Κοτέρτζην
2961 4004 3066 4076 ὅπη
3093 4005 3222 4058 ποτὲ
3239 4003 3411 4075 τύχης
3436 4005 3562 4077 ἔσχε
3583 4004 3786 4079 [P.QS)

2192 4093 2265 4148 τὰ
2310 4093 2454 4148 κατά
2471 4095 2564 4147 τὸν
2596 4095 2826 4166 βασιλέα
2854 4096 3051 4167 μαθεῖν
3084 4101 3288 4170 σπουδῇ
3323 4100 3602 4171 ἔπεμψαν.
3638 4101 3786 4155 Ἀλλ’

2191 4184 2358 4240 αὑτὸν
2413 4184 2513 4255 μὲν
2562 4184 2819 4256 βασιλεὺς
2875 4184 3036 4252 αὖθις
3097 4189 3185 4243 ἐπ’
3237 4192 3484 4255 ἐκείνους
3533 4192 3787 4260 ἐπεμψεν

2193 4278 2352 4346 ἣκειν
2415 4277 2516 4350 τὴν
2562 4280 2828 4352 ταχίστην
2893 4282 3158 4346 κελεύσας
3190 4282 3414 4347 αὐτούς.
3469 4283 3528 4337 '0
3566 4284 3625 4338 δὲ
3654 4287 3784 4356 ἄρτι

500 4392 692 4448 hostes
729 4388 839 4441 ruit
871 4386 1165 4455 pluresque
1200 4382 1418 4439 fortiter
1447 4380 1759 4438 dimicando
1794 4381 1846 4433 iu
1886 4390 2085 4434 terram

2198 4369 2386 4440 βουνόν
2441 4388 2564 4425 τινα
2621 4372 3036 4445 παρακείμενον
3085 4375 3311 4428 διελθὼν
3365 4375 3472 4445 ὅλῳ
3523 4377 3783 4449 Περσικῷ

503 4429 692 4448 ...ωηο
731 4429 839 4441 η...
871 4429 1165 4455 puum,"
1200 4429 1408 4439 --.-.---
1450 4429 1754 4438 _.-----_--_-

489 4481 822 4552 prosternit.
879 4476 1116 4531 Tantum
1172 4475 1383 4531 facinus
1438 4475 1695 4530 admirati
1751 4472 1848 4538 illi,
1901 4471 2084 4526 nescio

2198 4464 2513 4534 ἐντυγχάνει
2563 4429 2939 4536 στρατεύματι
2998 4466 3055 4530 ἐς
3100 4429 3497 4531 πεντακοσίους
3535 4429 3782 4539 μάλιστα

491 4590 610 4645 quo
643 4583 875 4643 stupore
931 4568 1169 4642 perculsi
1227 4575 1374 4625 sunt.
1428 4568 1637 4622 interea
1678 4565 1807 4621 dum
1845 4566 1956 4619 haec
1988 4579 2085 4633 ge-

474 4677 721 4731 .-.runtur,
765 4664 876 4736 jam
915 4677 1100 4732 prope
1157 4661 1637 4731 conspiciebantur
1695 4659 1883 4713 accitae
1925 4658 2085 4727 jussu

489 4759 847 4830 imperatoris
876 4757 1271 4819 Romanorum,
1308 4769 1429 4825 qua;
1459 4754 1757 4816 latuerant,
1793 4761 1854 4806 ut
1879 4753 2083 4806 dictum

498 4862 624 4917 est,
682 4851 734 4904 in
768 4847 1002 4913 insidiis,
1039 4846 1243 4916 copia},
1296 4860 1431 4914 quas
1482 4854 1768 4914 postquam
1800 4850 2085 4906 advertere

482 4941 680 4997 Persa:
725 4948 933 5010 partem
983 4938 1255 4991 exercitus
1288 4935 1601 5006 imperatori
1639 4935 1693 4988 iu
1745 4943 1952 5002 tergum
1982 4934 2084 4986 im-

499 5034 722 5087 mittunt
744 5045 973 5100 eantque
999 5040 1057 5082 ut
1079 5029 1439 5082 adventantes
1460 5024 1739 5079 Romanos
1767 5023 2084 5092 prohiberet

474 5125 706 5198 jubent.
733 5123 853 5180 Jam
881 5123 1029 5177 enim
1065 5119 1208 5176 intra
1246 5120 1381 5175 retia
1411 5118 1730 5174 conclusum
1764 5117 1915 5171 illum
1963 5129 2082 5171 esse

473 5217 923 5275 «arbitrabantur.
955 5216 1089 5271 Dum
1123 5214 1360 5270 suas-sic
1390 5221 1726 5282 componunt
1769 5211 1938 5278 acies,
1976 5209 2082 5263 im-

480 5322 713 5386 perator
765 5309 955 5366 deﬁxa:
1019 5310 1075 5364 iu
1116 5317 1316 5363 terram
1369 5309 1540 5363 hasta:
1589 5305 1833 5366 innixus,
1881 5304 1974 5358 dat
2023 5304 2078 5358 in

493 5405 766 5463 mandatis
806 5403 1060 5475 Pupacae,
1095 5403 1188 5473 qui
1225 5410 1338 5458 tum
1375 5400 1477 5472 ipsi
1507 5399 1722 5462 aderat,
1759 5407 1818 5453 ut
1858 5407 2081 5453 curaret

491 5501 720 5567 sedulo,
784 5513 852 5554 ne
905 5499 1182 5554 Romanos
1241 5512 1272 5551 a
1323 5495 1576 5566 proximo
1632 5496 1772 5551 colle
1824 5502 2077 5547 arcerent

483 5590 670 5649 Persa
701 5609 718 5648 :
755 5590 828 5647 ita
861 5591 1064 5661 quippe
1096 5588 1237 5654 fore,
1271 5600 1332 5644 ut
1368 5588 1549 5643 omnis
1599 5588 1705 5642 sibi
1742 5585 2075 5642 interclude-

486 5693 641 5743 retur
666 5684 866 5740 exitus.
902 5682 1012 5738 Sed
1037 5683 1181 5738 enim
1213 5679 1461 5751 Pupaees
1492 5681 1780 5736 consilium
1811 5671 2074 5747 respuens

475 5778 832 5851 imperatoris
864 5794 880 5834 :
911 5798 930 5832 ι
965 5776 1186 5846 Desine,
1209 5775 1406 5848 inquit,
1435 5776 1871 5846 desiue3n0nne
1899 5775 2072 5841 vides,

2193 4557 2590 4628 ξυνισταμένῳ,
2638 4549 2702 4610 οὗ
2755 4561 2986 4612 κατόπιν
3042 4559 3103 4613 οὐ
3164 4559 3348 4630 πολλῷ
3395 4559 3599 4614 ἄποθεν
3636 4578 3779 4616 παν-

2192 4652 2384 4723 στρατὶ
2419 4652 2447 4704 δ
2482 4651 2709 4704 σουλτὰν
2756 4653 3055 4722 ἐπορεύετο
3100 4652 3256 4724 Ἀμα
3300 4671 3360 4707 τε
3400 4650 3496 4709 οὖν
3543 4647 3653 4708 εἶδε
3681 4655 3778 4707 καὶ

2187 4743 2304 4814 ἅμα
2343 4745 2402 4798 τὸ
2461 4745 2589 4816 δόρυ
2648 4744 2833 4808 ίθύνας
2879 4745 3000 4799 κατ’
3051 4746 3233 4800 αὐτῶν
3281 4746 3393 4799 ἵετο
3451 4745 3682 4807 πολλούς
3716 4763 3773 4799 τε

2185 4837 2479 4906 δορατίσας
2508 4839 2607 4902 είς,
2628 4838 2732 4908 γῆν
2755 4837 2998 4892 έὸαλλεν.
3031 4841 3093 4892 υἱ
3121 4840 3176 4893 δὲ
3208 4840 3400 4910 ὥσπερ
3420 4841 3500 4902 είς
3531 4839 3772 4907 ἀφασίαν

2187 4931 2641 5001 ἐμπεπτωκότες,
2678 4932 2988 5003 ἑστήκεσαν
3035 4933 3432 5003 ἀτρεμοῦντες.
3505 4934 3596 4985 Ἐν
3641 4926 3683 5000 ᾧ
3714 4932 3769 4985 δὲ

2185 5022 2359 5078 ταῦτα
2403 5023 2615 5092 ἐγίνετο
2646 5025 2936 5096 Ῥωμαίων
2970 5024 3232 5096 δυνάμεις
3274 5027 3328 5079 ai
3369 5024 3470 5088 τὰς
3521 5024 3764 5096 ἐνέδρας,

2185 5117 2437 5190 καθάπερ
2451 5120 2690 5190 εἴρηται,
2715 5117 3137 5191 συμπληροῦσαι
3153 5118 3320 5186 ἐγγὺς
3342 5117 3764 5188 παρεφάνησαν,

2184 5211 2450 5284 βασιλέως
2482 5211 2675 5281 αὐτὰς,
2689 5211 2944 5283 καθάπερ
2975 5210 3218 5284 εἴρηται,
3235 5212 3766 5284 μεταπεμψαμένουο

2179 5303 2208 5358 ὅ
2241 5307 2681 5379 συμβαλλόμενοι
2736 5307 2970 5374 Πέρσαι,
2999 5305 3174 5378 μέρος
3231 5307 3636 5376 ἀποτεμόμενοι
3671 5309 3766 5376 τῆς

2183 5401 2467 5469 στρατιᾶς,
2500 5399 2645 5454 κατά
2701 5400 2874 5453 νώτου
2927 5401 3104 5470 τούτῳ
3155 5400 3453 5468 γεγονότας
3517 5401 3764 5455 ἐκέλευον

2178 5491 2435 5564 ἐμποδὼν
2481 5492 2776 5564 Ῥωμαίοις
2805 5489 3055 5546 ἐπιοῦσιν
3099 5492 3378 5549 ἵστασθαι.
3414 5495 3608 5565 ’ῼοντο
3659 5498 3762 5563 γὰρ

2177 5588 2281 5660 ἤδη
2303 5586 2527 5659 ἀρκύων
2559 5586 2710 5650 ἐντὸς
2744 5586 2908 5640 αὐτὸν
2951 5585 3448 5657 περιποιησάμενοι
3497 5588 3664 5658 ἔχειν.
3699 5588 3758 5639 0i

2183 5685 2282 5754 μὲν
2314 5679 2406 5737 οὖν
2437 5682 2582 5737 κατὰ
2610 5682 2783 5735 ταῦτα
2824 5682 3049 5735 ἐποίουν
3073 5698 3086 5713 ·
3114 5681 3144 5732 δ
3172 5680 3230 5735 δὲ
3262 5680 3431 5751 ὀρθίῳ
3462 5680 3542 5751 τῷ
3577 5680 3754 5749 δόρατι

2179 5776 2322 5831 κατὰ
2383 5776 2486 5845 γῆς
2536 5774 2893 5846 ἐρεισάμενος
2946 5773 3156 5842 ἵστατο,
3204 5773 3298 5829 τόν
3350 5790 3411 5827 τε
3465 5774 3752 5843 [icundqu
