4008 6170
508 297 617 363 391

1819 257 2154 356 ‘Jomms
2193 290 2520 354 CINNAMI

3662 288 3775 353 392

511 423 692 468 ratore
721 410 829 482 70
870 407 1187 464 demandata
1237 418 1355 464 erat
1402 408 1692 480 provincia:
1741 408 2086 481 praefectum,

2191 403 2378 476 χώρας
2412 404 2552 474 πρὸς
2599 402 2866 474 βασιλέως
2899 401 3412 474 ὲμπεπιστευμένος
3442 402 3618 473 ἀρχὴν
3666 402 3778 457 Mt-

508 502 964 574 quemadmodum
993 500 1040 554 ei
1067 500 1388 570 imperatum
1415 509 1553 564 eral,
1577 499 1880 553 necessaria
1906 496 2084 551 omnia

509 593 966 651 subministravit.
997 589 1267 661 Posquain
1312 591 1382 646 ad
1423 590 1703 646 Sardicam
1735 599 1948 644 ventum
1982 596 2087 655 est,

507 699 790 741 accessere
819 683 928 738 duo
957 697 1023 736 ex
1061 682 1447 737 illustrioribus
1491 682 1613 747 viri,
1639 682 1729 751 qui
1772 689 1826 736 et
1860 695 1954 734 eos
1991 680 2089 734 bn-

510 777 762 841 maniter,
815 785 874 828 ut
929 790 1027 845 par
1071 785 1209 838 erat,
1250 776 1582 843 exciperent,
1628 782 1682 827 et
1723 781 2086 828 commeatum

509 871 734 938 praeberi
758 877 1035 922 curarent.
1057 865 1204 921 Alter
1227 868 1414 919 horum
1440 865 1538 919 fuit
1562 863 1786 920 Michael
1809 865 2086 930 sebastus,

507 977 572 1016 ex
605 961 1025 1030 Palaeologorum
1059 967 1242 1028 gente,
1273 961 1352 1012 vir
1387 959 1604 1029 ingenio
1628 969 1683 1014 et
1710 960 1875 1013 multa
1903 973 2086 1012 rerum

507 1055 840 1123 experientia
873 1062 1156 1121 prmstans,
1189 1052 1280 1121 qui
1307 1053 1489 1107 nescio
1516 1050 1658 1122 quod
1690 1054 1758 1105 ob
1790 1050 1996 1104 crimen
2022 1047 2088 1102 ab

509 1149 837 1217 imperatore
884 1143 1094 1199 Joanne
1141 1145 1193 1198 in
1242 1146 1495 1198 exsilium
1543 1155 1719 1209 actus,
1758 1159 1786 1196 a
1840 1141 2089 1198 Manuele

505 1249 795 1293 revocatus
829 1237 1032 1303 fuerat;
1069 1237 1197 1291 huic
1225 1237 1505 1307 deinceps,
1536 1235 1802 1304 rebusque
1833 1234 2091 1290 Romanis

507 1332 931 1386 addictissimus.
1002 1331 1154 1385 Alter
1211 1344 1342 1384 vero
1399 1330 1662 1397 dignitate
1722 1328 2087 1385 chartularins

506 1437 727 1492 operam
775 1438 928 1478 suam
966 1424 1181 1493 utrique
1225 1422 1562 1492 impenderat
1607 1422 1956 1490 imperatori;
1995 1418 2088 1474 sed

506 1515 731 1569 Joannis
772 1515 1074 1584 praesertim
1122 1513 1260 1568 adeo
1309 1512 1483 1566 fuerat
1525 1500 1954 1567 benevolentiam
1996 1527 2090 1565 cx-

506 1619 716 1677 pcrtus,
767 1619 824 1662 nt
867 1607 1059 1662 Alexio
1091 1619 1220 1661 natu
1259 1606 1493 1661 filiorum
1539 1605 1746 1676 majore
1789 1604 1955 1659 rebus
1988 1602 2089 1658 bu-

508 1703 680 1756 manis
723 1709 994 1770 exempto,
1030 1699 1372 1754 mandaverit
1421 1701 1469 1755 ei
1517 1699 1832 1770 imperator,
1865 1706 1923 1751 ut
1966 1703 2089 1768 post

505 1809 789 1848 excessum
816 1809 972 1847 suum
1000 1793 1229 1847 Manueli
1257 1796 1323 1848 ad
1347 1803 1557 1861 sceptra
1586 1802 1776 1847 vocato
1796 1791 2086 1859 imperium

507 1888 823 1956 resignaret.
862 1886 1016 1941 Hunc
1051 1886 1128 1941 illi
1162 1886 1214 1939 in
1250 1885 1408 1940 tinem
1451 1885 1732 1941 Sardicam
1763 1898 2086 1951 pervenere.

505 1978 612 2032 Sed
643 1980 786 2034 enim
826 1979 1078 2043 Barbari,
1129 1977 1368 2047 quandiu
1418 1978 1568 2033 fuere
1604 1978 1656 2032 in
1694 1977 1827 2032 locis
1857 1975 2086 2030 ditlicili-

505 2073 605 2125 lius
639 2072 810 2143 (multi
839 2071 982 2126 enim
1012 2071 1078 2126 ab
1105 2069 1245 2126 Istro
1266 2071 1489 2126 ﬂumine
1516 2071 1581 2124 ad
1610 2068 1888 2125 Sardicam
1918 2085 2086 2140 usque

504 2163 760 2232 praerupti
808 2162 1071 2226 eminent,
1127 2164 1324 2232 vixque
1375 2177 1481 2217 non
1531 2162 1794 2217 inaccessi
1849 2160 2084 2233 montes)

505 2255 830 2310 incedebant
885 2255 1143 2325 quietius,
1189 2256 1432 2326 nihilque
1478 2255 1547 2311 ab
1592 2255 1658 2310 iis
1700 2265 1910 2324 actum,
1943 2254 2086 2325 quod

507 2345 765 2402 Romanis
832 2343 1160 2414 displiceret.
1217 2345 1287 2401 At
1341 2357 1626 2418 pOSIquam
1679 2346 1910 2419 attigere
1965 2346 2086 2402 loca

503 2441 685 2514 plana,
747 2454 868 2510 quae
922 2438 1202 2509 regionum
1254 2438 1400 2494 circa
1450 2438 1702 2493 Dacicam
1747 2437 2088 2494 dimcultates

503 2535 800 2603 excipiunt,
829 2539 940 2585 tum
971 2530 1187 2585 demum
1215 2529 1465 2586 hostilem
1499 2530 1741 2584 animum
1773 2529 2084 2600 prodidere.

504 2625 614 2683 Res
653 2629 858 2699 quippe
892 2625 1112 2681 venales
1158 2622 1554 2695 exponentibus
1603 2621 1837 2692 injustas
1879 2622 2089 2692 injicie¢

503 2719 634 2775 bant
660 2732 849 2773 manus
879 2733 894 2773 :
926 2725 984 2772 et
1013 2717 1059 2772 si
1095 2715 1218 2788 quis
1261 2714 1597 2785 rapientibus
1635 2714 1739 2785 71
1772 2713 2086 2780 obsisteret,

502 2825 627 2867 eum
661 2810 922 2865 continuo
964 2823 1096 2865 ense
1143 2805 1565 2864 detruncabant.
1595 2804 1720 2861 Haec
1748 2806 1850 2862 etsi
1895 2821 2088 2881 perpe-

503 2910 804 2968 trarentur,
845 2901 1204 2978 nihilominus
1234 2900 1552 2957 movebatur
1578 2915 1673 2956 rex
1705 2900 2010 2970 Conradus,
2039 2900 2089 2957 si

506 2998 598 3068 qui
637 3005 828 3053 essent
870 2996 962 3067 qui
1004 3004 1380 3066 quererentur,
1419 3008 1522 3049 nec
1566 2995 1840 3065 praebebat
1885 3009 2084 3062 aures;

2188 498 2329 569 χαὴλ
2345 497 2632 568 ἐπώνυμον
2649 499 2863 568 Βρανᾶς
2875 497 3191 568 προύνοεῖτο
3206 497 3305 568 ἤδη
3330 495 3439 548 τῶν
3456 495 3782 562 ἀναγκαίων

2187 592 2393 656 αὐτοῖς,
2419 591 2561 645 οὕτω
2588 595 3073 662 προστεταγμένον
3120 589 3292 660 αὐτῷ.
3328 591 3507 661 Μέχρι
3545 589 3650 660 μιν
3682 583 3782 642 οὖν

2186 681 2283 736 καὶ
2327 683 2419 736 ἐπὶ
2453 684 2726 755 Σαρδικῆς
2776 685 2835 737 ὲν
2869 683 3081 747 τούτοις
3106 679 3270 753 ἦσαν,
3315 683 3444 738 ἔνθα
3476 684 3569 737 καὶ
3614 682 3782 752 ἄνδρα

2184 774 2278 828 δύο
2299 776 2408 828 τῶν
2436 777 2529 840 ἐπὶ
2565 776 2723 847 δόξης
2762 776 2998 848 ἠλθέτην
3021 778 3153 849 παρ’
3188 778 3410 842 αὐτοὺς,
3439 776 3780 847 δεξιωσομέ-

2186 883 2262 920 νω
2287 884 2348 920 τε
2378 868 2448 921 τὰ
2478 869 2666 922 εἰκότα
2701 871 2795 922 καὶ
2822 870 2891 923 τὰ
2923 870 3203 937 ἀναγκαῖα
3233 869 3421 938 σφίσιν
3465 870 3780 940 ἐμπορισοο

2193 959 2357 1028 μένω.
2389 954 2497 1011 Ἤν
2524 960 2625 1029 μὲν
2663 962 2693 1014 δ
2733 960 2914 1014 αὐτῶν
2953 962 3174 1033 Μιχαὴλ
3224 960 3491 1025 σεϐαστδς
3538 962 3604 1014 ὲκ
3659 959 3779 1012 Πα-

2190 1049 2525 1121 λαιολόγων,
2581 1052 2720 1124 ἀνὴρ
2768 1053 2970 1116 ἱκανῶς
3019 1053 3242 1119 συνετὸς
3278 1054 3373 1108 καὶ
3426 1055 3782 1126 πραγμάτων

2188 1142 2399 1196 πολλῶν
2444 1143 2728 1214 ἔμπειρος,
2762 1143 2822 1207 ὃς
2851 1144 3068 1215 βασιλεῖ
3107 1145 3336 1219 Ἰωάννῃ
3369 1145 3472 1198 οὐκ
3518 1141 3618 1198 οἷδ’
3650 1147 3682 1198 ὅ
3727 1161 3782 1196 τι

2187 1235 2650 1304 προσκεκρουκὼς
2702 1237 2970 1309 πρότερον
3031 1236 3320 1308 ὑπερόριός
3368 1254 3429 1290 τε
3481 1237 3571 1291 διὰ
3614 1235 3783 1289 τοῦτο

2187 1326 2432 1394 γεγονὼς
2475 1328 2613 1398 πρὸς
2648 1326 2917 1398 βασιλέως
2944 1329 3264 1382 ἀνεκαλεῖτο
3294 1328 3554 1399 Μανουὴλ
3581 1327 3780 1393 εὖνους

2187 1437 2245 1472 τε
2271 1418 2421 1490 αὑτῷ
2449 1422 2541 1473 καὶ
2593 1423 2705 1482 τοῖς
2738 1418 3030 1490 Ῥωμαίων
3087 1421 3325 1491 μάλιστα
3357 1422 3579 1491 ἐγένετο
3631 1420 3784 1491 πράς

2187 1527 2413 1579 γμασιν.
2456 1510 2514 1564 Ὀ
2547 1513 2649 1580 μὲν
2675 1511 2740 1583 δὴ
2764 1511 3009 1576 τοιοῦτος
3052 1509 3143 1582 ἦν.
3179 1513 3411 1585 Ἀτερος
3443 1513 3498 1565 δὲ
3538 1530 3781 1583 χαρτου.

2187 1600 2372 1671 λάριος
2401 1600 2512 1670 (88)
2548 1601 2649 1672 μὲν
2680 1601 3020 1673 ἀμφοτέροιν
3049 1603 3390 1674 ἐχρημάτισε
3447 1607 3563 1656 τοῖν
3611 1604 3780 1673 βασι-

2189 1691 2354 1746 λέοιν.
2386 1693 2641 1764 Τοσούτῳ
2671 1711 2734 1763 γε
2763 1693 2870 1765 μὴν
2909 1693 3132 1768 Ἰωάννῃ
3179 1695 3391 1764 βασιλεῖ
3410 1695 3781 1758 εὐνούστατος

2192 1786 2417 1853 γέγονεν
2441 1785 2515 1850 ὡς
2539 1787 2700 1840 ὁπότε
2731 1787 2955 1859 Ἀλεξίῳ
2985 1787 3062 1858 τῷ
3085 1788 3447 1858 πρεσϐυτάτῳ
3475 1789 3587 1844 τῶν
3610 1787 3781 1842 υἱέων

2191 1877 2252 1942 ἐξ
2286 1877 2590 1948 ἀνθρώπων
2623 1879 2954 1949 γεγενῆσθαι
2994 1879 3216 1952 ξυνέϐη,
3266 1882 3540 1951 ἐνσκῆψαι
3571 1884 3623 1936 οῖ
3687 1885 3781 1938 τδν

2193 1969 2420 2039 βασιλέα
2451 1970 2590 2040 μετὰ
2611 1970 2871 2042 τελευτὴν
2899 1973 3000 2043 τὴν
3043 1971 3208 2025 αὑτοῦ
3243 1972 3336 2026 τὸν
3385 1973 3650 2048 Μανουὴλ
3683 1976 3780 2029 ἐπὶ

2191 2061 2261 2114 τὰ
2287 2062 2542 2132 σκῆπτρα
2590 2061 2817 2116 καλέσαι
2854 2062 2948 2118 καὶ
2977 2062 3076 2136 τὴν
3129 2063 3414 2135 βασιλείαν
3449 2067 3775 2137 ἐγχειριεῖν.

2193 2155 2258 2209 Oi
2289 2155 2386 2227 μὲν
2419 2152 2514 2210 οὖν
2540 2155 2742 2209 τούτων
2791 2157 2953 2210 ἕνεκα
2999 2159 3096 2211 ἐπὶ
3135 2158 3236 2230 τὴν
3275 2160 3550 2233 Σαρδικὴν
3579 2155 3779 2233 ἦλθον.

2193 2240 2258 2305 Οί
2287 2250 2344 2304 δὲ
2363 2248 2637 2322 Βάρϐαροι
2660 2251 2823 2321 μέχρι
2855 2249 2956 2320 μὲν
2983 2251 3043 2304 ὲν
3067 2251 3395 2325 δυσχωρίαις
3415 2250 3554 2324 ἦσαν
3578 2253 3782 2324 (πολλὰ

2194 2342 2303 2416 γὰρ
2318 2342 2383 2396 ἐκ
2409 2342 2502 2397 τοῦ
2535 2343 2782 2412 ποταμοῦ
2811 2343 3023 2414 ἰστρου
3053 2344 3182 2415 ἄχρι
3228 2346 3323 2399 καὶ
3354 2345 3449 2399 ἐπὶ
3497 2347 3781 2418 Σαρδικὴν

2192 2433 2295 2504 δρη
2313 2433 2497 2504 ἀνέχει
2533 2432 2714 2503 ὑψηλὰ
2745 2436 2839 2489 καὶ
2861 2435 3052 2499 δεινῶς
3091 2436 3310 2506 ἄδατα),
3363 2441 3485 2510 σιγῇ
3534 2455 3596 2492 τε
3649 2441 3780 2493 ὲπο·

2196 2524 2417 2599 ρεύοντο
2455 2527 2552 2581 καὶ
2573 2526 2727 2581 οὐδὲν
2759 2527 2842 2582 δτι
2881 2527 3176 2599 Ῥωμαίοις
3230 2529 3293 2582 οὐ
3349 2530 3492 2584 κατὰ
3545 2531 3779 2604 γνώμην

2195 2621 2434 2677 ἐποίουν.
2471 2622 2624 2675 Ἐπεὶ
2681 2621 2739 2676 δὲ
2790 2624 2914 2686 ταῖς
2964 2621 3214 2678 πεδιάσιν
3254 2624 3354 2697 ἤδη
3403 2625 3671 2697 ὡμίλουν,
3718 2627 3781 2683 αῖ

2196 2712 2373 2767 πολλὰ
2404 2714 2473 2768 τὰ
2503 2713 2845 2786 δυσπρόσοδα
2877 2713 2988 2771 τῶν
3021 2715 3167 2770 κατὰ
3199 2715 3297 2788 τὴν
3329 2718 3572 2792 Δακικὴν
3596 2720 3782 2776 διαδέ-

2194 2822 2380 2878 χονται
2407 2806 2645 2878 χωρίων,
2680 2807 3048 2878 παραφαίνιιν
3079 2808 3270 2865 λοιπὸν
3294 2809 3358 2865 τὸ
3386 2810 3654 2883 δυσμενὲς
3684 2813 3782 2885 ἠρ-

2194 2899 2384 2967 ξαντο,
2413 2901 2526 2964 τοῖς
2568 2915 2629 2954 τε
2671 2899 2795 2953 κατ’
2819 2899 3096 2970 ἐμπορίαν
3127 2901 3196 2956 τὰ
3225 2898 3362 2958 ὥνια
3391 2902 3582 2973 σφίσιν
3633 2906 3782 2960 anno

2193 2991 2394 3048 διδοῦσι
2422 2995 2583 3066 χεῖρα
2605 2993 2869 3048 ἐπέϐαλον
2899 2995 3084 3050 ἄδικον
3106 3013 3121 3027 ο
3156 2994 3220 3068 [Ρ
3279 2995 3373 3070 40]
3403 2997 3509 3052 κᾶν
3534 3015 3618 3062 τις
3665 3000 3782 3054 ἀπ-

504 3088 590 3142 vet
619 3084 663 3140 si
689 3083 1048 3150 auscultaret,
1084 3082 1398 3154 petulantiae
1426 3081 1480 3137 id
1510 3081 1875 3140 multitudinis
1914 3084 2085 3140 ascrio

2195 3089 2538 3158 ισχυρίσαιτο
2572 3086 2707 3158 πρὸς
2736 3085 2836 3158 τὴν
2874 3087 3158 3159 ἁρπαγὴν,
3198 3087 3390 3144 τοῦτον
3412 3089 3467 3145 δὲ
3493 3091 3780 3163 ῥομφαίας

506 3177 688 3232 bebat.
747 3176 821 3231 Ea
870 3184 1158 3249 postquam
1206 3176 1276 3232 ad
1330 3177 1716 3247 imperatorem
1763 3190 2082 3245 pervenere,

503 3269 865 3336 Prosuchum,
919 3268 1145 3326 militari
1197 3269 1399 3326 virtute
1447 3273 1828 3343 prazlnsignem
1880 3271 2083 3336 virunv,

503 3377 628 3419 cum
669 3362 865 3434 raptim
922 3371 1114 3418 coacto
1159 3364 1375 3432 agmine
1422 3364 1685 3420 adversus
1732 3377 1828 3419 eos
1863 3363 2082 3420 mittit:

504 3457 595 3528 qui
640 3456 796 3529 iuxta
852 3454 1263 3525 Adrianopolim
1330 3454 1603 3513 Barbaros
1645 3465 1947 3521 assecutus,
1976 3454 2087 3525 pri-

504 3561 655 3603 mum
686 3547 906 3617 quidem
941 3544 1081 3601 haud
1106 3546 1267 3618 longo
1297 3545 1584 3601 intervallo
1628 3546 2080 3618 subsequebatur,

504 3655 571 3694 ac
608 3638 837 3693 subinde
866 3637 1157 3693 coercebat
1199 3638 1557 3693 inordinatius
1605 3641 1947 3710 evagantium
1992 3655 2088 3695 exc

505 3729 812 3785 cnrsiones.
872 3727 1112 3783 Tandem
1165 3729 1256 3784 ubi
1307 3743 1400 3785 eos
1452 3729 1597 3784 videt
1649 3745 1811 3800 supra
1864 3732 2084 3786 modum

507 3820 736 3884 feroces.
774 3819 949 3889 palam
999 3820 1162 3874 etiam
1209 3819 1362 3890 signa
1411 3819 1643 3886 confert,
1682 3821 1774 3876 tali
1808 3822 2081 3878 ocasione.

2188 3179 2349 3251 ἔργον
2391 3179 2663 3234 ἐτίθεσαν.
2695 3180 2764 3233 '0
2796 3195 2853 3232 τε
2880 3179 2981 3250 ρὴξ
3030 3181 3308 3252 Κορῤάδος
3351 3183 3776 3256 ἀνεπιστρόφως

2187 3264 2363 3331 πάντη
2394 3262 2502 3317 τῶν
2538 3263 2842 3332 γινομένων
2874 3257 2988 3332 ιίχε
3037 3265 3133 3319 καὶ
3171 3265 3287 3328 τοῖς
3333 3265 3700 3320 ἐπικαλοῦσιν
3741 3266 3776 3338 ἢ

2182 3358 2303 3413 οὐδὲ
2335 3358 2624 3429 προσεῖχεν
2653 3357 2815 3421 ὅλως,
2842 3356 2878 3428 ἢ
2921 3358 3018 3411 καὶ
3040 3355 3296 3429 προσχὼν
3322 3361 3388 3429 τῇ
3412 3357 3508 3413 τοῦ
3534 3357 3777 3431 πλήθους

2184 3448 2466 3521 ἀλογιστία
2519 3449 2581 3504 τὸ
2638 3451 2745 3504 πᾶν
2795 3450 3169 3522 ἀπεγράφετο.
3227 3450 3449 3505 τούτων
3510 3449 3776 3522 βασιλεὺς

2186 3539 2441 3613 ἀκηκοὼς
2497 3541 2814 3612 στράτευμα
2862 3536 2896 3616 ᾖ
2944 3539 3143 3613 τάχους
3173 3539 3321 3614 εἶχεν
3373 3543 3490 3616 ἃμα
3522 3544 3776 3615 Προσοῦχ

2185 3633 2345 3703 ἀνδρὶ
2375 3632 2777 3704 ὲμπειρομὰχῳ
2835 3634 2971 3686 κατ’
3019 3632 3197 3686 αὐτῶν
3221 3633 3490 3704 ἔπεμψεν.
3536 3637 3636 3700 ’ος
3679 3637 3775 3689 καὶ

2185 3722 2375 3794 ἐπειδὴ
2402 3724 2539 3794 περὶ
2568 3722 2721 3776 πόλιν
2754 3721 3035 3794 Ἀδριανοῦ
3061 3722 3273 3791 τούτοις
3296 3725 3574 3796 συνέμιξε,
3604 3727 3774 3799 μέχρι

2188 3816 2289 3887 μέν
2314 3832 2460 3880 τινος
2487 3814 2594 3868 ἀπὸ
2622 3815 2963 3881 διαστάσεως
3011 3816 3219 3884 εἵπετο,
3243 3816 3343 3880 τὰς
3372 3818 3648 3882 ἀτάκτους
3677 3819 3772 3872 τοῦ

507 3911 732 3979 Quidam
769 3926 836 3966 ex
878 3911 1265 3967 illustrioribus
1298 3912 1636 3979 Alemannis,
1679 3926 1906 3983 corpore
1955 3913 2085 3970 atie-

2189 3908 2426 3978 πλήθους
2463 3905 2838 3979 ἀνασειράζων
2865 3908 3063 3980 ὁρμάς.
3108 3909 3200 3973 Ὣς
3238 3909 3294 3963 δὲ
3325 3911 3420 3965 καὶ
3439 3911 3533 3964 ἐπὶ
3567 3911 3775 3980 μᾶλλον

506 4015 616 4068 cto,
649 4003 996 4074 Adrianopoli
1032 4019 1092 4060 se
1123 4003 1175 4057 in
1208 4006 1594 4060 monasterium
1632 4015 1936 4076 receperat,
1958 4022 2082 4062 cum

2189 4000 2628 4074 θρασυνομένους
2658 4001 2856 4064 αὐτοὺς
2892 4000 3062 4074 ἑώρα,
3097 4002 3191 4055 καὶ
3239 4000 3506 4073 πολεμίας
3559 4002 3667 4074 ἤδη
3715 4005 3774 4057 ὲν

506 4095 771 4164 pecuniis,
799 4094 1016 4164 alioque
1047 4096 1192 4149 omni
1223 4105 1502 4165 apparatu.
1540 4096 1591 4150 ld
1621 4096 1851 4152 Romani
1879 4098 2086 4171 aliquot

2189 4094 2263 4166 τῷ
2283 4095 2520 4166 ἐμφανεῖ
2555 4093 2812 4166 συνέμιξε
2843 4095 3035 4166 χεῖρας
3062 4095 3157 4149 ἀπ’
3175 4096 3354 4159 αἰτίας
3381 4093 3622 4152 τοιᾶσδε.
3647 4096 3770 4148 Τῶν

507 4187 709 4241 milites
742 4201 809 4242 ex
847 4187 1185 4257 pedestribus
1219 4187 1464 4244 numeris
1496 4190 1833 4260 subodorati,
1859 4190 2084 4248 domici-

2189 4206 2307 4243 τινα
2341 4187 2757 4261 ὲπισημοτέρων
2795 4189 3116 4258 Ἁλαμανῶν
3148 4189 3211 4260 (t)
3241 4187 3657 4260 μαλακισθέντα
3709 4187 3771 4242 τδ

506 4279 661 4346 Ιὶυιιι,
685 4280 970 4349 ipsumque
990 4280 1127 4334 adeo
1148 4289 1408 4350 aegrotum
1434 4280 1554 4351 igne
1581 4282 1796 4338 subdito
1816 4293 2080 4353 cremant,

2189 4282 2348 4354 σῶμα
2367 4282 2620 4352 σεμνεῖόν
2647 4298 2699 4335 τι
2721 4274 2837 4352 εἶχε
2870 4284 2978 4336 τῶν
3007 4281 3112 4337 ἀνὰ
3138 4281 3238 4352 τὴν
3269 4281 3426 4336 πόλιν
3475 4280 3768 4355 Ἀδριανοῦ

506 4373 694 4441 sicque
723 4371 970 4442 pecuniis
1017 4371 1327 4439 potiuntur.
1355 4369 1527 4436 Quam
1577 4388 1690 4427 rem
1739 4375 1830 4430 ubi
1878 4377 2086 4446 accepit

2189 4372 2285 4430 σύν
2312 4391 2371 4427 τε
2401 4374 2761 4446 χρήμασικαὶ
2791 4375 3074 4447 ἀποσκευῇ
3101 4375 3166 4445 τῇ
3197 4373 3382 4446 πάσῃο
3415 4373 3452 4428 ἃ
3481 4373 3772 4445 φωράσανο

507 4461 854 4527 Fredericus,
889 4461 1122 4518 Conradi
1158 4477 1223 4518 ex
1254 4463 1423 4519 fratre
1468 4479 1661 4534 nepos,
1704 4464 1866 4521 homo
1907 4465 2086 4522 incre-

2189 4469 2280 4530 τές
2307 4483 2450 4531 τινες
2492 4466 2781 4537 Ῥωμαίων
2807 4465 2917 4520 τῶν
2938 4467 3004 4521 ἐκ
3030 4464 3272 4530 πεζικῶν
3300 4465 3630 4536 καταλόγων
3660 4467 3770 4538 πῦρ

506 4553 745 4609 dibiliter
768 4555 938 4617 ferox,
965 4555 1164 4623 impetu
1191 4556 1502 4622 vehemens,
1520 4556 1770 4629 elatoque
1791 4560 2081 4615 admodum

2189 4578 2248 4616 τε
2272 4562 2339 4632 τῇ
2384 4562 2684 4629 καταγωγῇ
2724 4557 2947 4629 ὑφῆψαν
3003 4560 3100 4613 καὶ
3137 4559 3227 4612 τὸν
3283 4558 3574 4629 ἄνθρωπον
3625 4559 3769 4612 οὕτω

506 4645 726 4712 animo,
787 4647 1193 4717 Adrianopotim
1253 4662 1484 4717 propere
1543 4651 1800 4716 revertit,
1861 4653 2086 4708 duorum

2189 4651 2699 4724 προσαπολέσαντες
2747 4651 2816 4704 τὰ
2870 4653 3132 4724 χρήματα
3172 4649 3351 4720 ἔσχον.
3409 4652 3498 4714 Ὠς
3532 4646 3630 4703 οὖν
3686 4652 3768 4714 εἰς

508 4733 706 4790 itinere
736 4738 946 4792 dierum
981 4738 1288 4792 Conradum
1331 4748 1688 4809 prazvertens,
1719 4757 1782 4797 ac
1813 4752 2086 4799 monaste-

2189 4744 2356 4808 ἀκοὰς
2381 4741 2693 4814 Φρεδερίκῳ
2718 4741 2831 4812 (89)
2866 4743 2927 4796 τὸ
2963 4743 3190 4812 γεγονὸς
3221 4739 3354 4814 ἦλθε
3384 4742 3460 4812 τῷ
3484 4743 3765 4814 Κορράδου

509 4827 673 4892 rium,
706 4827 759 4882 in
797 4843 903 4896 quo
939 4831 1172 4897 primum
1201 4831 1497 4885 diverterat
1531 4832 1882 4900 Alemannus,
1908 4835 2086 4890 incen-

2189 4833 2472 4903 ἀδελφιδῷ,
2515 4833 2671 4904 ἀνδρὶ
2704 4832 2796 4888 ὑπ’
2845 4833 3206 4906 ἀσυμμέτρου
3238 4833 3530 4896 αὐθαδείας
3554 4835 3659 4905 τὴν
3707 4850 3765 4887 τε

508 4919 607 4982 dit,
641 4919 827 4988 sicque
859 4920 982 4973 belli
1023 4921 1365 4977 occasionem
1395 4922 1655 4978 Romanis
1687 4925 1849 4979 simul
1879 4941 1942 4980 ac
1971 4928 2086 4984 suis

2189 4930 2360 5000 δρμὴν
2381 4925 2668 4997 ἀκαοέκτῳ
2711 4926 2806 4981 καὶ
2853 4927 3113 4990 ἐπιεικῶς
3152 4927 3521 4998 φρονηματίᾳ,
3554 4927 3763 4997 σπουδῇ

508 5011 764 5080 praebuit.
847 5011 1159 5068 l’rosuchus
1230 5013 1395 5082 igitur
1467 5015 1670 5071 ideirco
1737 5016 2084 5074 Fredericum

2189 5020 2514 5092 παλίνορσος
2542 5020 2637 5073 ἐπὶ
2669 5018 2766 5090 τὴν
2788 5019 3070 5091 Ἀδριανοῦ
3095 5016 3222 5092 ἦλθε
3247 5021 3426 5074 καίτοι
3453 5020 3602 5074 δυοῖν
3628 5020 3764 5090 spe.

1854 5137 1947 5202 Du
1979 5141 2204 5225 Cangii
2234 5147 2420 5204 notua.

2337 5265 2525 5336 Adfuit
2547 5265 2780 5335 egregius
2821 5263 2903 5339 [P.
2931 5263 3061 5338 “0]
3117 5265 3424 5322 Fridericus
3474 5269 3584 5320 dua:
3633 5265 3762 5322 Sue-

3483 5355 3596 5390 rum

2334 5407 2520 5474 xEqua
2540 5423 2634 5461 suo
2649 5415 2840 5478 patruo
2859 5407 2986 5477 regit
3007 5408 3216 5478 agmina
3241 5339 3671 5476 Teutolzi’corm’n,

2335 5478 2588 5544 Hostibus
2617 5477 2892 5546 ingeritur,
2929 5477 3147 5550 protegit
3175 5480 3285 5550 ipse
3321 5478 3516 5549 forum.

580 5257 692 5331 (88)
724 5259 964 5328 Ἀτερος
1014 5259 1084 5314 δὲ
1137 5261 1600 5330 χαρτουλάριος.
1670 5261 1910 5322 Basilius
1941 5265 2094 5321 Tzit-

507 5330 733 5396 tiluces,
767 5333 832 5384 de
863 5345 967 5398 quo
1008 5331 1250 5396 Nicetas,
1279 5333 1312 5387 Ι.
1346 5348 1380 5399 ι,
1423 5350 1475 5386 ιι.
1517 5335 1566 5386 1.

578 5400 690 5475 (8_9)
730 5401 1079 5475 φρεδερζξιῳ.
1107 5403 1164 5475 td
1219 5406 1392 5475 ipsum
1426 5403 1592 5459 refert
1625 5401 1870 5472 Nicetas,
1894 5403 1932 5460 l.
1962 5421 2003 5474 ι,
2040 5424 2098 5464 n.

512 5472 572 5543 5,
590 5471 918 5529 'GOtefridus
956 5472 989 5527 γ
1002 5473 1160 5528 iterb.

1778 5590 2061 5653 Cornelii
2093 5592 2284 5655 Tollii
2325 5601 2512 5655 nota).

576 5688 644 5816 Et)
695 5687 820 5747 Τῶν
870 5701 1006 5742 τινα
1061 5684 1514 5759 ἐπισημοτέρων
1573 5690 1946 5761 Ἀλειμανῶν,
2021 5693 2086 5748 Δί

506 5775 567 5816 ra
599 5776 635 5815 t.

2189 5691 2401 5751 Nicctas
2445 5705 2749 5776 cognatum
2799 5697 2944 5755 hunc
2991 5698 3164 5758 fuisse
3210 5703 3356 5774 regis
3410 5703 3581 5774 ipsius
3614 5704 3760 5764 Con-
