3960 6164
381 241 488 306 ιὲδ
1641 234 1962 297 JOANNIS
1999 233 2327 299 CINNAMI
3532 233 3643 301 424

386 357 607 428 Scythis
653 363 867 424 captum
898 352 1065 408 fuisse
1089 360 1325 406 castrum
1359 349 1638 420 diximus),
1667 365 1839 420 neque
1876 365 1963 404 res

2070 353 2222 406 σιλέα
2254 352 2717 425 μεταπέμπεσθαι
2749 355 2937 411 τοῦτον
2969 355 3208 422 άκούων,
3263 376 3281 409 ι
3324 358 3387 411 Εἰ
3435 358 3651 428 βασιιεί

388 456 588 502 nostrae
627 447 713 500 hic
747 462 775 499 a
826 443 1083 498 Barbaris
1115 442 1337 509 direpta
1379 457 1474 512 pro
1508 440 1660 495 libitu
1696 451 1748 497 et
1775 442 1964 496 ablatas

2070 446 2180 498 τῶν
2215 447 2338 500 καθ’
2368 449 2516 517 ἡμᾶς
2544 447 2763 518 ἔμελεν,
2790 446 2964 512 εἶπεν.
2990 449 3090 504 οὐκ
3119 451 3186 503 ἂν
3215 450 3243 503 ὅ
3274 466 3333 502 τε
3363 451 3651 519 Δεμνίτζι-

386 538 636 593 ῑιιίδεεηῑ.
682 556 700 587 ›
763 533 842 591 Ad
877 537 991 590 haec
1041 535 1192 588 aiunt
1235 534 1568 604 indignatum
1622 535 1966 601 respondisse

385 630 683 701 principem
726 647 740 681 :
774 646 791 678 ι
836 626 949 680 Non
979 626 1079 680 sim
1109 641 1209 694 ego
1240 625 1347 689 ille,
1380 625 1463 678 cui
1501 624 1763 680 divinitus
1787 637 1817 677 ι
1854 623 1964 681 Deo

385 721 642 775 collatum
697 730 777 772 est
809 715 1175 771 [loniauorum
1202 717 1508 784 imperium,
1550 715 1651 768 nisi
1682 714 1965 769 confestim

383 810 625 864 audacia:
650 807 760 879 94
791 821 978 876 pinnas
1010 803 1259 859 dederint
1283 805 1518 874 Scytlue.
1563 821 1584 856 ι
1623 803 1967 874 Quapropter

389 902 656 971 reliquum
711 899 980 953 exercitus
1029 913 1092 951 eo
1133 896 1253 960 loci,
1283 907 1334 949 et
1362 897 1426 949 ad
1457 899 1598 963 ripas
1635 907 1816 952 castra
1852 912 1966 951 me-

387 1005 560 1050 tatum
595 993 830 1062 reliquit.
863 992 982 1060 Ipse
1056 991 1180 1059 quia
1215 990 1471 1054 nomium,
1507 991 1585 1043 uti
1613 990 1818 1045 dictum
1860 1000 1966 1057 est,

387 1093 728 1144 advenerant
783 1101 970 1152 naves,
1039 1086 1238 1153 aptatis
1290 1085 1656 1152 connexisque
1720 1084 1861 1138 inter
1909 1098 1969 1139 se

386 1182 602 1246 lembis,
663 1195 786 1231 cum
845 1179 1176 1246 quingentis,
1241 1192 1302 1229 ex
1340 1176 1404 1230 iis
1462 1175 1551 1244 qui
1587 1175 1686 1229 sibi
1718 1177 1965 1240 aderant,

387 1271 582 1348 lstrum
630 1272 942 1338 superavit:
979 1283 1211 1335 cumque
1265 1267 1406 1321 ultra
1463 1267 1619 1322 vellet
1646 1268 1964 1336 procedere,

391 1370 444 1421 in
512 1370 644 1419 duos
676 1365 811 1418 alios
876 1362 1210 1433 navigabiles
1279 1360 1468 1416 ﬂuvios
1503 1361 1712 1415 incidit.
1739 1361 1810 1416 Ut
1839 1376 1968 1416 vero

386 1461 590 1516 nullum
629 1459 699 1513 ibi
750 1457 998 1527 apparuit
1041 1455 1335 1525 navigium,
1360 1469 1467 1523 quo
1500 1455 1565 1506 ad
1598 1452 1966 1522 traiectionem

388 1564 656 1617 uteretur,
711 1553 822 1604 suis
855 1547 1160 1618 imperavit,
1193 1557 1249 1599 ut
1301 1545 1568 1599 actuarias
1597 1560 1716 1613 qua:
1745 1545 1798 1596 in
1828 1542 1969 1598 lstro

386 1654 542 1700 erant
571 1645 725 1712 equis
747 1642 1052 1712 alligarent,
1081 1650 1245 1707 atque
1299 1639 1370 1692 ita
1403 1640 1467 1690 ad
1492 1637 1684 1691 ﬂuvios
1718 1646 1966 1691 transve-

385 1740 600 1793 herent.
621 1704 752 1800 ’ριιο
782 1704 943 1796 facto,
1001 1704 1170 1786 nullo‘
1205 1732 1390 1786 labore
1449 1729 1797 1799 trajeCerttnl.
1825 1729 1966 1785 Loco
2001 1704 2041 1758 Β

385 1829 576 1884 deinde
597 1827 834 1894 spatioso
854 1824 1190 1887 transmisso,
1221 1823 1286 1876 ad
1321 1832 1554 1875 montem
1592 1830 1765 1890 usque
1790 1822 1966 1892 (τένου

384 1917 597 1991 ὅρμον),
657 1917 747 1986 qui
808 1914 1244 1986 Tauroscythica:
1297 1912 1494 1968 ﬁnibus
1534 1914 1971 1981 adjacet,perve-

387 2034 536 2073 nere.
567 2018 642 2072 lbi
672 2031 794 2070 cum
825 2028 991 2067 vacua
1023 2027 1246 2084 prorsus
1297 2026 1360 2065 ac
1393 2013 1604 2066 deserta
1637 2012 1968 2066 invenissent

387 2106 714 2180 Scytharum
768 2115 948 2160 castra
1013 2107 1158 2173 (nam
1187 2103 1256 2156 illi
1309 2103 1471 2172 paulo
1511 2113 1636 2158 ante
1662 2118 1721 2157 se
1753 2104 1873 2158 inde
1891 2119 1966 2159 re-

387 2201 671 2273 ceperant)
701 2200 926 2254 ulterius
978 2189 1418 2270 progrediuntur.
1473 2197 1650 2254 Medio
1677 2208 1854 2254 autern
1881 2200 1969 2255 die

384 2312 505 2348 cum
560 2310 627 2349 ex
685 2294 935 2348 hostibus
992 2309 1150 2347 nemo
1206 2301 1512 2363 appareret,
1572 2291 1822 2364 Scythas,
1873 2292 1964 2363 qui

386 2384 642 2439 Romanis
669 2383 992 2448 militabant,
1024 2383 1201 2453 seligit
1252 2385 1568 2452 imperator,
1605 2371 1659 2437 et
1683 2382 1964 2451 Giphardo

384 2479 547 2542 duce,
593 2476 712 2530 viro
774 2477 848 2530 rei
909 2477 1154 2529 militaris
1216 2475 1568 2546 peritissimo,
1627 2475 1813 2542 mittit,
1847 2485 1962 2530 uta

387 2582 540 2639 tergo
601 2569 918 2624 insisterent
959 2568 1230 2634 hostibus,
1289 2569 1415 2623 etsi
1450 2569 1672 2623 daretur
1727 2570 1961 2636 occasio,

385 2677 579 2715 manus
620 2667 992 2724 consererent,
1044 2659 1169 2711 dum
1233 2658 1345 2728 ipse
1374 2659 1519 2714 lento
1557 2659 1762 2715 interea
1795 2662 1961 2729 gradu

386 2754 831 2821 consequeretur.
903 2748 1150 2803 Nondum
1192 2749 1481 2819 plurimum
1555 2761 1965 2819 consumpserat

385 2845 596 2899 itineris
627 2841 955 2911 Giphardus,
985 2857 1105 2896 cum
1135 2843 1188 2895 in
1228 2842 1411 2896 hostes
1459 2841 1667 2896 incidit.
1694 2843 1797 2898 Sed
1829 2860 1964 2912 prte-

386 2939 513 2991 lium
541 2934 878 2991 committere
918 2950 1021 2989 non
1046 2948 1229 2999 ausus,
1263 2936 1403 3004 Quod
1428 2933 1584 3004 longe
1617 2936 1963 2990 numerosior

2070 556 2168 602 κος
2201 540 2345 593 ἑάλω
2377 539 2540 610 (οὕτω
2567 539 2677 610 γάρ
2707 541 2767 593 τὸ
2801 544 2911 602 τοῖς
2955 542 3214 607 Σκύθαις,
3261 540 3450 613 ὥσπερ
3488 543 3650 612 εἴρη-

2066 648 2181 692 ται.
2246 631 2464 703 αἱρεθὲν
2522 630 2840 704 ὠνομάζετο
2895 634 3206 705 φρούριον),
3259 635 3351 686 καὶ
3399 637 3467 687 τὰ
3518 635 3646 686 καθ’

2067 723 2216 792 ἡμᾶς
2253 723 2390 795 πρὸς
2424 724 2533 779 τῶν
2564 723 2872 797 Βαρὸάρων
2912 726 3036 777 κατ’
3078 723 3333 790 ἐξουσίαν
3368 725 3531 796 ἧγετό
3583 741 3648 776 τε

2069 818 2164 870 καὶ
2222 816 2470 887 ἐφέρετο.
2514 835 2534 869 ι
2587 817 2818 886 Λέγεται
2855 817 3035 872 τοίνυν
3076 819 3212 887 πρὸς
3248 817 3419 870 ταῦτα
3449 817 3648 887 διηγα-

2069 910 2382 977 νακτηκότα
2412 909 2504 961 τὸν
2538 907 2764 979 βασιλέα
2800 926 2816 960 ι
2856 909 2967 963 Ναὶ
2997 908 3085 977 δὴ,
3121 909 3311 976 φάναι,
3344 907 3418 978 μὴ
3447 907 3513 961 ἂν
3539 910 3648 960 αὑ-

2068 1003 2161 1063 τὸς
2192 1002 2356 1070 εἵην,
2411 995 2454 1070 ᾧ
2509 1004 2580 1055 τὰ
2644 1002 2936 1072 Ῥωμαίων
2999 1002 3184 1056 θεόθεν
3242 1002 3648 1068 ἐπιτέτραπται

2068 1095 2400 1163 πράγματα,
2432 1096 2480 1147 εί
2517 1093 2593 1164 μὴ
2620 1093 2819 1147 αὐτίκα
2843 1092 2952 1145 τῶν
2981 1093 3404 1164 τετολμημένων
3433 1092 3647 1146 Σκύθαι

2067 1183 2299 1241 δώσουσι
2338 1188 2516 1250 δίκας.
2553 1206 2572 1240 ι
2603 1188 2695 1240 Διδ
2717 1187 2779 1256 δὴ
2816 1186 2877 1241 τὸ
2903 1184 3002 1255 μὲν
3027 1185 3213 1238 λοιπὸν
3243 1183 3334 1238 τοῦ
3380 1183 3652 1254 στρατεύ-

2073 1295 2246 1347 ματος
2280 1277 2446 1331 αύτοῦ
2478 1295 2582 1331 που
2613 1279 2705 1332 καὶ
2735 1280 2829 1332 ἐπὶ
2876 1282 3001 1342 ταῖς
3037 1278 3224 1348 ὄχθαις
3275 1279 3649 1348 ἐνστρατοπε-

2067 1371 2391 1441 δευσὸμενον
2416 1371 2619 1436 ἔλιπεν,
2639 1371 2799 1435 αὐτὸς
2830 1373 2886 1426 δὲ
2913 1373 3018 1425 τῶν
3036 1372 3173 1425 νεῶν
3187 1371 3247 1424 οῦ
3261 1389 3363 1437 πω,
3386 1370 3532 1425 καθά
3549 1387 3647 1440 περ

2068 1465 2283 1534 εἴρηται
2319 1466 2667 1535 ἀφικομένων
2691 1464 2818 1528 τοὺς
2849 1464 3084 1535 λέμϐους
3109 1464 3359 1535 ἀλλήλοις
3377 1463 3649 1535 ξυνδῆσας

2069 1557 2165 1612 καὶ
2203 1557 2588 1627 ἁρμοσάμενος
2622 1560 2719 1611 σὺν
2751 1557 3132 1622 πεντακοσίοις
3157 1556 3268 1609 τῶν
3299 1555 3439 1625 ἀμφ’
3475 1556 3648 1608 αὑτὸν

2069 1650 2161 1703 τὸν
2202 1648 2415 1720 Ἴστρον
2464 1650 2614 1721 διέϐη
2665 1667 2682 1681 ο
2722 1650 2930 1721 μέλλων
2995 1667 3055 1704 τε
3115 1649 3448 1719 ἐπίπροσθεν
3502 1647 3647 1700 ἱέναι

2069 1741 2226 1794 δυσὶν
2258 1741 2438 1806 ἄλλοις
2473 1741 2793 1811 ἐντυγχάνει
2835 1743 3101 1810 ποταμοῖς
3139 1737 3515 1810 ναυσιπόροις.
3551 1738 3645 1800 Ὠς

2066 1833 2162 1889 οὖν
2191 1837 2403 1907 οὐδαμῆ
2447 1835 2741 1906 λεμϐάδιον
2785 1833 3020 1889 ἐνταῦθα
3055 1833 3382 1903 διεφαίνετο,
3413 1825 3460 1900 ᾧ
3506 1833 3650 1904 χρή·

2071 1948 2225 1984 σαιτο
2266 1931 2331 1986 ἄν
2364 1948 2448 1994 τις
2479 1933 2537 1996 ἐς
2575 1931 2677 2002 τὴν
2717 1931 3046 2001 περαίωσιν,
3085 1928 3309 1982 ἐκέλευε
3349 1930 3463 1992 τοῖς
3513 1927 3646 1999 περὶ

2068 2024 2233 2078 αὑτὸν
2275 2029 2392 2085 τοῖς
2420 2024 2532 2076 τῶν
2588 2023 2773 2076 ἵππων
2812 2023 3058 2096 οὒραίοις
3103 2024 3173 2078 τὰ
3201 2012 3297 2076 ἐπὶ
3335 2023 3414 2093 τῷ
3442 2023 3648 2093 Ἴστρῳ

2067 2116 2270 2184 ἀκάτια
2330 2119 2696 2188 ξυνδήσαντας
2734 2117 2817 2181 είς
2850 2117 2975 2181 τοὺς
3016 2116 3343 2189 εἰρημένους
3379 2113 3645 2186 μετάγειν

2065 2202 2178 2255 τῶν
2233 2201 2517 2271 ποταμῶν.
2580 2199 2654 2256 Οὔ
2710 2203 3000 2269 γεγονότος
3053 2204 3293 2272 ἀμογητὶ
3342 2202 3639 2264 διέϐαινον,

2066 2289 2248 2363 χῶρόν
2297 2292 2357 2344 τέ
2412 2309 2533 2344 τινα
2580 2290 2789 2362 δολιχὸν
2822 2289 3212 2361 διαμείψαντες
3246 2292 3376 2360 ἄχρι
3410 2291 3506 2345 καὶ
3546 2291 3645 2343 ἐπὶ

2065 2384 2188 2453 ὅρος
2206 2382 2363 2436 τένου
2379 2383 2546 2451 ὅρμον
2576 2377 2761 2455 ἦλθον,
2780 2382 2915 2454 ὅπερ
2940 2380 3108 2451 άγχοῠ
3136 2381 3246 2434 τῶν
3261 2379 3641 2451 Ταυροσκυθι-

2067 2479 2173 2546 κῆς
2191 2476 2360 2547 ὁρίων
2382 2476 2588 2546 άνέχει.
2624 2475 2793 2527 Ἔνθα
2818 2475 2877 2527 τὸ
2897 2474 3008 2527 τῶν
3026 2474 3249 2527 Σκυθῶν
3274 2472 3644 2542 στρατόπεδον

2065 2572 2279 2642 ἀνδρῶν
2313 2571 2664 2625 παντάπασιν
2696 2569 2904 2639 ἔρημον
2929 2567 3227 2639 εὑρηκότες
3259 2567 3486 2637 (ᾤχοντο
3529 2567 3647 2636 γάρ

2065 2665 2125 2716 ού
2155 2663 2338 2733 πολλῷ
2370 2663 2642 2733 πρότερον
2688 2661 2967 2730 ἀπιόντες)
3003 2660 3340 2730 προσωτέρω
3371 2657 3642 2729 ἐχώρουν.

2078 2753 2230 2808 Ἐπεὶ
2263 2754 2317 2806 δὲ
2346 2755 2489 2820 ἀμφὶ
2526 2753 2699 2822 μέσην
2728 2750 2941 2822 ἡμέραν
2975 2749 3075 2822 ἤδη
3101 2745 3176 2821 ’ἦν
3207 2749 3303 2802 καὶ
3346 2749 3519 2811 οὐδεὶς
3548 2748 3642 2800 ούο

2062 2845 2210 2916 δαμῆ
2244 2845 2521 2914 πολεμίων
2556 2842 2899 2912 διεφαίνετο,
2933 2840 3148 2902 Σκύθας
3182 2839 3308 2902 τοὺς
3335 2841 3454 2893 ὅσοι
3498 2841 3643 2892 Ῥω·-

2067 2939 2250 3011 μαίοις
2281 2936 2703 3008 ξυνεστράτευον
2752 2935 3160 3003 ἀπολεξάμενος
3210 2931 3464 3003 βασιλεὺς
3504 2933 3644 2985 ὑπο·

388 3032 752 3089 Barbarornm
789 3030 894 3084 sibi
929 3029 1206 3083 videretur
1237 3029 1403 3094 acies,
1461 3027 1841 3098 imperatorem
1866 3043 1962 3097 per

2067 3029 2466 3104 στρατηγοῦντι
2515 3028 2810 3100 Γιφάρδῳ,
2860 3027 3022 3099 ἀνδρὶ
3079 3025 3336 3098 πολέμων
3383 3027 3643 3098 ἐμπείρῳ

388 3122 626 3188 nuntios,
683 3131 739 3174 ut
789 3119 1077 3176 confestim
1130 3119 1238 3191 95
1270 3120 1576 3185 accederet,
1632 3119 1959 3175 sollicitavit.

388 3215 486 3272 liis
539 3215 800 3286 acceptis,
853 3228 1000 3267 arma
1056 3215 1317 3267 continuo
1366 3212 1829 3282 induitprinceps,
1877 3228 1966 3266 ar-

376 3314 570 3362 matur
617 3309 843 3378 perinde
888 3317 944 3361 et
1009 3315 1156 3362 totus
1195 3306 1488 3361 exercitus.
1546 3305 1667 3358 Mox
1735 3320 1765 3358 a
1813 3315 1964 3374 tergo

386 3402 614 3471 Scythas
662 3399 825 3454 simul
881 3399 1078 3463 udOl‘li,
1149 3413 1270 3454 cum
1302 3397 1370 3452 iis
1420 3413 1611 3452 manus
1649 3408 1962 3453 conserunt.

385 3493 567 3548 Primo
630 3492 844 3563 quidem
912 3500 1110 3546 stetere
1161 3489 1396 3561 Scytha,
1458 3491 1606 3545 velut
1663 3489 1962 3546 subeuntes

386 3590 706 3655 excepturi:
747 3601 810 3640 ac
857 3583 911 3639 in
955 3583 1273 3654 phalangem
1323 3583 1583 3651 ordinati,
1647 3584 1866 3640 voluere
1907 3590 1965 3637 ut

386 3681 612 3744 auxilia,
645 3690 755 3732 tum
790 3693 886 3748 pro
913 3692 992 3742 se,
1031 3688 1141 3732 tum
1175 3692 1272 3746 pro
1299 3680 1473 3748 praeda
1501 3693 1661 3747 quam
1698 3655 1962 3744 fecerant,

387 3772 597 3839 primos
645 3771 875 3840 impetus
923 3773 1274 3825 sustinerent.
1321 3767 1568 3823 Validum
1599 3771 1871 3841 utrimque
1906 3771 1964 3824 lit
1999 3771 2002 3773 ’

389 3863 650 3932 praelium.
683 3860 1001 3930 Complures
1042 3861 1269 3915 Romani
1311 3862 1566 3931 praeclare
1590 3861 1748 3917 factis
1783 3861 1851 3915 ibi
1883 3863 1964 3938 inf

390 3959 660 4021 claruere,
691 3965 853 4024 atque
882 3953 934 4008 iu
965 3953 1154 4023 primis
1181 3954 1492 4024 imperator.
1527 3952 1781 4007 Hostibus
1819 3953 1962 4007 enim

387 4047 634 4102 cominus
656 4045 855 4111 acriter
883 4045 1221 4115 urgentibus,
1263 4046 1378 4114 ipse
1411 4045 1655 4100 invectus
1676 4042 1829 4099 basta
1852 4045 1964 4100 dis-

387 4138 548 4193 solvit
614 4135 886 4190 conl'ertos
941 4135 1294 4206 pugnantium
1328 4135 1589 4200 ordines;
1645 4149 1820 4205 neque
1848 4135 1962 4189 sin-

384 4231 606 4302 gulatim
661 4230 945 4292 duntaxat;
1006 4229 1098 4282 sed
1148 4236 1202 4282 et
1245 4227 1402 4283 binos
1445 4227 1607 4283 simul
1671 4229 1961 4295 interdum,

386 4325 571 4378 multis
623 4336 811 4377 eorum
863 4319 1037 4374 caesis.
1110 4318 1189 4373 lta
1217 4321 1418 4374 invicto
1459 4321 1713 4390 principis
1761 4322 1959 4391 impetu

2067 3122 2300 3184 πολλῶν,
2355 3121 2556 3178 αὐτοὺς
2615 3121 2713 3192 μὲν
2781 3119 2958 3174 ὀπίσω
3004 3118 3112 3172 τῶν
3160 3117 3440 3186 πολεμίων
3496 3117 3640 3171 ἱέναι

2064 3216 2334 3287 ἔπεμψεν,
2366 3215 2866 3284 ἱχνοσκοπὴσοντά;
2899 3229 2959 3265 τε
2994 3211 3090 3265 καὶ
3118 3211 3226 3282 ὅπη
3248 3211 3453 3264 δυνατὰ
3479 3208 3640 3264 ἔσται

2068 3310 2514 3382 μαχησομένους,
2567 3307 2732 3372 αὐτὸς
2787 3305 2844 3361 δὲ
2881 3305 3119 3359 κατόπιν
3170 3303 3470 3374 ἐπορεύετο
3513 3320 3644 3374 σχο-

2064 3406 2364 3474 λαιότερον.
2391 3403 2505 3456 Οὐκ
2535 3403 2616 3464 είς
2659 3399 2880 3471 μακρὰν
2908 3395 3005 3452 οὖν
3032 3399 3061 3452 δ
3086 3397 3364 3470 Γιφάρδος
3393 3399 3507 3460 τοῖς
3542 3415 3642 3451 πο-

2063 3497 2276 3563 λεμίοις
2325 3490 2738 3561 ἐντετυχηκὼς,
2779 3489 2971 3560 ἐπειδὴ
3005 3490 3079 3562 μὴ
3115 3490 3344 3560 ἐθάρρει
3379 3492 3447 3559 τῇ
3497 3506 3640 3559 συμ-

2066 3588 2196 3659 ϐολῇ
2237 3587 2320 3658 (τὸ
2349 3587 2456 3656 γάρ
2489 3585 2801 3654 Βαρύάρων
2842 3584 3048 3654 πλῆθος
3088 3583 3328 3654 ἀριθμοῦ
3382 3587 3642 3654 κρεῖσσον

2066 3680 2215 3750 αὐτῷ
2278 3679 2607 3748 κατεφάνη),
2663 3675 2887 3746 πέμψας
2921 3677 3028 3729 ,ἐπὶ⁵
3070 3677 3161 3729 τὸν
3207 3673 3432 3746 βασιλέα
3480 3676 3642 3745 ἥκειν

2064 3775 2231 3829 αὑτὸν
2265 3773 2367 3844 τὴν
2397 3772 2661 3842 ταχίστην
2693 3772 2885 3825 ἐδεῖτο.
2933 3769 3119 3824 Ταῦτα
3148 3766 3336 3839 ἐπειδὴ
3381 3767 3642 3838 βασιλεὺς

2065 3869 2324 3940 Ιἤκουσεν,
2357 3867 2518 3928 αὐτός
2544 3883 2604 3918 τε
2637 3863 2775 3934 πρὸς
2805 3864 2919 3926 τοῖς
2947 3861 3132 3926 ὅπλοις
3171 3862 3370 3916 αὐτίκα
3416 3862 3642 3930 ἐγένετο

2065 3963 2161 4018 καὶ
2227 3962 2289 4016 τὸ
2359 3960 2678 4029 στράτευμα
2739 3953 3041 4022 ἐξώπλιστο
3085 3955 3251 4008 ἅπαν.
3321 3953 3530 4008 Ὀπίσω
3577 3971 3638 4007 τε

2065 4051 2291 4107 Σκυθῶν
2355 4032 2778 4112 διώξαντεςέίς
2831 4047 3020 4114 χεῖρας
3071 4044 3171 4115 ἥδη
3227 4039 3394 4114 ἦλθον
3431 4044 3638 4106 αὐτοῖς.

2064 4144 2271 4199 Σκύθαι
2306 4142 2486 4195 τοίνυν
2523 4141 2583 4192 τὸ
2626 4139 2725 4210 μὲν
2759 4137 2979 4208 πρῶτον
3017 4135 3254 4206 ἔστησάν
3292 4154 3352 4190 τε
3387 4136 3462 4198 ὡς
3499 4138 3637 4190 ὑπο-

2064 4237 2343 4306 δεξάμενοι
2371 4234 2510 4302 6:95;
2550 4234 2647 4285 καὶ
2676 4234 2733 4294 ἐς
2771 4230 3038 4298 φάλαγγα,
3059 4227 3353 4298 ταξάμενοι
3381 4228 3639 4298 βοήθειαν

2070 4329 2218 4397 σφῶν
2244 4344 2303 4379 τε
2334 4325 2515 4378 αὐτῶν
2549 4327 2644 4376 καὶ
2687 4315 2766 4376 ὧν
2809 4322 3080 4393 ἐπήγοντο
3119 4320 3380 4391 λαφύρων
3420 4339 3639 4395 προπο-

384 4416 722 4484 proturbatis
765 4412 1030 4479 hostibus,
1086 4411 1315 4467 Romani
1363 4413 1570 4468 viribus
1628 4413 1851 4485 integris
1882 4417 1961 4468 in-

2066 4420 2274 4475 νεῖσθαι
2301 4418 2512 4490 ἤθελον,
2541 4416 2574 4485 ἦ
2606 4432 2663 4468 τε
2707 4414 2949 4484 ξυμϐολὴ
3004 4415 3346 4485 ἑκατέρωθεν
3385 4416 3480 4469 σὺν
3511 4416 3642 4468 ὠθι-

383 4523 659 4581 gruentes,
697 4518 861 4562 totam
886 4507 1057 4563 aciem
1078 4520 1387 4576 perrupere.
1411 4503 1637 4560 Plurimi
1665 4514 1776 4559 tum
1813 4507 1962 4563 ceci-

2066 4514 2187 4585 σμῷ
2237 4513 2330 4566 καὶ
2362 4511 2454 4582 βίᾳ
2478 4503 2707 4578 ἐγίνετο.
2737 4507 2866 4560 Ὀτε
2894 4507 2957 4578 δὴ
2989 4508 3174 4560 πολλοὶ
3211 4507 3308 4577 μὲν
3346 4506 3440 4560 καὶ
3483 4508 3637 4560 ἄλλοι

384 4610 510 4658 dere
540 4602 927 4668 Barbarorum,
990 4610 1204 4656 centum
1237 4600 1455 4652 circiter
1505 4599 1670 4668 capti,
1709 4608 1875 4668 atque
1910 4600 1961 4654 iu

2072 4607 2369 4676 Ῥωμαίων
2435 4603 2632 4672 ἄνδρες
2693 4603 2945 4668 ἐγένοντο
3007 4599 3229 4668 ἀγαθοὶ,
3277 4598 3535 4671 βασιλεὺς
3579 4601 3635 4653 δὲ

386 4699 451 4750 iis
515 4695 778 4754 Lazarus.
836 4694 1002 4748 animi
1036 4696 1227 4748 robore
1277 4701 1558 4762 prastans,
1584 4699 1636 4745 et
1663 4691 1802 4745 inter
1827 4689 1962 4763 Scy-

2066 4697 2279 4750 πάντων
2309 4693 2563 4765 μάλιστα.
2591 4691 2676 4764 [Ρ.
2702 4690 2792 4763 55]
2821 4690 2939 4743 Τῶν
2966 4691 3074 4762 γάρ
3102 4691 3378 4762 πολεμίων
3405 4692 3634 4762 ἔγγιστα

385 4789 558 4841 thicos
596 4786 920 4858 phylarchus
976 4785 1320 4854 conspicuus.
1379 4782 1639 4853 Reliquos
1693 4798 1958 4853 equorum

2066 4790 2405 4858 ἐγκειμένων
2440 4784 2696 4857 ἰσχυρῶς,
2728 4786 2895 4849 αὐτὸς
2935 4786 3034 4839 σὺν
3064 4785 3140 4856 τῷ
3172 4786 3359 4857 δόρατι
3403 4785 3638 4839 ἐπελαύς-

381 4882 555 4932 virtus
596 4889 650 4931 et
697 4880 860 4932 densa
938 4879 1222 4943 montium,
1256 4878 1345 4946 qui
1370 4877 1670 4947 complures
1702 4877 1774 4932 ibi
1810 4887 1953 4944 sunt,

381 4986 708 5036 servavere;
749 4971 976 5024 llnmani
1020 4981 1221 5036 autem,
1247 4966 1542 5038 postquam
1573 4980 1762 5023 cuncta
1787 4969 1957 5038 pabu-

384 5067 674 5122 lationibus
730 5069 1168 5137 absumpserant,
1217 5077 1361 5120 retro
1413 5069 1605 5120 deinde
1657 5076 1958 5124 cesserunt.

385 5161 504 5227 Quo
534 5171 644 5215 tum
695 5171 937 5228 tempore
972 5157 1130 5213 Sotas
1195 5159 1302 5223 ille,
1340 5172 1500 5229 quem
1519 5174 1716 5228 genere
1743 5169 1797 5213 et
1827 5158 1964 5212 divi-

390 5255 477 5307 tiis
535 5253 960 5324 prwpollentem,
1020 5264 1076 5306 ut
1131 5252 1386 5318 diximus,
1430 5260 1684 5322 ceperant
1725 5252 1961 5322 Scythas,

384 5357 598 5413 arrepta
629 5344 939 5408 occasione,
973 5341 1094 5412 fuga
1131 5343 1182 5397 in
1207 5353 1384 5397 castra
1417 5343 1682 5410 pervenit.

2062 4900 2169 4935 νων
2213 4884 2306 4933 τὸν
2353 4881 2737 4950 συνασπισμδν
2789 4880 2974 4940 αὐτοῖς
3025 4879 3205 4942 ἔλυεν,
3254 4883 3317 4933 οὐ
3362 4879 3487 4932 καθ’
3537 4880 3635 4933 ἱνα

2068 4972 2246 5040 μόνον,
2269 4968 2385 5020 ἀλλ’
2407 4967 2508 5040 ἤδη
2534 4969 2629 5021 καὶ
2647 4967 2840 5022 σύνδυο
2865 4967 3095 5030 πολλοὺς
3118 4968 3344 5022 ἐκείνων
3377 4970 3638 5022 ἀποκτιν-

2057 5064 2172 5126 νύς.
2201 5060 2368 5115 Ὅθεν
2412 5061 2506 5113 καὶ
2552 5060 2632 5130 τῷ
2665 5060 3026 5131 άνυποστάτῳ
3063 5060 3163 5129 τῆς
3214 5059 3483 5130 βασιλέως
3527 5079 3636 5116 πα-

2065 5152 2520 5225 ρακεκινημένων
2580 5151 2782 5222 ὁρμῆς,
2849 5151 3115 5222 Ῥωμαῖοι
3184 5153 3637 5226 ὁλοσχερέστερον

2062 5250 2184 5302 κατ’
2217 5245 2398 5300 αὐτῶν
2429 5243 2812 5314 ἐπιϐρίσαντες
2851 5243 3109 5316 λαμπρὰν
3144 5246 3243 5316 ἠδη
3278 5245 3380 5316 τὴν
3416 5249 3637 5314 tum”.

2069 5343 2171 5412 γὴν
2203 5338 2444 5408 ἐποίουν.
2475 5338 2670 5390 Πολλοὶ
2697 5337 2791 5406 μὲν
2822 5334 2916 5392 οὖν
2941 5336 3244 5408 Βαρϐάρων
3270 5337 3467 5393 ἔπεσον
3490 5381 3506 5407 ,
3540 5341 3634 5394 ἐά-

382 5430 646 5490 λωσανδέ
679 5438 773 5490 καὶ
800 5439 878 5500 είς
907 5437 1098 5489 ἑκατὸν
1132 5435 1400 5507 μάλιστα,
1445 5438 1501 5488 ἐν
1532 5433 1613 5497 οἷς
1649 5435 1745 5489 καὶ
1804 5435 2058 5504 Λάζαρος
2096 5428 2186 5504 ἧν,
2234 5432 2372 5504 ἀνὴρ
2440 5433 2533 5485 ἐπὶ
2595 5432 2847 5486 πλεῖστον
2891 5431 2990 5503 μὲν
3031 5431 3278 5504 ἀνδρείας
3329 5433 3503 5503 ἥκων,
3544 5434 3635 5488 ἐπὶ

378 5531 496 5592 τοῖς
525 5533 583 5584 ἐν
629 5531 783 5600 σφίσι
821 5529 1121 5602 φυλάρχοις
1166 5528 1509 5599 ἀπόϐλεπτος
1573 5527 1648 5580 ῶν
1684 5543 1698 5556 ·
1731 5529 1861 5590 τοὺς
1903 5528 1948 5580 δ’
1991 5526 2391 5588 aliamturth
2416 5544 2473 5580 τε
2505 5529 2674 5597 ἁρετὴ
2735 5527 2829 5580 καὶ
2887 5527 2944 5580 τὺ
3006 5527 3116 5581 τῶν
3153 5527 3299 5598 ὀρῶν
3336 5527 3636 5582 διεσώσατο

380 5624 590 5690 λάσιον,
621 5624 658 5678 ἃ.
687 5623 815 5694 τῇδε
852 5623 1021 5677 πολλὰ
1054 5622 1452 5693 παρατέταται.
1508 5622 1771 5693 Ῥωμαῖοι
1832 5623 1889 5675 δὲ
1947 5623 2012 5675 τά
2055 5623 2121 5673 ἐκ
2153 5620 2433 5694 προνομῆς
2465 5620 2781 5691 ἀνελόμενοι
2809 5619 2986 5675 πάντα
3011 5622 3188 5676 ὀπίσω
3225 5622 3412 5675 λοιπὸν
3432 5621 3636 5693 ἀνεχὼο

385 5731 533 5786 ρουν,
583 5716 672 5769 ὅτε
705 5715 771 5784 δὴ
798 5717 894 5770 καὶ
924 5714 1095 5777 Σὸιας
1136 5715 1364 5776 ἐκεῖνος,
1397 5714 1456 5766 δν
1491 5713 1706 5785 πλούτῳ
1758 5731 1816 5768 τε
1857 5713 1952 5769 καὶ
1988 5715 2162 5783 γένει,
2195 5712 2446 5782 καθάπερ
2480 5711 2717 5784 εἴρηται,
2744 5713 3087 5785 διενεγκόντα
3143 5713 3635 5787 ἀνδραποδισθῆναι

383 5810 620 5874 Σκύθαις
681 5809 903 5882 ξυνέϐη,
947 5806 1132 5870 ἁδείας
1181 5805 1481 5879 λαϐόμενος
1534 5807 1712 5878 φυγάς
1761 5809 1852 5862 ἐτι)⁸
1887 5808 1946 5860 τὸ
1989 5806 2355 5877 στρατόπεδον
2387 5800 2541 5879 ἦλθε.
