3960 6164
509 266 612 330 42η

1825 241 2148 302 JOANNIS
2182 233 2511 299 CINNAMI

3677 229 3801 291 428

512 379 627 448 98
686 373 976 443 patriaeque
1029 364 1259 421 amantis
1293 362 1453 416 animi
1510 366 1847 430 argumenta.
1881 355 2087 448 Quippe

2208 348 2537 418 Ῥωμαίους,
2567 341 2703 398 ἀλλὰ
2735 341 2831 396 νῦν
2854 341 2936 394 ἑτι
2975 341 3213 411 μάλιστα
3244 339 3380 411 πρὸς
3405 341 3594 412 ἔργοις
3631 343 3779 412 τινε.

513 447 693 524 statim
743 474 904 534 atque
939 463 991 515 in
1022 457 1212 528 vulgus
1238 470 1325 510 res
1350 451 1513 521 cmpit
1557 447 1898 506 disseminari
1921 487 1935 510 ,
1977 459 2088 498 om-

517 563 604 615 nia
639 561 691 613 in
775 554 1105 611 contrarium
1187 561 1423 604 cessere.
1509 544 1642 597 Nam
1693 551 1744 596 et
1809 539 2084 593 Romanos

518 655 609 724 qui
679 649 872 705 moenia
934 645 1044 715 jam
1103 641 1479 704 ascenderant,
1554 635 1718 690 Siculi
1773 639 2086 704 exegerunt,

518 748 855 814 tumultuque
875 753 926 798 et
956 741 1390 797 consternatione
1423 738 1604 792 omnia
1639 736 1838 805 repleta
1870 738 2013 782 sunt.

2196 446 2343 509 σθαι,
2369 446 2458 497 ὅτε
2486 440 2548 494 οὐ
2587 437 2809 509 μακρὰν
2841 434 3072 488 ἐλπίδων
3109 433 3374 504 ἑστήκασι
3405 433 3500 486 τοῦ
3548 435 3651 505 τὴν
3690 436 3778 488 πό

2195 540 2280 593 λιν
2306 541 2468 592 ἑλεῖν.
2509 533 2652 592 Ἀλλ’
2682 527 2822 601 ἦσαν
2843 531 3012 582 ταῦτα
3042 526 3220 598 ψυχῆς
3252 526 3369 594 μὲν,
3406 523 3588 596 οἶμαι,
3632 545 3782 596 γνω.

2201 630 2443 701 ρίσματα
2468 630 2731 702 ἀνδρικῆς
2764 621 2938 673 καὶτὸ
2977 618 3098 671 ὅλον
3131 618 3363 688 ἀρεῖκῆς
3391 635 3448 671 τε
3480 623 3578 674 καὶ
3624 620 3782 690 φιλο-

2199 725 2481 794 πάτριδος,
2515 725 2586 776 Τὸ
2619 723 2673 775 δὲ
2707 725 2942 791 πρᾶγμα
3014 713 3132 782 ἅμα
3178 734 3238 773 τε
3289 724 3613 791 ἐπέπρακτο
3687 723 3788 771 καὶ

515 845 631 914 ἅμα
689 811 799 902 τοῖς
867 835 1127 906 πλήθεσιν
1185 832 1454 884 ἔκπυστον
1519 832 1740 899 γεγονὸς
1793 830 1870 888 εἰς
1915 819 2226 876 τούναντίον
2283 818 2616 887 περιήνεγκε
2691 815 2888 867 πάντα.
2962 813 3270 882 Ῥωμαίους
3319 833 3378 868 τε
3446 817 3556 887 γὰρ
3604 811 3780 865 καίτοι

514 903 744 1010 τειχέων
775 930 1011 1000 ῦπερθεν
1047 929 1146 999 ήδη
1179 926 1587 995 γεγενημένους
1616 922 1942 979 ἀπεώσαντο
2000 912 2235 979 Σικελοὶ,
2264 914 2356 964 καὶ
2390 909 2651 979 σύγχυσις
2677 903 2790 978 εἶχε
2826 911 3007 962 πάντα
3034 910 3334 978 καὶθροῦς.
3366 910 3373 918 “

590 1033 645 1087 5.
697 1031 873 1097 Atque
920 1026 964 1076 is
997 1026 1107 1075 tum
1132 1020 1228 1073 fuit
1255 1020 1333 1071 rei
1363 1019 1622 1073 Romana:
1647 1026 1838 1071 status.
1875 1014 1972 1068 His
1993 1025 2089 1066 co-

515 1125 703 1197 gnitis,
761 1135 866 1173 non
934 1114 1162 1176 modice,
1191 1122 1247 1165 ut
1295 1128 1390 1180 par
1422 1123 1562 1173 erat,
1597 1116 1896 1165 commotus
1923 1107 2094 1174 impe-

521 1229 687 1281 rator,
751 1211 940 1268 classis
989 1207 1260 1279 praefecto,
1295 1207 1387 1275 qui
1419 1207 1468 1259 in
1498 1203 1732 1259 defuncti
1795 1202 1968 1254 locum
1999 1200 2094 1253 de—

518 1312 760 1379 signatus
832 1303 1031 1364 fuerat,
1093 1299 1371 1370 praecepit,
1419 1307 1476 1351 ut
1532 1296 1720 1350 urbem
1765 1289 2094 1361 alisquenlla

520 1398 840 1455 remissione
871 1399 1225 1461 Oppugnaret.
1280 1387 1383 1443 Sed
1420 1397 1474 1442 et
1499 1386 1567 1441 ab
1595 1386 1686 1440 illo
1717 1385 1858 1438 nulla
1891 1396 2097 1437 memo-

425 1477 429 1480 ν
519 1490 676 1548 rabili
715 1504 769 1543 re
826 1496 971 1556 gesta
1013 1483 1232 1554 (quippe
1267 1481 1538 1536 Romanos
1585 1481 1725 1534 inter
1754 1489 1808 1534 et
1835 1475 2094 1543 Venetos,

518 1586 609 1655 qui
667 1594 781 1638 tum
843 1581 909 1634 iis
960 1576 1258 1639 merebant,
1319 1586 1505 1628 exorta
1563 1583 1757 1644 prceter
1788 1572 2096 1642 opinionem

523 1673 820 1740 contentio,
867 1672 1107 1726 Romano
1131 1669 1390 1724 exercitui
1421 1668 1730 1723 felicitatem
1776 1666 2096 1736 ademerat),

519 1777 740 1824 coactus
763 1766 979 1820 tandem
1012 1772 1094 1817 est
1119 1761 1345 1830 ipsemet
1373 1759 1625 1830 princeps
1651 1774 1718 1815 eo
1762 1775 1817 1814 se
1850 1760 2100 1814 conferre

2261 1003 2320 1058 ε’.
2350 1006 2454 1058 Καὶ
2475 1004 2544 1056 τὰ
2577 1005 2676 1073 μὲν
2698 1004 2806 1056 τῶν
2834 1003 3123 1073 Ῥωμαίων
3154 1008 3210 1058 ἐν
3247 1005 3455 1068 τούτοις
3481 999 3646 1076 ἦσαν.
3671 1005 3757 1057 Βα-

2193 1099 2374 1162 σιλεὺς
2398 1097 2454 1150 δὲ
2475 1095 2680 1149 τούτων
2711 1096 2952 1160 ἀκούσας
2983 1098 3180 1169 ἠνιάθη
3220 1099 3317 1168 μὲν
3348 1097 3424 1161 ὡς
3479 1099 3540 1150 τὸ
3613 1098 3764 1159 εἰκὸς,

2194 1192 2505 1259 στολάρχην
2538 1189 2647 1259 (56)
2679 1188 2736 1240 δὲ
2767 1190 2888 1242 ἀντ’
2914 1194 3083 1247 αὐτοῦ
3115 1191 3657 1266 προκεχειρισμένος
3687 1191 3773 1241 ἐν·

2196 1289 2424 1352 ενδύτως
2478 1292 2579 1358 τῆς
2669 1284 2989 1354 πολιορκίας
3052 1291 3306 1344 ἐκέλευεν
3370 1287 3618 1359 ἔχεσθαι.
3674 1281 3776 1337 Τοῦ

2194 1385 2253 1438 δὲ
2300 1387 2396 1438 καὶ
2431 1381 2597 1437 αὑτοῦ
2625 1379 2780 1432 οὐδὲν
2821 1381 2921 1432 ὃτι
2954 1385 3046 1436 καὶ
3068 1384 3231 1453 λόγου
3264 1384 3416 1448 ἄξιον
3457 1378 3779 1448 ἐνδειξαμὲο

2196 1497 2288 1533 νου
2314 1478 2531 1551 (στάσις
2567 1479 2667 1549 μὲν
2697 1479 2808 1551 γὰρ
2857 1478 3150 1548 Ῥωμαίων
3189 1475 3394 1547 μεταξὺ
3426 1475 3522 1529 καὶ
3552 1474 3781 1528 Οὐεννέ-

2191 1591 2322 1640 των,
2350 1573 2399 1626 οἳ
2473 1574 2599 1644 τῇδε
2659 1574 2758 1627 σὺν
2795 1573 2981 1635 αὐτοῖς
3047 1573 3374 1642 ἐστράτευον
3442 1568 3782 1633 ἐξαπιναίως

2195 1665 2499 1730 ἀναφθεϊσα
2529 1665 2591 1718 τὺ
2621 1663 3027 1736 κατορθωτικδν
3047 1662 3138 1716 τοῦ
3175 1660 3459 1731 Ῥωμαίων
3491 1659 3785 1731 παρείλετο

2197 1757 2456 1828 στρατοῦ)
2490 1758 2643 1821 τέλος
2678 1757 2999 1825 ὴνάγκαστο
3031 1757 3194 1819 αὐτὸς
3224 1754 3486 1825 βασιλεὺς
3534 1752 3783 1804 ἐνταῦθα

519 1872 579 1914 et.
598 1857 1059 1929 oppugnationem.
1077 1853 1317 1923 aggredi.
1339 1852 1632 1918 Diremptis
1655 1851 1839 1920 itaque
1866 1849 2092 1904 Romani

2208 1852 2440 1921 γεγονὼς
2467 1851 2568 1920 τῆς
2602 1849 2928 1920 πολιορκίας
2957 1849 3222 1917 ἅψασθαι.
3277 1846 3598 1908 Οὐεννέτοις
3651 1845 3786 1912 γοῦν

523 1951 824 2021 Venetique
879 1947 1150 2003 exercitus
1197 1945 1561 2000 simultatibus
1617 1952 1670 1998 et
1732 1944 1988 2013 utrinque
2027 1942 2093 1996 iis

522 2044 612 2111 qui
660 2037 892 2096 causam
939 2038 1281 2107 praebuerant
1350 2034 1608 2100 multatis,
1663 2049 1861 2105 magno
1891 2035 2093 2101 impetu

453 2150 458 2155 ‘
525 2135 723 2189 mmnia
781 2129 1134 2201 impugnavit.
1168 2126 1261 2184 llis
1317 2130 1477 2183 rebus
1537 2135 1795 2196 occupato
1830 2126 2091 2195 principe,

519 2226 783 2297 Bogerius
817 2222 1015 2279 Sicilia:
1049 2234 1308 2293 tyrannus
1341 2232 1405 2276 ut
1427 2223 1492 2276 ad
1533 2220 1827 2293 Corcyram
1863 2217 2097 2290 impera-

525 2335 695 2376 torem
757 2332 917 2387 agere
967 2316 1249 2381 intellexit,
1274 2315 1503 2370 classem
1534 2315 1701 2370 mittit
1739 2316 1787 2367 in
1820 2314 1952 2369 lines
1987 2313 2093 2366 Ro-

525 2429 834 2476 manorum,
884 2427 949 2465 eo
999 2410 1180 2464 animo
1202 2418 1262 2462 ut
1324 2409 1422 2462 bac
1451 2407 1579 2463 belli
1612 2408 1967 2462 translatione
1989 2406 2099 2460 soi-

529 2509 713 2561 vendae
743 2503 1038 2559 obsidionis
1097 2502 1473 2556 necessitatem
1542 2501 1862 2571 imponeret.
1893 2499 1962 2552 At
1995 2499 2096 2552 im-

527 2611 743 2668 perator
792 2595 964 2649 divisa
1027 2594 1224 2657 classe,
1255 2604 1462 2659 partem
1499 2593 1724 2647 alteram
1767 2591 1914 2646 misit
1961 2591 2100 2645 duce

525 2692 802 2760 Churupo,
835 2704 953 2758 quae
982 2685 1179 2742 Siculis
1201 2682 1472 2738 Romanas
1499 2689 1669 2740 terras
1699 2683 2101 2739 incursantibus

528 2782 780 2836 continuo
833 2787 1164 2839 occurreret,
1218 2777 1640 2847 resisteretque:
1674 2775 1760 2832 ille
1809 2786 1984 2832 autem
2047 2777 2098 2831 in

529 2873 884 2945 oppugnanda
939 2871 1369 2941 pertinacissime
1425 2870 1658 2941 Corcyra
1685 2870 1853 2945 magis
1889 2863 2099 2924 institit.

528 2967 632 3022 Per
659 2965 833 3021 scalas
880 2977 1116 3030 namque
1168 2960 1562 3032 magnitudinis
1583 2961 1861 3014 immensae
1891 2976 1922 3014 e
1951 2962 2102 3014 navi-

531 3060 632 3129 giis
657 3073 758 3112 non
794 3056 912 3110 sine
943 3053 1255 3109 diliicultate
1284 3052 1397 3124 99
1435 3052 1500 3106 ad
1552 3053 1751 3107 moenia
1785 3052 2104 3123 applicatas,

533 3152 728 3209 milites
752 3149 940 3203 eduxit
969 3162 983 3206 :
1021 3163 1246 3218 quarum
1307 3162 1412 3201 una
1441 3143 1925 3202 conscendentium
1974 3163 2106 3217 pon-

530 3244 662 3298 dere
694 3242 936 3306 elIraeta,
989 3242 1040 3297 in
1096 3255 1249 3297 mare
1297 3241 1602 3308 complures
1631 3241 1847 3311 deiecit,
1882 3240 1969 3296 ubi
2002 3241 2103 3294 mi-

531 3335 818 3393 serandum
845 3334 897 3388 in
933 3335 1147 3386 modum
1177 3330 1342 3387 effusa
1380 3334 1557 3387 anima
1583 3333 1852 3402 egregiam
1889 3333 2105 3388 virtutis

533 3443 643 3483 sine
666 3425 983 3482 memoriam
1005 3424 1267 3478 Romanis
1297 3425 1652 3494 reliquerunt.
1677 3421 1877 3480 Verum
1916 3424 2104 3488 Siculi,

533 3520 697 3575 etiam
723 3520 764 3575 si
799 3519 936 3572 intra
978 3519 1177 3572 moenia
1206 3517 1316 3586 jam
1372 3513 1646 3572 Romanos
1703 3518 2103 3587 conspicerent,

536 3627 641 3668 non
688 3610 804 3667 ideo
847 3621 1024 3663 tamen
1075 3609 1260 3663 urbem
1323 3609 1630 3679 imperatori
1669 3612 1884 3664 tradere
1927 3609 2108 3663 volue-

539 3714 690 3769 runt;
743 3703 835 3758 sed
887 3703 938 3756 in
1003 3718 1181 3760 arcem
1239 3714 1436 3772 quanta
1509 3712 1797 3772 potuerunt
1830 3701 2109 3757 celeritate

536 3798 944 3862 contendentes,
1003 3798 1125 3852 inde
1173 3811 1232 3852 se
1253 3796 1378 3852 tuiti
1431 3805 1561 3851 sunt
1591 3796 1854 3867 lapidibus
1887 3796 2111 3867 telisque

538 3904 601 3944 ac
645 3890 805 3943 rebus
858 3891 977 3944 aliis
1029 3905 1150 3958 quae
1175 3889 1240 3944 ad
1281 3904 1468 3944 manus
1512 3891 1890 3954 occurrebant,
1923 3889 2112 3945 imbris

540 3985 605 4037 de
630 3982 768 4037 cwlo
789 3982 891 4037 fusi
925 3984 1117 4046 instar,
1162 3982 1215 4036 in
1250 3989 1622 4052 Oppugnantes
1649 3981 1918 4054 projeclis.
1961 3984 2109 4038 Tan-

538 4083 650 4130 tam
694 4075 836 4130 enim
886 4076 936 4128 in
967 4074 1299 4130 altitudinem
1346 4077 1581 4148 assurgit
1635 4076 1899 4145 acropolis
1941 4086 2006 4130 ut.
2045 4087 2111 4127 ne

537 4167 711 4227 Oculis
751 4172 967 4240 quidem
1024 4171 1164 4226 illius
1199 4184 1470 4228 structura
1541 4173 1924 4242 comprehendi
1956 4173 2113 4226 facile

542 4265 732 4338 possit.
756 4264 924 4318 Aiunt
953 4281 1016 4320 eo
1044 4275 1154 4319 tum
1190 4276 1428 4336 tempore
1496 4276 1714 4336 propter
1761 4266 2111 4321 reluctantem

543 4363 810 4417 fortunam
845 4361 1080 4426 graviter
1113 4375 1432 4414 succensum
1464 4360 1870 4429 imperatorem,
1906 4369 2111 4415 rectum

544 4453 596 4512 in
645 4457 833 4511 biremi
868 4471 970 4525 qua
1029 4455 1329 4508 vehebatur
1379 4453 1690 4508 constitisse
1722 4471 1783 4508 ac
1830 4455 2115 4508 mandasse

2198 1946 2293 1998 καὶ
2325 1944 2405 2013 τῷ
2447 1943 2744 2013 Ῥωμαίων
2769 1943 2987 2016 στρατῷ
3018 1944 3086 1997 τὰ
3108 1942 3341 2014 διάφορα
3397 1937 3568 2004 λύσας
3627 1941 3786 2002 δίκας

2196 2055 2254 2092 τε
2279 2038 2394 2100 τοῖς
2437 2035 2497 2101 ἐξ
2520 2039 2848 2108 ἀμφοτέρων
2869 2036 3066 2101 αίτίοις
3095 2034 3445 2107 πραξάμενος
3477 2034 3574 2097 τὰς
3604 2051 3784 2106 προσ⁴

2194 2128 2435 2200 ηκούσας
2487 2130 2866 2199 κραταιότατα
2939 2128 3018 2199 τῷ
3051 2126 3329 2199 περιϐόλῳ
3370 2127 3619 2182 ἐπέθετο.
3678 2125 3786 2179 Καὶ

2195 2224 2223 2276 ὁ
2257 2222 2355 2293 μὲν
2382 2222 2518 2293 πρὸς
2555 2223 2767 2286 τούτοις
2801 2219 2894 2294 ἦν.
2943 2223 3224 2294 Ῥογέριος
3253 2222 3309 2275 δὲ
3341 2225 3369 2275 ό
3409 2221 3646 2275 Σικελῶν
3691 2221 3786 2273 τύ-

2203 2332 2394 2386 ραννος
2424 2317 2564 2387 πρὸς
2597 2321 2664 2390 τῇ
2700 2316 2969 2389 Κερκύρᾳ
3022 2315 3331 2387 διατρίϐειν
3400 2315 3635 2387 βασιλέα
3682 2332 3786 2367 πυ-

2199 2407 2425 2476 θόμενος
2477 2407 2665 2462 στόλον
2710 2409 2804 2461 ἐπὶ
2850 2407 2957 2478 γῆν
3001 2408 3102 2478 τὴν
3163 2407 3456 2476 Ῥωμαίων
3509 2406 3782 2476 ἔπεμπεν,

2200 2500 2378 2552 ἐκεῖνο
2417 2500 2559 2552 κατὰ
2593 2499 2722 2554 νοῦν
2759 2501 2900 2571 ἔχων
2927 2503 3075 2565 ὅπως
3108 2498 3314 2571 δηλαδὴ
3346 2502 3413 2571 τῇ
3438 2497 3578 2569 πρὸς
3605 2498 3784 2550 ικεῖνα

2205 2594 2486 2663 μεταφορᾷ
2502 2593 2598 2662 τῆς
2617 2594 2934 2664 πολιορκίας
2956 2592 3295 2664 ἀποσχέσθαι
3322 2589 3781 2659 καταναγκάσειε.

2203 2685 2468 2748 Βασιλεὺς
2497 2685 2551 2738 δὲ
2579 2687 2777 2756 μοῖράν
2804 2702 2928 2739 τινα
2956 2685 3067 2738 τῶν
3099 2685 3197 2737 σὺν
3224 2682 3376 2752 αὑτῷ
3442 2682 3782 2751 ἀποθέμενος

2202 2777 2341 2830 νεῶν
2376 2778 2546 2843 αὑτὰς
2579 2779 2677 2849 μὲν
2710 2778 2815 2832 ὑπὸ
2863 2775 3265 2849 στρατηγοῦντι
3320 2775 3397 2847 τῷ
3487 2775 3782 2846 Χουρούπῃ

2204 2869 2453 2932 Σικελοῖς
2472 2871 2566 2922 ἐπὶ
2595 2870 2696 2941 τὴν
2735 2869 3046 2938 Ῥωμαίων,
3073 2868 3270 2942 ὥσπερ
3293 2871 3455 2941 ἔφην,
3475 2868 3656 2922 ίοῦσιν
3688 2870 3780 2922 ἀν-

2205 2962 2572 3034 τιταξομὲνας
2617 2966 2826 3035 σπουδῇ
2855 2961 3133 3033 ἔπεμπεν,
3170 2964 3338 3028 αὐτὸς
3377 2963 3432 3018 δὲ
3459 2963 3545 3017 ἔτι
3580 2963 3778 3035 μᾶλλον

2206 3056 2449 3110 ἐνέκειτο
2498 3058 2814 3128 πικρότατα
2842 3056 3098 3120 Σικελοὺς
3128 3054 3460 3126 πολιορκῶν.
3493 3055 3779 3127 κλίμακας

2207 3149 2316 3220 γὰρ
2356 3149 2762 3220 ὑπερμεγέθεις
2793 3150 2882 3203 διὰ
2901 3149 3008 3226 τῷν
3041 3148 3179 3203 νεῶν
3197 3153 3310 3212 τοῖς
3343 3148 3558 3220 τείχεσι
3586 3166 3779 3221 προσε-

2209 3241 2413 3313 ρείσας,
2448 3245 2604 3314 μόγις
2635 3243 2733 3312 μὲν
2771 3241 2866 3296 καὶ
2896 3241 2991 3309 ξὺν
3035 3242 3130 3312 βία
3163 3243 3335 3312 ἀνῆγε
3361 3242 3406 3295 δ’
3436 3238 3532 3297 οῦν
3556 3243 3706 3313 ὅμως
3727 3244 3780 3295 τὸ

2206 3336 2548 3407 στράτευμα.
2604 3337 2735 3390 ’Ὀτε
2785 3336 2977 3406 ξυνέϐη
3032 3337 3162 3405 μίαν
3188 3337 3300 3390 τῶν
3372 3336 3661 3406 κλιμάκων
3706 3335 3778 3406 τῷ

2206 3434 2314 3484 τῶν
2351 3431 2614 3483 ἀνιόντων
2651 3429 2810 3500 ἄχθει
2869 3428 3357 3484 κατασπασθεῖσαν
3414 3429 3503 3500 ΙΡ.
3552 3427 3646 3501 57]
3706 3432 3777 3491 ες

2209 3523 2485 3577 θάλασσαν
2517 3523 2748 3589 πολλοὺς
2801 3527 3069 3593 ἐνεγκεῖν,
3110 3521 3173 3582 οῦ
3235 3529 3299 3600 δὴ
3373 3528 3643 3598 τλήμονες
3687 3527 3776 3588 τὰς

2207 3614 2383 3685 ψυχὰς
2411 3618 2824 3688 ὲκφυσήσαντες
2853 3619 3019 3674 πολύν
3043 3637 3166 3676 τινα
3199 3621 3296 3691 τῆς
3350 3621 3533 3674 αὐτῶν
3585 3622 3777 3691 ἀρετῆς

2222 3709 2514 3776 Ῥωμαίοις
2561 3711 2957 3766 ἀπολελοίπασι
2989 3714 3171 3783 λόγον.
3233 3716 3393 3770 Ἀλλὰ
3423 3714 3636 3767 Σικελοὶ
3666 3714 3776 3766 καί·

2210 3818 2291 3856 τοι
2321 3801 2467 3855 ἔνδον
2495 3803 2596 3874 ἤδη
2631 3803 2858 3875 τειχέων
2895 3805 3204 3876 Ῥωμαίους
3237 3805 3538 3875 γεγονότας
3589 3804 3771 3865 ἰδόντες

2213 3893 2470 3948 ἐνδιδόναι
2507 3893 2720 3964 βασιλεί
2744 3898 2847 3964 τὴν
2875 3899 3031 3952 πόλιν
3085 3900 3293 3971 οὐδαμῆ
3349 3898 3561 3971 ἦθελον.
3625 3897 3766 3951 Ὅθεν

2214 3990 2308 4041 καὶ
2341 3990 2435 4042 ἐπὶ
2461 3989 2561 4059 τὴν
2595 3990 2893 4062 ἀκρόπολιν
2933 3993 3008 4055 ὡς
3032 3989 3177 4063 εἶχον
3196 3993 3393 4063 τάχους
3447 3989 3769 4064 ἀναδραμόν-

2213 4100 2304 4146 τες
2335 4084 2586 4136 ὲντεῦθεν
2617 4083 2889 4154 ἠμύνοντο
2921 4086 3102 4151 λίθους
3133 4088 3227 4142 καὶ
3261 4087 3393 4158 βέλη
3425 4088 3518 4140 καὶ
3549 4087 3689 4140 ἅπαν
3719 4085 3769 4136 τὸ

2217 4178 2638 4248 παρατυχὸνὼς
2705 4178 2763 4242 ἐξ
2848 4179 3078 4250 οὐρανοῦ
3153 4197 3299 4243 τινος
3371 4180 3646 4251 ὀμϐρηδὸν
3696 4176 3770 4230 ἐπ’

2217 4271 2454 4333 ἐκείνους
2479 4271 2755 4340 ἀφιέντες.
2802 4272 2926 4325 Ἐπὶ
2959 4273 3214 4326 τοσοῦτον
3245 4274 3355 4346 γὰρ
3384 4275 3517 4343 ὕψος
3558 4275 3667 4343 (57}
3693 4273 3774 4326 ἀυ-

2218 4364 2375 4434 έρπει
2397 4366 2456 4417 τὸ
2499 4365 2759 4436 φρούριον
2791 4366 2865 4429 ὡς
2897 4366 3022 4438 μηδ’
3052 4367 3317 4438 ὀφθαλμῷ
3358 4366 3560 4439 ῥᾳδίως
3593 4366 3773 4430 ἐξεῖναι

2217 4458 2316 4526 τὴν
2383 4457 2698 4526 οίκοδομίαν
2757 4456 3077 4511 ἀναταθέντι
3157 4457 3496 4529 περιαθρεῖν.
3556 4457 3679 4510 Ὀτε
3720 4454 3773 4521 δὴ

545 4546 856 4618 remigibus,
906 4555 961 4598 ut
1006 4543 1339 4613 appellerent
1389 4557 1581 4598 navem
1623 4542 1689 4596 ad
1749 4542 1965 4605 moenia,
2005 4555 2101 4610 quc

2220 4549 2436 4618 λέγεται
2469 4551 2626 4622 θυμῷ
2653 4551 2744 4604 τὸν
2778 4551 3004 4622 βασιλέα
3039 4553 3410 4623 περιζέσαντα
3435 4552 3572 4623 πρὶς
3608 4551 3665 4604 τὸ
3721 4553 3775 4601 ἐκ

543 4641 657 4706 ipse
713 4640 1046 4692 ascenderet.
1103 4633 1300 4689 Verum
1362 4634 1556 4689 ducum
1595 4632 1781 4702 aliqui,
1812 4632 2109 4705 praesertim

2218 4643 2318 4710 τῆς
2344 4643 2518 4714 τύχης
2555 4646 2730 4696 ἐκεῖνο
2753 4644 3117 4715 δυσκλήρημα
3151 4644 3332 4716 δρθιόν
3363 4660 3420 4696 τε
3454 4644 3539 4714 ἐφ’
3568 4639 3631 4715 ἧς
3659 4642 3776 4710 ἄφί-

545 4731 956 4803 consanguinei,
1043 4730 1168 4784 totis
1221 4729 1322 4782 hoc
1393 4727 1600 4782 viribus
1665 4726 2008 4793 prohibuere,
2061 4738 2101 4776 ut

2219 4752 2343 4805 ρετο
2379 4737 2573 4806 στῆναι
2614 4736 2833 4808 διήρους
2856 4738 2950 4790 καὶ
2983 4739 3095 4802 τοῖς
3131 4737 3339 4808 ἑπὶτής
3397 4737 3638 4808 εἰρεσίας
3700 4752 3780 4787 κε·

545 4827 791 4895 equidem
861 4827 1052 4895 Opinor
1107 4824 1226 4893 ipso
1303 4836 1639 4892 nequaquam
1694 4821 1922 4874 volente.
1978 4819 2115 4871 Nam

538 4927 902 4990 praeterquam
962 4919 1103 4990 quod
1163 4917 1327 4970 animi
1382 4915 1745 4986 generositate
1805 4914 2116 4983 praestabat,

546 5024 673 5066 erat
720 5014 881 5066 etiam
938 5012 1356 5081 imperterritus.
1418 5007 1714 5065 Nonnullns
1745 5008 1920 5061 audivi
1948 5009 2038 5075 qui
2071 5015 2122 5060 et

2216 4825 2397 4882 λεύειν
2431 4829 2730 4900 προσάγειν
2760 4831 2962 4884 αὐτίκα
2985 4833 3099 4894 τοῖς
3129 4832 3338 4900 τείχεσι
3406 4831 3503 4900 τήν
3545 4830 3692 4896 ναῦν,
3713 4830 3780 4891 ὡς

2220 4923 2401 4988 αὐτὸς,
2424 4919 2598 4991 οἶμαι,
2618 4923 2802 4975 ἀνόδου
2826 4926 3166 4994 πειράσαιτο.
3199 4925 3359 4979 ’Λλλὰ
3386 4923 3547 4977 τοῦτο
3573 4927 3667 4996 μὲν
3685 4925 3780 4976 τῶν

2225 5013 2543 5084 στρατηγῶν
2578 5032 2723 5078 τινες
2751 5015 2844 5068 καὶ
2882 5015 3017 5086 πρὸς
3069 5013 3210 5088 αἷμα
3274 5018 3604 5084 ἐγγιζόντων
3646 5015 3779 5085 αὐτῷ

548 5105 869 5159 temeritatis
921 5105 992 5158 illi
1024 5104 1231 5163 crimen
1291 5103 1624 5174 atIingerent,
1677 5102 1941 5171 siquidem
1987 5101 2101 5157 divi

2223 5109 2386 5162 παντὶ
2416 5107 2594 5161 σθένει
2625 5107 2980 5175 διεκώλυσαν,
3005 5108 3148 5163 δοκῶ
3169 5109 3242 5181 μὴ
3274 5109 3396 5162 οὐδὲ
3417 5109 3568 5180 αὐτῷ
3598 5109 3780 5180 σφόδρα

551 5215 680 5252 nunt
728 5213 891 5269 prope
924 5208 978 5254 et
1033 5199 1270 5252 humano
1328 5197 1586 5266 majorem
1613 5195 1850 5250 animum
1910 5212 2092 5266 sempc

2224 5200 2486 5254 ἐθέλοντι.
2517 5201 2661 5271 Πρὸς
2691 5201 2801 5273 γὰρ
2825 5203 2903 5273 τῷ
2943 5202 3184 5274 γενναίῳ
3215 5203 3309 5256 καὶ
3334 5203 3588 5274 ἀσφαλὴς
3610 5200 3672 5275 ἦν
3721 5203 3780 5255 τὰ

1883 5315 1983 5376 Du
2031 5314 2254 5394 Cangii
2287 5325 2478 5379 notae.

624 5436 737 5509 (56)
777 5439 1151 5508 Στολὰρχην.
1205 5439 1480 5493 Exstincm
1528 5448 1580 5492 ct
1641 5453 1782 5494 caéso
1834 5437 2124 5493 Contoste-

559 5513 762 5582 pltano,
792 5512 1024 5582 Joannes
1051 5514 1306 5564 Asucbus
1339 5523 1563 5578 magnus
1605 5510 1931 5582 domesticus
1960 5511 2122 5582 classi

595 5583 846 5636 neticitur
887 5601 923 5633 ιι
957 5580 1230 5643 Mauuele,
1293 5581 1500 5650 absque
1540 5589 1716 5633 tamen
1749 5579 1925 5648 magni
1964 5581 2121 5636 ducis

802 5720 933 5776 Ἐπί
988 5719 1285 5777 τοσοῦτον
1304 5722 1413 5789 γὰρ
1449 5719 1625 5788 ὕψος.
1664 5720 1874 5776 Nicetas
1905 5724 1968 5777 de
1993 5737 2120 5778 arce

2234 5441 2561 5517 corcyrensi
2596 5458 2609 5495 :
2645 5442 2939 5517 'Eoudbﬂ
2977 5445 3341 5516 Κερκυραίων
3391 5446 3542 5517 ἂκρα
3589 5439 3779 5517 αίγίλιψ

2233 5515 2381 5585 πᾷσα
2407 5513 2501 5585 καὶ
2521 5517 2837 5584 ἀγχινεφὴς,
2862 5513 3158 5585 ἑλικοειδὴς
3175 5513 3292 5585 τὴν
3349 5513 3517 5581 θέσιν,
3559 5517 3647 5568 καὶ
3670 5513 3780 5580 ὑψι-

2230 5583 2528 5659 κόρυμὸοςὶ
2545 5583 2974 5659 προσνενευκυῖα
2993 5589 3048 5650 ὲς
3065 5583 3125 5640 τό
3142 5583 3395 5658 βάθιστον
3411 5592 3507 5659 τῆς
3527 5587 3778 5659 θαλάσσης

2235 5652 2343 5729 etc.
2381 5655 2460 5709 De
2486 5652 2738 5729 Corcyra:
2780 5657 3006 5729 nomine
3041 5671 3092 5714 et
3141 5652 3246 5715 situ
3285 5652 3529 5729 quadam
3557 5673 3584 5711 a
3642 5653 3778 5711 nobis

2227 5726 2511 5781 observata
2545 5728 2610 5780 ad
2635 5725 2974 5784 ’Alexiadem.
