3960 6164
220 225 304 290 493

1361 223 1911 286 HISTORIARUM
1953 225 2100 286 LIB.
2145 226 2246 287 ιν.

3333 229 3442 296 494

213 336 357 408 μαίων
403 336 577 406 ὀλίγοι
626 338 942 411 ἐπιθέμενοι
996 358 1146 404 τινας
1187 341 1459 397 ἔκτειναν.
1509 342 1663 395 Ἐπεὶ
1695 340 1743 394 δὲ

1858 349 2104 408 tempore
2134 340 2388 395 adessent
2425 338 2631 395 bellicae
2687 341 2971 410 machinm,
3017 341 3268 411 classem,
3316 361 3442 420 qua:

212 431 346 499 ἐγγὺς
378 431 656 501 Τάραντος
689 434 788 508 ἤδη
833 435 1108 502 ἐγένοντο,
1148 434 1426 507 ἀνάλωτον
1460 431 1602 488 εἶναι
1653 436 1754 510 τὴν

211 525 335 579 πόλιν
364 528 806 598 κατανοήσαντες
836 529 1006 597 αύτῆς
1036 528 1137 598 μὲν
1172 528 1419 602 ἀπῆραν,
1449 527 1754 582 Μονοπόλει

208 620 252 673 δὲ
272 619 488 676 πελάσαι
517 620 912 690 διανοηθέντες,
936 622 1124 693 ἐπειδὴ
1152 622 1381 693 ἀπορεῖν
1406 624 1590 686 αὐτοῖς
1624 639 1752 675 συν-

207 710 356 764 έθαινε
379 713 802 784 τειχομαχικῶν,
836 711 1128 785 γράμμασι
1153 713 1245 769 τὸν
1269 717 1326 768 ὲν
1372 713 1539 787 Βάρει
1587 731 1746 789 μετε-

206 803 458 873 πέμποντο
494 806 716 872 στόλον,
771 808 854 877 ἐφ’
957 808 1214 861 τοιούτων
1261 808 1475 862 ἐκεῖθεν
1507 809 1746 882 εὐπορὴς

207 911 298 948 σειν
324 897 479 966 ἥκειν
520 898 602 951 ὅτι
641 901 896 970 τάχιστα.
939 901 1025 955 Ἐν
1047 900 1102 954 δὲ
1131 900 1304 971 τούτῳ
1322 900 1589 972 τετύχηκε
1619 902 1755 957 Ῥω-

206 988 358 1057 μαίοις
420 990 508 1044 διά
566 991 749 1062 χώρας
821 993 1212 1063 πορευομένοις
1269 993 1592 1064 εὐδαίμονος
1658 997 1756 1051 καὶ

201 1080 428 1148 ἀςθόνοις
475 1085 900 1159 περιόριοούσης
947 1088 1173 1157 ἀγαθοῖς
1229 1087 1442 1158 μυρίων
1479 1089 1618 1142 ὅσων
1652 1106 1751 1142 πεο

198 1175 412 1243 πλῆσθαι
447 1178 648 1232 καλῶν.
676 1180 912 1248 Λέγεται
937 1182 1046 1251 γὰρ
1069 1179 1200 1233 δέκα
1227 1180 1326 1250 μὲν
1348 1181 1601 1250 τηνικάδε
1627 1179 1754 1252 βοῦς

1861 431 1981 486 Bari
2039 431 2238 498 stabat,
2275 439 2332 486 ut
2353 433 2533 486 omnia
2581 433 2684 488 ista
2719 433 2998 490 celerrime
3023 435 3312 496 adveheret
3344 456 3441 512 per

1855 524 2065 579 litteras
2108 525 2529 580 arcessiverunt.
2586 525 2805 580 interim
2869 525 3122 595 Romani,
3161 532 3284 585 dum
3332 529 3443 589 iter

1848 616 2055 672 faciunt
2111 631 2209 686 per
2244 617 2518 688 regionem
2583 618 2893 689 opulentam
2925 622 3216 677 admodum
3250 634 3305 680 et
3335 625 3441 680 im-

1852 724 2040 764 mensa
2104 710 2367 778 bonorum
2419 710 2575 779 copia
2665 709 2996 778 afﬂuentem,
3071 715 3444 792 multipliciter

1845 803 2110 859 ditantur.
2143 803 2309 858 Aiunt
2341 803 2485 858 enim
2519 812 2634 858 tum
2673 804 2899 862 militem
2930 822 3043 863 uno
3081 808 3197 862 auri
3236 818 3442 867 statere

1864 898 2030 953 boves
2094 896 2279 951 decem
2333 898 2664 951 armentales
2724 898 3043 964 vendidisse,
3103 900 3205 956 alia
3260 914 3442 959 autem

1861 1007 2061 1064 pecora
2095 1001 2312 1048 centum
2346 1008 2399 1047 et
2429 995 2664 1066 triginta.
2700 994 2895 1053 Multos
2928 998 2994 1051 ad
3031 1000 3146 1054 haec
3172 999 3443 1058 Romanos

1862 1087 2134 1144 diuturnis
2184 1086 2495 1143 carceribus
2549 1098 2851 1146 maceratos
2899 1092 3248 1162 compedibus
3275 1110 3443 1152 exue-

1863 1190 2007 1234 I'Ulll.

197 1269 438 1337 ἀγελαίας
471 1271 672 1341 χρυσοῦ
707 1273 797 1326 τὸν
833 1273 1174 1346 στρατιώτην
1237 1274 1539 1330 ἀποδόσθαι
1596 1275 1885 1346 στατῆρος,
1929 1274 2179 1345 πρόϐατα
2217 1273 2272 1326 δὲ
2343 1291 2637 1345 τριακοντα
2702 1277 2796 1327 καλ⁵
2849 1276 3061 1333 ἑκατόν.
3096 1277 3226 1331 Ὅτε
3250 1279 3313 1351 δὴ
3347 1279 3442 1333 καὶ

201 1363 473 1435 Ῥωμαῖων
496 1367 647 1431 τινὰς
678 1368 926 1437 εἱρκταῖς
970 1371 1032 1421 ὲκ
1063 1369 1258 1422 πολλοῦ
1304 1370 1745 1440 προστετηκότας
1785 1368 2046 1439 εὑρόντες
2078 1369 2189 1421 τῶν
2222 1366 2421 1420 κλοιῶν
2453 1367 2582 1430 τοὺς
2614 1367 2832 1433 ἀθλίους
2867 1368 3100 1438 ἀνῆκαν.

253 1459 311 1512 θ’.
347 1460 506 1512 Ἐπεὶ
534 1458 593 1513 δὲ
639 1464 945 1532 πεμπταῖοι
991 1464 1071 1526 είς
1117 1462 1422 1516 Μονόπολιν
1465 1462 1751 1530 ἀφίκοντο,

189 1552 391 1623 ῖπεξῄει
440 1553 538 1622 μὲν
575 1553 758 1618 αὐτοῖς
789 1555 911 1608 οὐδὲ
945 1549 1026 1619 εἷς
1062 1555 1220 1624 (ἔφθη
1244 1556 1354 1626 γὰρ
1382 1556 1414 1626 ἡ
1441 1557 1600 1626 φήμη
1621 1571 1755 1626 προ-

1932 1460 1985 1513 9.
2035 1458 2394 1528 Posteaquam
2443 1458 2634 1528 quiqu
2688 1458 2811 1514 inde
2869 1459 2956 1515 die
3007 1463 3073 1515 ad
3116 1461 3438 1532 Monopolim

1862 1563 2146 1616 venerunt.
2205 1567 2362 1608 nemo
2418 1553 2483 1607 iis
2526 1553 2764 1608 occurrit
2812 1552 3066 1608 hostium.
3125 1555 3240 1624 Ipsa
3292 1557 3438 1612 enim

190 1645 567 1714 καταπλήξασα
603 1645 825 1710 τούτους
852 1646 1000 1700 ἔνδον
1051 1648 1241 1702 ἐλάσαι
1268 1646 1508 1719 τειχῶν),
1543 1647 1680 1720 ὑπὲρ
1697 1647 1743 1700 δὲ

1855 1644 1964 1714 jam
2015 1656 2136 1700 ante
2171 1644 2308 1698 fama
2343 1645 2672 1699 consternati
2703 1645 2842 1699 intra
2878 1645 3072 1700 mmnia
3107 1662 3164 1700 se
3189 1651 3437 1703 contine-

186 1736 279 1790 τῶν
307 1735 535 1806 πύργων
563 1737 826 1792 πάνοπλοι
880 1740 1206 1811 ἑστήκεσαν,
1241 1740 1395 1804 εἴτις
1423 1739 1651 1810 ἐπιϐολὴ
1675 1740 1753 1810 τῷ

188 1830 445 1901 περιϐόλῳ
477 1830 696 1885 ἐπέλθοι
731 1833 1118 1902 ἀμυνούμενοι.
1159 1831 1293 1887 Τότε
1327 1834 1426 1906 μὲν
1459 1829 1552 1886 οὖν
1584 1833 1752 1887 αὑτοῦ

184 1940 272 1974 που
301 1924 356 1975 ἐν
386 1924 664 1995 ἐπικαίρῳ
712 1924 812 1995 τῆς
844 1924 1052 1990 πόλεως
1084 1925 1145 1979 ού
1194 1925 1375 1996 πολλῷ
1422 1925 1626 1981 ἄποθεν
1661 1926 1753 1979 τὸν

182 2015 388 2085 χάρακα
420 2015 731 2087 πηξάμενοι
776 2017 994 2089 ἔμενον,
1035 2018 1187 2073 Ἐπεὶ
1219 2017 1276 2071 δὲ
1313 2019 1407 2072 καὶ
1439 2017 1498 2072 ὃν
1550 2019 1615 2072 ἐκ
1641 2019 1750 2071 Βα-

182 2107 305 2178 ρέως
352 2109 782 2181 μετεπέμψαντο
803 2111 899 2182 ἤδη
940 2109 1024 2186 [Ρ.
1054 2108 1145 2186 90]
1191 2111 1397 2180 στόλον,
1445 2110 1750 2166 Μονοπόλει

179 2200 430 2272 προσχὼν
457 2203 528 2255 τὰ
583 2205 641 2264 ἐς
681 2202 999 2274 πολιορκίαν
1043 2203 1292 2279 αὐτάρκη
1344 2203 1594 2275 ἐκόμισε,
1631 2205 1750 2258 τότε

175 2292 230 2364 δὴ
251 2295 558 2367 πανστρατὶ
588 2294 666 2365 τῷ
690 2295 961 2367 περιϐόλῳ
984 2297 1265 2355 ἐπέθεντο.
1309 2295 1470 2349 Ἀλλὰ
1499 2296 1752 2349 Μονοπο-

172 2384 305 2438 λῖται
334 2385 434 2440 ἅτε
469 2387 562 2453 ἀφ’
601 2386 807 2458 ὑψηλοῦ
864 2389 920 2451 ἐς
950 2389 1075 2449 τοὺς
1107 2387 1401 2459 πολεμίους
1461 2386 1746 2458 βάλλοντες

174 2479 544 2552 ἀπεκρούοντό
574 2498 632 2534 τε
683 2482 808 2546 τοὺς
840 2482 1165 2555 προσιόντας
1215 2479 1510 2551 Ῥωμαίων
1538 2479 1631 2534 καί
1670 2497 1749 2532 τι·

173 2589 262 2637 νας
286 2573 558 2629 ἔκτεινον.
598 2575 675 2627 Ἦ
697 2591 756 2628 τε
794 2573 941 2646 μάχη
973 2574 1118 2644 πρωῒ
1149 2573 1434 2647 ἀρξαμένη
1472 2575 1530 2636 ἐς
1577 2571 1747 2625 νύκτα

174 2667 448 2723 ἐτελεύτα.
489 2668 756 2739 Ῥωμαῖοι
789 2669 888 2739 μὲν
937 2668 1052 2736 οὖν,
1107 2668 1294 2739 ἐπειδὴ
1350 2665 1751 2729 συνεσκόταζεν

169 2763 286 2836 ἢδη,
322 2766 418 2818 ἐπὶ
444 2763 507 2818 τὸ
539 2763 903 2836 στρατόπεδον
937 2763 1314 2837 ἀνεχώρησαν.
1382 2761 1746 2817 Μονοπολῖται

170 2853 222 2906 δὲ
243 2854 498 2923 φυλακὰς
527 2857 624 2928 ἐπὶ
675 2855 786 2910 τῶν
851 2857 1078 2924 πύργων
1104 2850 1250 2927 εἶχον
1298 2855 1360 2907 ἐκ
1404 2851 1746 2925 περιτροπῆς

165 2938 528 3006 καθιστάντες
559 2940 666 3004 ἀεὶ,
703 2941 778 3002 ὼς
804 2941 879 3013 μὴ
929 2941 1140 2994 λάθοιεν
1172 2936 1650 3008 κακουργήσαντές
1692 2952 1746 2988 τι

1861 1740 2011 1794 bant.
2079 1738 2137 1793 lu
2200 1737 2434 1792 turribus
2493 1745 2672 1791 autem
2729 1739 2919 1791 armati
2957 1738 3267 1805 constitere,
3294 1749 3351 1794 ut
3388 1741 3435 1796 si

1855 1832 1978 1902 quis
2018 1831 2068 1885 in
2100 1829 2298 1884 vallum
2339 1833 2489 1908 lie’ret
2518 1830 2771 1900 impetus,
2798 1839 2984 1885 contra
3015 1831 3051 1886 ii
3081 1832 3432 1888 obsiste'ent.

1859 1921 2090 1976 Romani
2124 1921 2304 1991 itaque
2331 1921 2520 1990 positis
2547 1920 2736 1976 idoneo
2762 1921 2882 1978 loco
2916 1923 3056 1976 haud
3083 1923 3269 1992 procul
3310 1926 3436 1979 inde

1853 2013 2073 2078 castris,
2100 2012 2412 2068 consedere.
2453 2012 2559 2067 Sed
2600 2014 2710 2080 ubi,
2735 2029 2897 2084 quam
2950 2013 3070 2069 Bari
3101 2016 3430 2080 acciverant,

1854 2108 2066 2173 classis,
2124 2121 2244 2178 qua)
2294 2107 2360 2161 ad
2415 2108 2874 2177 oppugnationem
2937 2111 3240 2166 necessaria
3276 2123 3432 2168 erant

1853 2200 2090 2265 advexit,
2155 2214 2277 2254 cum
2327 2200 2578 2254 omnibus
2635 2201 2805 2269 copiis
2849 2201 3049 2256 mmnia
3087 2203 3428 2258 adoriuntur.

1851 2290 1920 2344 At
1961 2289 2343 2360 llonopolitani
2393 2291 2609 2346 emissis
2663 2307 2729 2346 ex
2790 2291 2900 2347 alto
2958 2292 3015 2348 in
3078 2295 3262 2351 hostes
3307 2295 3428 2352 telis

1851 2385 2146 2440 subeuntes
2163 2383 2427 2454 'rcpelluut
2449 2385 2744 2448 Romanos,
2774 2385 3165 2456 nonnullasque
3190 2386 3426 2443 caedunt.

1851 2475 2068 2547 incepto
2120 2491 2277 2532 mane
2332 2475 2515 2548 proelio
2562 2477 2614 2532 in
2672 2486 2885 2533 noctem
2942 2493 3113 2548 usque
3135 2489 3424 2551 protracto,

1852 2568 2104 2636 Romani,
2162 2584 2281 2624 cum
2330 2568 2438 2639 iam
2498 2570 3016 2639 advesperasceret,
3050 2571 3102 2626 in
3137 2583 3317 2629 castra
3340 2589 3431 2630 re-

1855 2669 2159 2718 vertuntur.
2208 2661 2594 2732 Monupolitani
2629 2661 2786 2733 155
2818 2677 2948 2718 vero
2973 2663 3023 2717 in
3053 2665 3296 2721 turribus
3336 2681 3432 2721 cu-

1851 2754 2060 2810 stodias
2105 2754 2303 2819 locant,
2364 2768 2565 2824 easque
2635 2770 2728 2825 per
2764 2757 2906 2810 vices
2950 2770 3166 2825 semper
3197 2767 3427 2827 mutant,

1852 2861 1919 2900 ne
1948 2847 1993 2901 si
2031 2846 2160 2916 quid
2194 2847 2422 2902 Romani
2450 2848 2516 2902 de
2545 2858 2703 2902 noete
2725 2853 3074 2916 attentarent,
3100 2864 3195 2906 eos
3219 2850 3427 2910 lateret.

1847 2936 2116 3009 Utrinque
2155 2951 2414 3009 praeterea
2472 2940 2908 2994 accendebantur
2964 2940 3135 3012 ignes,
3177 2943 3430 3014 tibiaeque

167 3034 382 3104 νύκτωρ
412 3036 510 3088 ἐπὶ
531 3033 630 3106 τὴν
663 3035 817 3088 πόλιν
874 3034 1158 3104 Ῥωμαῖοι.
1199 3033 1355 3098 Πυρά
1375 3049 1431 3084 τε
1471 3031 1742 3102 ἑκατέρωο

1849 3044 1912 3086 ac
1930 3031 2067 3085 tuba:
2087 3022 2508 3102 perstrcprbaut.
2531 3030 2752 3102 Jamque
2781 3040 3024 3087 exortam
3047 3041 3429 3102 pratervectus

166 3117 254 3171 θεν
290 3120 552 3174 ἐκαίοντο
581 3119 771 3182 πολλὰ,
807 3118 902 3173 καὶ
953 3116 1107 3172 αὐλοὶ
1139 3119 1231 3171 καὶ
1269 3117 1528 3189 σύριγγες
1557 3116 1740 3186 ἤχουν.

168 3203 329 3272 ’Δρτι
358 3202 419 3257 δὲ
446 3203 541 3257 τδν
568 3203 702 3274 ὲῷον
731 3203 981 3274 ὁρίζοντα
1022 3200 1382 3272 παραμείψας
1414 3201 1566 3270 ἥλιος
1599 3202 1656 3262 ἐς
1685 3198 1746 3250 τὸ

163 3288 255 3355 τῆς
281 3285 394 3358 γῆς
450 3287 777 3357 παρέκυπτε
832 3287 1147 3358 πρόσωπον,
1208 3286 1302 3339 καὶ
1343 3285 1606 3352 Ῥωμαῖοι
1644 3283 1745 3352 μὲν

160 3379 266 3432 τῶν
301 3380 735 3451 χαρακωμάτων
761 3380 998 3448 ἐξιόντες
1027 3381 1119 3434 ἐπὶ
1161 3380 1271 3433 τῶν
1311 3379 1490 3451 ἔργων
1517 3381 1611 3432 καὶ
1637 3377 1744 3431 πά·

159 3472 237 3524 λιν
265 3472 541 3540 ἐγίνοντο,
594 3472 960 3526 Μονοπολῖται
1015 3472 1072 3524 δὲ
1112 3472 1298 3543 δρόμῳ
1331 3472 1424 3524 καὶ
1474 3471 1627 3522 αὐτοὶ
1662 3472 1741 3532 είς

156 3564 254 3627 τὰς
308 3562 575 3629 ἐπάλξεις
604 3562 847 3634 ἐχώρουν
883 3565 979 3617 καὶ
1023 3563 1162 3632 πρὸς
1199 3565 1313 3627 τοῖς
1365 3564 1548 3625 ὅπλοις
1579 3557 1740 3633 ἦσαν.

155 3657 266 3710 Καὶ
317 3657 477 3724 ἀγὼν
531 3653 688 3720 αὖθις
718 3657 960 3730 ἡπλούτο
1012 3659 1249 3725 ἐξαίσιος
1297 3653 1407 3723 οἷος
1450 3659 1741 3729 Ῥωμαίοις

157 3751 256 3820 μὲν
305 3751 412 3822 τὴν
441 3753 499 3815 ἐς
525 3750 587 3804 τὸ
621 3754 797 3822 τεῖχος
824 3750 1169 3822 βιαζομένοις
1209 3752 1414 3813 ἄνοδον,
1443 3752 1742 3805 Mavorte“-

153 3860 274 3909 ταις
303 3845 364 3898 δὲ
401 3846 731 3916 προσιόντας
752 3845 1093 3899 ἀπωθεῖσθαι
1123 3847 1247 3908 τοὺς
1282 3845 1591 3915 πολεμίους.
1626 3845 1740 3900 Μέ-

150 3955 243 4008 χρι
279 3938 390 4009 μὲν
433 3933 529 3992 οὖν
553 3955 695 4000 τινος
736 3938 831 3991 ἐπὶ
852 3940 1115 4002 τοιούτοις
1138 3939 1456 3992 ἐπονοῦντο·
1485 3939 1547 3990 τὸ
1575 3939 1620 3993 δ’
1650 3941 1742 3993 ὲνο

148 4028 350 4082 τεῦθεν
371 4027 488 4100 πῦρ
518 4027 649 4082 ἔνθα
670 4030 738 4082 τά
766 4029 949 4100 σκάφη
975 4030 1372 4093 Μονοπολίταις
1405 4031 1658 4102 ύιρώρμει
1680 4029 1742 4082 τὸ

158 4121 469 4190 Ῥωμαίων
507 4120 746 4191 ἐμϐαλὸν
787 4123 1105 4192 στράτευμα
1136 4121 1312 4191 φλόγα
1350 4121 1617 4192 μεγίστην
1642 4124 1743 4192 ἀρ-

145 4211 316 4283 θῆναι
352 4214 640 4285 εποίησεν.
688 4214 823 4268 Ὅτε
858 4215 952 4268 καὶ
988 4213 1098 4267 τῶν
1132 4231 1214 4278 τις
1257 4214 1544 4286 Ῥωμαίων
1577 4231 1742 4284 στραο

147 4308 374 4361 τιωτῶν
416 4306 694 4371 Ἱκανάτος
725 4306 1013 4377 ἐπίκλησιν
1040 4308 1199 4376 λόγου
1234 4312 1328 4362 καὶ
1350 4308 1520 4376 ἀκοῆς
1553 4309 1740 4378 εῐργα-

1849 3138 2098 3177 auroram
2149 3139 2304 3178 suum
2351 3124 2506 3178 terris
2559 3123 2721 3192 jnbar
2773 3124 2854 3179 sol
2923 3124 3240 3190 inferebat,
3302 3142 3426 3183 cum

1848 3216 2044 3284 egressi
2077 3231 2106 3270 e
2157 3215 2294 3268 vallo
2328 3215 2555 3269 Romani
2621 3217 3070 3288 Oppugnationem
3123 3219 3300 3274 denuo
3329 3237 3426 3291 ag-

1847 3309 2184 3378 grediuntur.
2232 3307 2615 3376 Monopolitani
2678 3320 2863 3365 contra
2901 3326 3063 3367 cursu
3112 3327 3171 3368 so
3217 3314 3270 3368 in
3301 3330 3426 3384 pro-

1847 3402 2143 3472 pugnacnla
2202 3403 2581 3471 proripientes,
2628 3403 2865 3458 vicissim
2893 3417 3186 3474 capessunt
3247 3421 3422 3465 arma.

1847 3493 2083 3549 Rursum
2112 3494 2277 3563 igitur
2303 3494 2491 3564 ingens
2523 3496 2854 3551 instauratur
2880 3506 3177 3564 certamen,
3226 3499 3425 3554 Roma-

1847 3585 1930 3640 nis
1986 3586 2236 3641 nimirum
2287 3588 2337 3640 vi
2383 3586 2680 3642 ascendere
2768 3603 2950 3644 muros
3023 3592 3420 3656 annitentibus,

1846 3677 2145 3734 subeuntes
2198 3693 2326 3732 vero
2408 3679 2790 3748 repellentibus
2840 3679 3278 3752 Ilonopolitanis.
3329 3683 3422 3739 Sic

1846 3769 2156 3838 aliquandiu
2188 3770 2241 3824 in
2281 3772 2347 3824 iis
2405 3771 2729 3826 laboratum.
2765 3770 3049 3828 Exercitus
3080 3775 3274 3831 deinde
3309 3777 3420 3832 llo-

1846 3877 2035 3917 manus
2083 3863 2192 3933 igni
2256 3865 2474 3933 injecto,
2512 3864 2598 3918 ubi
2626 3865 2834 3937 navigia
2891 3867 3261 3923 subduxerant
3305 3868 3421 3925 Mo-

1845 3956 2157 4024 rmpolitani,
2207 3957 2476 4027 ingentem
2526 3956 2796 4012 ﬂammam
2871 3961 3182 4017 excitarunt
3243 3980 3258 4017 :
3312 3980 3421 4034 quo

1845 4059 1954 4102 tum
2001 4058 2239 4119 tempore
2300 4049 2570 4103 Romanus
2624 4050 2840 4119 quidam
2899 4050 3076 4119 miles,
3129 4051 3422 4109 llicanatus

1844 4141 2082 4204 nomine,
2145 4156 2252 4194 rem
2295 4141 2440 4195 dictu
2477 4141 2768 4210 audituque
2814 4142 3028 4213 dignam
3074 4145 3259 4213 gessit.
3296 4145 3414 4201 Mo-

1843 4230 2076 4299 nopolim
2129 4232 2327 4300 quippe
2375 4245 2560 4285 murus
2612 4232 2990 4302 circumcingit
3037 4232 3261 4302 duplex,
3319 4235 3419 4290 sed

1843 4323 2066 4378 interior
2096 4323 2260 4378 altius
2285 4325 2530 4389 eductus,
2561 4324 2810 4396 hostilem
2836 4340 3172 4396 nequaquam
3202 4328 3413 4383 hastam

150 4417 249 4456 στο
275 4401 435 4467 ἀξια.
465 4401 770 4454 Μονόπολιν
814 4399 923 4471 γὰρ
955 4400 1119 4455 διπλᾶ
1174 4400 1274 4470 μὲν
1305 4399 1533 4464 ζώννυσι
1560 4403 1735 4473 τείχη,

1848 4422 2062 4469 veretur
2094 4434 2106 4469 :
2133 4415 2271 4470 alter
2318 4425 2497 4468 autem
2530 4417 2686 4469 tertia
2715 4423 2867 4484 parte
2919 4417 3093 4471 minor
3123 4417 3264 4473 illius
3291 4417 3416 4474 lun-

143 4491 284 4546 ἀλλά
336 4492 407 4544 τὸ
458 4491 557 4560 μὲν
588 4490 735 4544 ἔνδον
771 4492 864 4543 ἐπὶ
904 4490 1156 4543 πλεῖστόν
1209 4506 1271 4542 τε
1324 4491 1613 4562 ἐπαίρεται
1641 4494 1738 4545 καὶ

144 4583 426 4656 πολεμίου
450 4583 604 4654 δορὸς
634 4583 792 4651 λόγον
820 4583 1010 4636 ούδένα
1030 4582 1091 4634 τὸ
1126 4601 1204 4637 πα
1213 4584 1393 4654 ράπαν
1414 4584 1733 4655 πεποίηται,

139 4679 201 4732 τὸ
227 4678 275 4729 δ’
311 4677 451 4731 ἄλλο
482 4679 539 4741 ἐς
563 4675 916 4748 τριτημόριον
959 4675 1194 4746 μάλιστα
1225 4676 1321 4730 τοῦ
1359 4679 1626 4749 προτέρου
1652 4682 1736 4732 al-

141 4773 390 4844 ρόμενον
424 4769 520 4834 τὰς
569 4771 845 4840 κρηπῖδας
872 4769 1025 4840 αύτῷ
1054 4771 1317 4841 περιθέει.
1368 4770 1454 4833 Ἐς
1484 4769 1640 4824 τοῦτο
1669 4771 1733 4843 δὴ

139 4866 200 4919 τὸ
228 4879 298 4917 πε
307 4864 554 4934 ρίτειχος
602 4862 695 4915 δύο
723 4863 869 4926 τινὲς
905 4863 1290 4918 Μονοπολιτῶν
1321 4865 1736 4929 ἀναϐάντεςαύ-

138 4957 222 5009 τοί
275 4971 344 5008 τε
401 4956 458 5016 ες
483 4955 610 5016 τοὺς
636 4953 932 5025 πολεμίους
971 4954 1203 5007 ἔϐαλλον
1243 4957 1336 5007 καὶ
1389 4956 1512 5019 τοὺς
1539 4956 1734 5020 ἄλλους

138 5048 281 5121 πρὸς
328 5044 500 5099 τοῦτο
545 5047 890 5118 παρώρμων.
933 5047 1112 5116 Ὅπερ
1137 5047 1307 5100 ίδὼνό
1330 5048 1602 5111 unum;
1631 5049 1731 5102 σὺν

139 5141 221 5209 τῷ
259 5139 462 5210 δόρατι
505 5139 774 5200 ἐπελάσας
805 5137 1035 5208 θατέρου
1069 5145 1178 5192 τῶν
1207 5143 1515 5210 εἰρημένων
1538 5157 1731 5193 κατευ-

129 5236 358 5304 ’στοχεῖ.
411 5234 471 5288 ’0
519 5234 574 5286 δὲ
602 5232 794 5297 ὕπτιος
825 5235 1087 5305 παραυτὰ
1126 5233 1472 5305 ἐξεκυλίσθη,
1523 5235 1621 5306 βοή
1670 5252 1729 5287 τε

138 5331 280 5401 πρὸς
313 5331 418 5382 τού
450 5331 738 5400 Ῥωμαίων
783 5328 924 5401 ἧρθη
954 5326 1188 5398 στρατοῦ
1240 5329 1334 5381 καὶ
1366 5329 1556 5397 κρότος
1585 5328 1730 5394 ἐξαξ-

139 5425 258 5487 σιός
286 5439 354 5475 τε
391 5423 489 5476 καὶ
537 5425 710 5492 ἀκοῆς
736 5427 1009 5492 κρείσσων
1040 5421 1278 5490 ἐγένετο.
1321 5421 1463 5492 Πρὸς
1495 5422 1522 5472 ὃ
1560 5439 1730 5475 κατα-

135 5517 457 5586 πλαγέντες
478 5515 527 5568 ol
550 5513 645 5568 ἐπὶ
668 5513 782 5567 τῶν
809 5512 1039 5585 πύργων
1068 5513 1388 5583 νομίσαντές
1419 5530 1479 5566 τε
1503 5514 1604 5586 ήδη
1627 5515 1726 5588 τὴν

135 5614 302 5666 πόλιν
351 5610 585 5675 ἁλῶναι,
635 5609 763 5671 τοὺς
797 5609 1044 5680 πύργους
1095 5609 1346 5674 λιπόντες
1396 5609 1500 5663 ἀνὰ
1550 5610 1727 5682 μέσην

134 5707 238 5773 τὴν
269 5704 441 5760 πόλιν
464 5701 724 5776 ἐχώρουν.
757 5703 870 5760 Καὶ
902 5705 952 5758 εί
996 5704 1070 5775 μὴ
1120 5706 1256 5774 ταχὺ
1287 5705 1348 5758 τὸ
1374 5707 1608 5778 πρᾶγμα
1641 5707 1727 5761 atl-

1839 4507 2090 4563 damenta
2137 4508 2536 4562 circumatnbit.
2589 4509 2643 4562 In
2704 4508 2848 4564 hunc
2893 4509 3056 4580 igitur
3086 4511 3410 4567 exteriorem

1839 4615 2050 4654 murum
2110 4601 2472 4654 ascenderunt
2531 4599 2912 4668 Monopolitaui
2970 4601 3098 4667 duo,
3161 4602 3251 4672 qui
3287 4603 3411 4659 telis

1837 4687 1961 4744 inde
2014 4689 2198 4743 hostes
2239 4689 2597 4754 lacessebant,
2655 4699 2985 4758 ceterosque
3018 4698 3085 4744 ιιι·
3109 4691 3252 4747 idem
3287 4707 3414 4763 age-

1838 4790 1960 4836 rent
1994 4779 2368 4834 hortabantur.
2396 4780 2547 4846 Quod
2603 4781 2691 4835 ubi
2761 4782 3052 4858 conspicit,
3090 4784 3409 4852 llicanatus,

1835 4878 2049 4940 arrepta
2107 4872 2266 4925 hasta
2316 4885 2382 4925 eo
2439 4873 2779 4941 perveniens,
2812 4872 3040 4928 alterum
3070 4877 3222 4932 exiis
3259 4876 3407 4945 ferit,

1833 4964 2254 5034 prosternitque.
2289 4961 2413 5019 Mox
2471 4965 2662 5032 ingens
2695 4965 2898 5020 tollitur
2923 4982 2953 5020 a
2981 4966 3227 5024 Romano
3249 4984 3410 5026 exer-

1830 5057 1942 5112 citu
1989 5055 2150 5126 156
2197 5057 2425 5120 clamor,
2484 5064 2774 5127 tantusque
2831 5058 3089 5128 plausus,
3164 5074 3224 5117 ut
3272 5063 3408 5120 nihil

1833 5152 2128 5223 Quidquam
2176 5152 2423 5207 exaudiri
2483 5163 2688 5223 posset.
2726 5152 2882 5211 Unde
2923 5158 3208 5213 conterriti
3233 5159 3326 5229 qui
3351 5159 3408 5216 in

1832 5247 2072 5303 turribus
2098 5249 2320 5303 stabant
2350 5247 2626 5318 oppidani,
2664 5257 2876 5318 captam
2904 5249 3015 5319 jam
3067 5252 3254 5307 urbem
3281 5252 3406 5316 rati,

1833 5339 2034 5395 relictis
2058 5338 2297 5394 turribus
2315 5339 2450 5409 ipsis
2475 5339 2528 5394 in
2555 5341 2787 5395 mediam
2819 5344 3003 5396 urbem
3049 5342 3403 5413 confugiunt:

1831 5446 1886 5488 et
1945 5433 2000 5488 nl
2028 5434 2285 5489 continuo
2305 5447 2364 5488 re
2383 5435 2600 5503 cognita
2650 5433 2704 5488 in
2740 5435 3140 5505 propugnacula
3189 5451 3404 5492 rursum

1831 5539 1954 5580 sese
2013 5524 2366 5595 recepissent,
2404 5515 2534 5581 urbs
2581 5541 2611 5581 a
2680 5525 2943 5583 Romanis
3014 5527 3158 5584 illico
3212 5527 3406 5586 fuisset

1831 5627 2011 5688 capta.
2075 5617 2167 5672 Sic
2215 5625 2330 5673 tum
2364 5617 2536 5674 altera
2589 5621 2644 5673 in
2677 5617 3002 5691 MonOpolim
3039 5621 3200 5676 desiit
3234 5635 3408 5693 oppuv-

1831 5712 2036 5783 gnatio.
2065 5711 2331 5783 Oppidani
2357 5726 2486 5770 vero
2513 5712 2603 5771 ubi
2629 5728 2689 5771 se
2713 5714 2976 5784 angustiis
3015 5714 3250 5786 undique
3273 5728 3415 5788 pres
