3960 6164
574 236 692 302 495

1858 235 2183 295 JUANNIS
2223 236 2550 298 Cl-NNAMI

3730 251 3826 314 405

573 351 648 404 mi
690 348 891 411 vident,
931 360 1024 415 per
1069 344 1278 399 litteras
1332 340 1520 396 Flami.
1547 357 1671 414 gum
1710 342 1919 396 enixius
1945 353 2154 412 rognn‘,

2261 345 2513 416 σθόμενοι
2543 345 2636 400 ἐπί
2659 346 2767 400 τῶν
2799 346 3084 415 ἐπάλξεων
3120 349 3277 415 αὖθις
3307 350 3613 423 ἀνέϐησαν,
3652 357 3752 428 ἥλω
3784 364 3837 414 ἂν

573 452 633 495 ut
689 438 1008 510 quantocius
1057 452 1178 492 cum
1228 435 1429 490 auxilio
1455 434 1757 490 accederet.
1785 433 1877 488 Ille
1920 433 2068 489 brevi
2093 449 2150 487 se

571 530 888 589 adfuturum
931 543 1054 583 cum
1093 541 1291 597 magno
1330 527 1572 580 exercitu
1616 522 1998 594 Romanosque
2024 524 2148 578 inde

573 621 924 692 depulsurum
975 619 1273 674 renuntiat.
1329 616 1436 672 Sed
1489 616 1635 673 enim
1689 632 1906 671 rursum
1952 618 2151 672 invasit

570 714 812 766 animum
877 711 1020 765 illius
1080 720 1255 766 metus
1310 724 1586 779 pavorque
1644 709 1968 778 immensus,
2031 723 2152 762 cum

569 805 781 860 subiret
836 803 1111 874 cogitatio,
1170 803 1494 874 quibuscum
1551 813 1861 859 certaturus
1893 811 2059 868 esset,
2090 815 2155 857 ac

571 908 769 952 contra
817 911 952 966 quos
1011 898 1110 950 sibi
1143 897 1336 951 bellum
1372 894 1530 950 foret.
1573 895 1674 950 Ubi
1729 911 1855 950 vero
1891 897 2155 968 septimus

569 992 699 1046 inde
757 990 967 1045 ellluxit
1003 990 1139 1054 dies,
1173 997 1227 1043 et
1266 1005 1527 1057 nusquam
1574 999 1897 1060 conspectus
1920 999 2002 1044 est
2029 988 2154 1043 Fla-

572 1085 812 1156 miugus,
870 1085 1158 1154 desperato
1211 1084 1472 1137 hactenus
1494 1082 1720 1149 auxilio,
1751 1082 1802 1135 in
1841 1090 2020 1136 castra
2052 1082 2156 1136 llo-

572 1193 730 1233 tuana
769 1177 966 1232 misere
1006 1176 1214 1246 legatos
1239 1172 1650 1244 MonOpolitani,
1711 1184 1769 1230 ut
1797 1183 1852 1230 et
1884 1177 2155 1231 civitatein

570 1272 628 1340 et
680 1264 890 1334 seipsos
938 1277 1130 1332 magno
1177 1264 1437 1318 dederent
1465 1265 1798 1333 imperatori.
1861 1265 2033 1319 Ducas
2060 1283 2160 1320 au-

574 1366 687 1410 tem
728 1355 948 1426 negavit
991 1355 1151 1409 aliter
1195 1371 1253 1408 se
1285 1355 1439 1408 [idem
1475 1371 1662 1409 eorum
1714 1358 1971 1411 deditioni
2007 1359 2160 1410 habi-

573 1457 783 1513 turum,
829 1446 936 1503 nisi
1007 1447 1318 1518 prmsidium
1393 1448 1735 1517 imperatoris
1788 1451 2005 1503 nomine
2056 1450 2162 1504 sibi

577 1541 787 1611 imponi
837 1541 1102 1596 sinerent.
1147 1541 1243 1595 His
1269 1541 1334 1594 ad
1362 1555 1425 1596 ea
1478 1542 1863 1606 annuentilms,
1928 1543 2163 1612 pactioni

571 1633 834 1688 faciendae
879 1633 997 1690 dies
1053 1642 1135 1690 est
1164 1633 1484 1704 praeﬁnitus.
1520 1632 1709 1688 Verum
1743 1650 1772 1689 e
1812 1636 2167 1706 p0pularibus

2259 436 2457 489 αὐτίκα
2495 437 2794 507 Ῥωμαίοις
2843 442 2876 511 ὴ
2917 441 3096 505 πόλις.
3146 444 3234 497 Ἐν
3263 443 3478 509 τούτοις
3530 449 3626 501 καὶ
3673 450 3830 520 ηδευ-

2256 528 2389 598 τέρα
2424 530 2563 583 κατά
2591 531 2953 596 Μονοπόλεως
2986 535 3144 605 ἔληξε
3192 535 3494 608 προσϐολή.
3553 540 3831 598 Μονοπολῖ-

2257 639 2345 676 ται
2372 623 2427 676 δὲ
2457 625 2530 688 ὡς
2565 625 2814 694 ἔγνωσαν
2846 628 2904 682 ἐν
2941 629 3111 700 στενῷ
3144 631 3629 703 περιειλημμένοι,
3674 639 3836 707 γράμσ

2261 730 2408 784 ματα
2463 717 2556 769 ἐπὶ
2586 718 2904 790 Φλαμίγγον
2959 720 3283 791 πέμψαντες
3339 723 3503 795 ἣκειν
3545 728 3711 780 αὐτὸν
3752 730 3838 799 τὴν

2257 811 2519 882 ταχίστην
2548 813 2772 884 ἠξίουνο
2798 815 2826 867 6
2846 815 2902 868 δέ
2934 816 3211 886 ἐπήγγελε
3249 815 3350 887 μὲν
3379 820 3721 890 παρέσεσθαι
3740 827 3845 876 τού-

2256 922 2372 968 τοις
2409 909 2550 974 μετά
2599 908 2797 978 μικρὸν
2849 909 3230 981 στρατεύματι
3274 913 3499 982 μεγάλῳ
3550 913 3840 986 Ῥωμαίους

2261 991 2507 1043 ἐνθένδεν
2535 992 2982 1064 ἀπαναστήσωνο
3017 995 3136 1058 δέος
3170 996 3228 1049 δέ
3259 997 3423 1050 αὑτὸν
3472 998 3628 1053 ἔνδον
3659 1004 3842 1073 ἐπεῖχεν

2261 1083 2358 1136 καλ⁵
2389 1085 2470 1145 είς
2497 1083 2702 1138 δειλίαν
2737 1085 2862 1155 ὅρον
2889 1086 2988 1140 οὐκ
3012 1087 3244 1158 ἔχουσαν
3274 1089 3473 1142 ἔπιπτε
3507 1091 3844 1161 λογιζόμενος

2262 1174 2373 1228 τίσι
2420 1178 2679 1246 μαχεῖται
2711 1179 2804 1229 καλ⁸
2834 1177 2974 1247 πρὸς
3003 1179 3158 1244 τίνας
3185 1181 3338 1253 αὐτῷ
3357 1183 3386 1235 6
3414 1182 3657 1252 πόλεμος
3685 1184 3842 1244 ἔσται.

2275 1265 2433 1319 Ἐπεὶ⁹
2477 1266 2533 1320 δὲ
2564 1267 2770 1337 ἑϐδόμη
2812 1268 2872 1333 ἐξ
2906 1269 3119 1324 ἐκείνου
3177 1271 3464 1345 παρῆλθεν
3527 1276 3715 1347 ήμέρα
3762 1279 3842 1330 καὶ

2265 1357 2579 1428 Φλαμίγγος
2605 1360 2845 1430 οὐδαμοῦ
2876 1360 3212 1430 διεφαίνετο,
3245 1365 3369 1417 τότε
3397 1364 3461 1436 δὴ
3491 1367 3844 1422 Μονοπολίται

2266 1451 2366 1520 τὴν
2394 1449 2514 1502 ὅθεν
2561 1451 2762 1522 δήποτε
2814 1453 3198 1522 ἀπεγνωκότες
3250 1453 3340 1527 [Ρ.
3385 1456 3478 1530 9i]
3534 1461 3844 1533 ἐπικουρίαν

2270 1541 2528 1612 πρέσϐεις
2560 1543 2615 1605 ἐς
2637 1544 2700 1595 τὸ
2745 1543 3039 1612 Ῥωμαίων
3068 1545 3320 1599 ἔστειλαν
3349 1551 3678 1620 στράτευμα
3706 1553 3784 1620 ἐφ’
3805 1543 3844 1621 ᾧ

2269 1633 2367 1701 τὴν
2397 1635 2554 1686 πόλιν
2602 1651 2663 1686 τε
2692 1637 2788 1688 καὶ
2842 1638 2983 1704 σφᾶς
3014 1638 3216 1702 αὐτοὺς
3254 1638 3469 1710 βασιλεῖ
3517 1643 3842 1714 παραδοῦναι

571 1723 990 1796 Honopolilanis
1011 1725 1280 1792 nonnulli,
1306 1726 1502 1796 quibus
1526 1742 1646 1795 qua:
1693 1726 1996 1796 agebantur
2021 1727 2154 1781 haud

2273 1727 2516 1799 μεγάλῳ.
2560 1727 2620 1782 Ὀ
2655 1730 2864 1792 Δούκας
2901 1731 2954 1784 δὲ
2994 1731 3230 1787 ἀπεῖπεν
3260 1734 3443 1798 αὐτοῖς
3461 1737 3542 1808 μὴ
3575 1737 3646 1793 ἂν
3685 1738 3841 1806 ἄλλως

567 1817 881 1886 placebant,
930 1817 1116 1872 insciis
1162 1819 1375 1872 cateris
1403 1833 1512 1871 rem
1540 1833 1754 1872 omnem
1789 1817 2071 1887 Flatningo
2095 1818 2169 1872 si-

562 1910 848 1980 gniﬁcant.
891 1908 1008 1976 Quo
1036 1910 1124 1963 ille
1185 1909 1377 1963 nuntio
1406 1901 1811 1974 consternatus,
1850 1911 2089 1963 delectos
2122 1923 2155 1962 e

568 2003 683 2057 suis
745 2013 961 2057 centum
1024 2000 1407 2069 cataphractus
1445 2004 1658 2070 equites
1691 2005 1951 2056 continuo
1984 2001 2050 2055 ad
2073 2013 2168 2055 eos

570 2091 764 2157 mittit,
789 2106 953 2160 seque
979 2092 1141 2161 paulo
1167 2100 1288 2162 post
1311 2091 1469 2161 157
1501 2103 1815 2146 secuturum
1841 2101 1895 2145 et
1927 2091 2165 2159 majores

573 2186 765 2254 copias
823 2184 1183 2238 adducturum
1247 2186 1552 2253 pollicetur.
1609 2183 1775 2254 Igitur
1804 2183 1840 2238 ii
1880 2184 2162 2253 quibusea

570 2276 926 2345 incumbebat
977 2292 1130 2342 cura,
1171 2285 1383 2330 noctem
1408 2276 1779 2340 obserVantes,
1834 2291 1937 2343 qua
1967 2291 2158 2347 magna

568 2369 832 2423 imbrium
890 2371 970 2423 vis
1020 2371 1088 2423 de
1110 2368 1250 2422 cielo
1298 2369 1552 2434 cadebat,
1626 2376 1839 2437 equites
1892 2368 2011 2420 illos
2064 2383 2161 2436 per

569 2460 838 2515 minorem
890 2470 1104 2530 portam
1154 2460 1206 2514 in
1258 2460 1445 2514 urbem
1503 2461 1788 2514 admisere.
1859 2459 2015 2526 Quod
2073 2442 2159 2513 ubi

555 2552 837 2623 comperit
890 2555 1087 2618 Ducas,
1129 2553 1456 2623 imposuisse
1505 2552 2157 2622 sibiMonopolitanorum

569 2645 778 2716 legatos
836 2657 1007 2710 ratus,
1032 2645 1318 2699 confestim
1354 2660 1383 2698 e
1407 2645 1542 2697 vallo
1583 2645 1782 2698 milites
1813 2648 2019 2699 educit.
2054 2645 2160 2699 Sed

575 2753 702 2793 cutn
752 2739 894 2793 haud
919 2741 1021 2792 sibi
1055 2739 1185 2793 satis
1214 2752 1336 2792 esse
1384 2748 1601 2791 centum
1630 2737 1743 2790 illos
1765 2739 1974 2805 equites
2011 2739 2159 2791 vide-

541 2813 695 2888 rent
746 2832 1026 2902 oppidani,
1076 2830 1338 2886 Romanis
1411 2830 1708 2899 praesertim
1768 2829 1962 2883 acriori
1992 2845 2154 2899 quant

567 2935 696 2980 ante
750 2926 936 2978 animo
1003 2921 1404 2987 decertaturis;
1459 2921 1641 2975 missis
1677 2935 1890 2976 rursum
1940 2921 2154 2992 legatis,

564 3019 759 3072 ducem
782 3017 832 3071 in
858 3018 1129 3071 civitatein
1162 3023 1412 3080 evocant,
1459 3014 1714 3077 translata
1738 3013 1790 3066 in
1822 3014 1954 3067 alios
1973 3014 2154 3082 culpa,

566 3113 658 3184 qui
718 3113 852 3167 citra
907 3124 1195 3165 commune
1248 3107 1533 3164 consilium
1585 3123 1645 3162 ea
1693 3117 2005 3177 perpetrare
2031 3111 2145 3163 ausi

563 3205 802 3260 fuerant.
865 3203 921 3258 ld
966 3205 1200 3272 primum
1261 3202 1548 3256 admittere
1620 3205 1799 3256 renuit
1850 3201 2050 3268 Ducas,
2095 3213 2150 3256 et

562 3299 776 3369 legatos
826 3308 1100 3369 utcunque
1147 3307 1490 3366 aspernatus,
1551 3309 1662 3348 rem
1704 3296 1871 3350 armis
1893 3295 2152 3350 dirimere

562 3393 704 3446 velle
743 3406 801 3446 se
831 3391 988 3446 dixit.
1029 3389 1135 3446 Sed
1185 3391 1400 3442 tandem
1443 3388 1624 3443 aerius
1651 3387 1757 3443 illis
1821 3388 2152 3443 instantibus

563 3498 619 3538 et
650 3495 710 3536 ut
735 3484 836 3538 hoc
867 3483 970 3538 sibi
999 3482 1254 3536 delictum
1282 3484 1648 3534 remitteretur
1704 3479 2147 3543 obsecrantibus,

569 3577 788 3633 tandem
830 3577 1075 3646 placatus
1120 3575 1420 3629 exercitum
1480 3575 1532 3626 in
1590 3572 1778 3626 urbem
1823 3571 2147 3626 introduxit.

564 3669 668 3725 Vix
719 3669 850 3724 urbe
904 3667 1057 3740 potiti
1106 3678 1235 3721 sunt
1287 3665 1536 3730 Ratuaui,
1576 3680 1702 3720 cum
1761 3665 1946 3734 viginti
1997 3665 2067 3718 ab
2087 3678 2153 3717 ea

567 3762 764 3818 stadiis
805 3761 996 3815 adesse
1016 3759 1352 3828 Flamingnm
1405 3758 1708 3812 nuntiatur.
1739 3757 1793 3811 ld
1823 3758 1914 3812 ubi
1945 3757 2155 3826 accepit

567 3857 772 3921 Ducas,
831 3853 1075 3907 delectos
1098 3860 1333 3921 experta:
1387 3851 1772 3919 generositatis
1807 3851 2034 3919 equites,
2059 3849 2154 3919 qui

574 3947 857 4019 Flamingo
910 3955 1286 4009 occurrerent,
1339 3943 1731 3998 emittit:dum
1793 3942 1982 4012 ipsein
2021 3943 2155 3996 urbe

563 4049 768 4105 manet,
807 4050 979 4094 utres
1032 4038 1102 4092 ibi
1157 4045 1527 4108 componeret.
1580 4035 1649 4090 At
1693 4034 2007 4106 Flamingns
2065 4033 2154 4088 ubi

567 4152 600 4190 a
639 4133 934 4204 longinquo
969 4130 1316 4199 imperatoria
1349 4129 1403 4183 iu
1434 4128 1673 4182 turribus
1722 4135 1901 4181 erecta
1924 4141 2152 4196 conspe-

563 4225 647 4281 xit
697 4227 872 4296 signa,
927 4221 1243 4293 priusquam
1300 4221 1423 4275 c'um
1448 4220 1721 4289 equitibus
1767 4218 2153 4288 liomauisjam

563 4318 838 4392 proximis
893 4329 1088 4371 manus
1147 4323 1488 4379 consereret,
1531 4321 1677 4366 retro
1701 4313 1882 4366 cessit.
1922 4311 2152 4367 Romani

2271 1823 2364 1875 ἐπὶ
2395 1824 2569 1896 ταύτῃ
2593 1827 2660 1894 τῇ
2686 1825 2950 1898 ὁμολογίᾳ
2981 1827 3041 1879 τὸ
3069 1828 3262 1882 πιστὸν
3290 1828 3475 1885 αὐτῶν
3531 1833 3840 1904 ἐσχηκέναι,

2268 1918 2319 1969 εί
2347 1915 2420 1988 μὴ
2447 1917 2543 1969 καὶ
2569 1916 2812 1986 φρουρὰν
2838 1919 3053 1982 ἑαυτοῖς
3078 1921 3144 1972 ἐκ
3166 1917 3434 1990 βασιλέως
3456 1923 3840 1996 ἐπιστήσεσθαι

2268 2009 2677 2074 καταδέξαιντο.
2709 2010 2832 2065 Τῶν
2853 2011 2907 2064 δὲ
2938 2011 3031 2065 καὶ
3061 2013 3200 2083 πρὸς
3227 2014 3388 2068 τοῦτο
3418 2017 3838 2084 ἐπινευσάντων,

2267 2103 2460 2172 χρόνος
2489 2102 2690 2156 ἐδίδοτο
2716 2107 2784 2176 τῇ
2814 2104 3079 2177 ὁμολογία
3101 2107 3321 2171 τακτός.
3368 2110 3534 2165 ’Δλλά
3559 2129 3714 2176 τινες
3762 2115 3842 2166 τοῦ

2265 2193 2655 2248 Μονοπολιτῶν
2689 2195 2860 2265 δήμου
2899 2191 3066 2268 (ἦσαν
3125 2199 3234 2268 γάρ
3266 2201 3361 2264 οὓς
3411 2203 3512 2254 οὐκ
3544 2203 3755 2274 ἤρεσκε
3788 2207 3846 2258 τὶ

2268 2285 2643 2358 μελετώμενα)
2703 2286 2960 2352 λαθόντες
3005 2289 3132 2353 τοὺς
3162 2290 3356 2355 ἄλλους
3385 2293 3699 2367 Φλαμίγγῳ
3724 2297 3843 2367 δῆλα

2263 2379 2437 2433 ταῦτα
2463 2379 2758 2435 καθίστων.
2795 2381 2903 2434 Καὶ
2920 2379 2977 2443 ὃς
3004 2385 3138 2451 πρὸς
3164 2382 3262 2454 τὴν
3285 2385 3458 2457 ἀκοὴν
3487 2389 3846 2460 ἐκταραχθεὶς

2264 2473 2689 2542 καταφράκτους
2717 2472 2917 2535 ἱππέας
2948 2474 3058 2526 τῶν
3097 2478 3225 2547 περὶ
3246 2477 3406 2530 αὐτὸν
3439 2478 3843 2551 ἀπολεξάμενος

2260 2563 2366 2614 τῶν
2394 2564 2587 2616 ἑκατὸν
2607 2565 2708 2617 οὐκ
2737 2565 3072 2630 ἀποδέοντας
3092 2568 3290 2632 αὐτοὺς
3320 2571 3422 2638 μὲν
3447 2573 3506 2623 ἐν
3530 2573 3615 2643 τῷ
3643 2593 3842 2644 παραυ-

2259 2654 2387 2707 τίκα
2430 2654 2699 2722 ἔστελλεν,
2755 2656 2783 2708 6
2816 2656 2872 2709 δὲ
2921 2657 3155 2712 κατόπιν
3215 2659 3382 2731 ὀλίγῳ
3419 2661 3659 2736 ὕστερον
3703 2668 3844 2738 ἥξειν

2260 2746 2414 2814 ἔλεγε
2449 2749 2610 2816 χεῖρα
2659 2746 2893 2818 βαρεῖαν
2927 2749 3291 2819 ἐπαγόμενος.
3333 2754 3576 2820 Τούτους
3631 2757 3695 2829 δὴ
3732 2760 3847 2822 τοὺς

2262 2838 2463 2903 ἱππέας
2493 2840 2666 2894 νύκτα
2699 2842 3044 2912 τηρήσαντες
3099 2838 3182 2906 οἷς
3233 2845 3292 2896 τὸ
3324 2846 3488 2917 ἔργον
3534 2848 3703 2903 τοῦτο
3735 2868 3846 2904 συν·

2261 2930 2458 2997 έκειτο,
2491 2932 2614 2984 καθ’
2646 2933 2711 3004 ἢν
2752 2935 2908 2997 ὑετὸς
2939 2934 3238 3005 οὐρανόθεν
3294 2937 3599 3003 ἐπέκλυζεν
3631 2942 3846 3011 ἄσχετος

2261 3023 2352 3077 διὰ
2382 3022 2598 3087 πυλίδος
2623 3025 2769 3089 τινὸς
2808 3027 2899 3079 ἐπὶ
2929 3028 3028 3100 τὴν
3060 3028 3215 3082 πόλιν
3241 3030 3610 3101 είσεδέχοντο,
3677 3035 3766 3085 καὶ
3794 3034 3845 3086 τδ

2263 3113 2516 3167 ἐντεῦθεν
2572 3119 2651 3179 είς
2699 3117 2840 3169 ὅπλα
2885 3123 3083 3189 χωρεῖν
3135 3122 3230 3172 καὶ
3280 3123 3444 3176 πάλιν
3492 3124 3844 3179 ἐσκέπτοντο.

2255 3199 2429 3269 Ὅπερ
2459 3199 2532 3262 ὡς
2563 3203 2642 3264 είς
2675 3201 2876 3269 γνῶσιν
2904 3199 3036 3273 ἦλθε
3071 3203 3148 3272 τῷ
3171 3204 3376 3274 deﬁxa,
3412 3203 3707 3280 ἐξαπάτην
3737 3210 3843 3261 τινὰ

2253 3294 2391 3362 πρὸς
2415 3294 2521 3345 τῶν
2548 3294 2935 3348 Μονοπολιτῶν
2986 3297 3085 3367 τὴν
3118 3299 3420 3367 πρεσϐείαν
3447 3301 3717 3369 γενέσθαι
3738 3305 3844 3374 οἰη-

2255 3387 2370 3449 Oet;
2398 3387 2600 3441 αὐτίκα
2636 3387 2798 3458 ἐξῆγε
2837 3389 2932 3442 τοῦ
2977 3393 3220 3461 χάρακος
3265 3395 3356 3447 τὸν
3393 3398 3656 3466 στρατόν.
3697 3398 3761 3449 Οἱ
3796 3396 3844 3449 δὲ

2251 3481 2407 3544 ὀλίγα
2425 3483 2606 3544 αὐτοῖς
2628 3483 2859 3552 ἀρκέσαι
2878 3483 3000 3546 τοὺς
3022 3486 3217 3537 ἑκατὸν
3233 3486 3588 3558 λογισάμενοι
3617 3492 3842 3556 ἱππέων,

2254 3572 2430 3636 ἄλλως
2460 3590 2517 3625 τε
2546 3576 2641 3626 καὶ
2673 3575 2773 3629 σὺν
2813 3575 2973 3647 Θυμῷ
3005 3577 3207 3646 μᾶλλον
3240 3578 3274 3647 ἢ
3299 3579 3492 3650 πρώην
3528 3584 3841 3652 μαχησομέ-

2254 3682 2344 3719 νου
2372 3665 2466 3719 τοῦ
2499 3666 2790 3732 Ῥωμαίων
2810 3670 3069 3740 στρατοῦ,
3091 3670 3407 3741 πέμψαντες
3434 3676 3531 3726 ἐπὶ
3561 3675 3668 3747 τὴν
3701 3676 3842 3728 πόλιν

2254 3756 2412 3824 αὖθις
2440 3761 2666 3813 ἐκάλουν
2697 3763 2789 3814 τὸν
2820 3767 3128 3834 στρατηγὸν
3163 3767 3246 3834 ἐφ’
3289 3768 3515 3838 ἑτέρους
3543 3771 3650 3840 τὴν
3678 3773 3843 3822 altis»

2259 3845 2687 3914 μεταφέροντες,
2717 3845 2767 3898 οἳ
2803 3849 2990 3916 κοινῆς
3014 3851 3142 3900 ἄνευ
3177 3850 3403 3921 γνώμης
3436 3852 3756 3924 ἐτόλμησαν
3785 3854 3842 3904 τὰ

2259 3938 2529 4007 παρόντα.
2570 3939 2630 3990 '0
2656 3939 2712 3990 δὲ
2763 3940 2977 4002 Δούκας
3004 3942 3072 3993 τά
3124 3941 3225 4012 μὲν
3269 3945 3466 4014 πρῶτα
3500 3947 3843 4016 ἀναινομένιι·

2255 4028 2442 4100 ἐῴκει,
2478 4029 2670 4101 θρύψει
2694 4047 2752 4082 τε
2781 4034 2874 4085 καὶ
2901 4034 3175 4105 ὑπεροψίᾳ
3206 4036 3375 4107 πολλῇ
3407 4037 3676 4108 ἐχόμενος
3707 4040 3838 4109 μάχῖ

2256 4125 2317 4178 τὸ
2346 4125 2581 4194 πρᾶγμα
2617 4125 2716 4195 ήδη
2769 4126 3027 4196 κριθῆναι
3087 4129 3420 4200 ἰσχυρίζετο.
3472 4132 3847 4203 Ἐγκειμένων

2256 4219 2314 4272 δὲ
2347 4220 2426 4272 ἐτι
2459 4218 2660 4288 μᾶλλον
2693 4221 2772 4282 εἰς
2803 4218 2960 4272 τοῦτο
3002 4219 3109 4274 τῶν
3139 4222 3376 4274 πολιτῶν
3429 4227 3527 4276 καὶ
3553 4229 3844 4296 ἐπιχωρεῖν

2258 4315 2446 4377 αὐτοῖς
2481 4317 2580 4384 τὴν
2608 4315 2899 4384 ἁμαρτάδα
2933 4316 3310 4383 ἱκετευόντων,
3340 4319 3440 4388 ὀψὲ
3464 4323 3845 4390 παρακληθεὶς

569 4427 601 4465 a
645 4422 793 4481 tergo
854 4411 1201 4479 insequentes
1249 4409 1446 4461 multos
1491 4420 1556 4462 ex
1586 4405 1664 4459 eis
1689 4405 1956 4472 cecidere,
1989 4403 2151 4474 158

2261 4405 2350 4456 ἐπὶ
2384 4407 2481 4475 τὴν
2511 4405 2667 4459 πόλιν
2697 4407 2885 4476 εἰσῆγε
2921 4408 2986 4459 τὸ
3032 4411 3370 4479 στράτευμα.
3419 4411 3561 4463 Ἀλλ’
3596 4415 3729 4482 ἄρτι
3756 4414 3843 4480 τὴν

568 4494 864 4561 etcentum
917 4504 1303 4574 cataphractos
1349 4500 1562 4571 equites
1597 4500 1746 4553 viros
1775 4513 1985 4569 cepere.
2024 4497 2148 4551 Fla-

2261 4496 2412 4550 πόλιν
2453 4497 2713 4567 Ῥωμαίοι
2739 4499 2916 4570 ἔσχον,
2948 4502 3041 4552 καὶ
3065 4502 3092 4552 6
3115 4501 3430 4570 Φλαμίγγος
3467 4503 3577 4555 ἀπὸ
3621 4504 3844 4556 σταδίων

563 4599 808 4668 miugum
868 4611 1016 4663 vero,
1073 4595 1164 4665 qui
1209 4606 1266 4650 et
1304 4596 1418 4662 ipse
1468 4593 1580 4647 fere
1648 4600 1841 4661 captus
1876 4601 1977 4656 est,
2022 4593 2145 4661 equi

2261 4589 2459 4641 εἴκοσιν
2481 4590 2780 4659 ἠγγέλλετο
2807 4592 3021 4662 παρών.
3046 4592 3220 4647 Τοῦτο
3252 4597 3418 4663 γνοὺς
3445 4599 3474 4648 6
3507 4595 3729 4659 Δούκας
3758 4597 3842 4649 ἆν-

561 4680 862 4760 pernicitas
909 4686 1153 4757 periculo
1179 4685 1401 4740 exemit.
1457 4681 1548 4737 llis
1581 4696 1840 4752 prospere
1869 4683 2032 4751 gestis
2062 4695 2148 4735 re-

2261 4680 2388 4751 δρας
2417 4682 2620 4746 ἱππέας
2647 4685 2754 4736 τῶν
2779 4685 2876 4738 σὺν
2896 4685 3045 4756 αὑτῴ
3069 4686 3383 4757 ἀριστίνδην
3412 4687 3843 4758 ἀπολεξάμενος.

562 4781 684 4844 ltus,
733 4779 960 4834 Romani
991 4776 1310 4847 Monopolitn
1338 4778 1586 4829 redeunt.

2261 4774 2451 4839 αὐτοὺς
2493 4776 2592 4846 μὲν
2619 4777 2697 4848 τῷ
2741 4778 3043 4850 Φλαμίγγῳ
3079 4781 3517 4845 ὑπαντιάσοντας
3568 4783 3840 4844 ἔστελλεν,

562 4879 592 4930 6
618 4878 674 4930 δὲ
707 4875 778 4929 τά
793 4880 937 4928 κατὰ
964 4875 1066 4944 τὴν
1102 4873 1258 4926 πόλιν
1281 4872 1689 4942 διοικησόμενος
1715 4868 1880 4922 αὑτοῦ
1902 4867 2138 4939 ἔμεινεν.
2195 4870 2334 4923 Ἀλλ’
2387 4876 2416 4927 6
2452 4873 2767 4944 Φλαμίγγος
2820 4875 3009 4946 ἐπειδὴ
3068 4876 3351 4947 πόρρωθεν
3407 4879 3506 4940 τὰς
3575 4876 3840 4946 βασιλέως

560 4974 774 5044 ἀνέγνω
801 4969 1041 5043 σημαίας
1081 4971 1173 5022 ἐπὶ
1207 4969 1315 5022 τῶν
1354 4969 1582 5039 πύργων
1622 4967 1720 5037 ἤδη
1773 4966 2236 5037 προφαινομένας,
2267 4969 2373 5038 πρὸ
2401 4969 2495 5022 τοῦ
2529 4973 2642 5032 τοῖς
2710 4970 3004 5038 Ῥωμαίων
3036 4972 3296 5025 ἱππεῦσιν
3363 4974 3443 5034 εὶς
3510 4977 3711 5043 χεῖρας
3766 4974 3838 5023 ἑλ-

562 5068 677 5123 θεῖν
701 5065 931 5134 ἔγγιστα
962 5063 1062 5134 ἤδη
1102 5061 1381 5131 γεγονόσιν
1437 5060 1614 5111 ὀπίσω
1660 5055 1871 5126 ἐχώρει.
1908 5056 2038 5109 Ὅτε
2069 5056 2134 5126 δη
2173 5059 2314 5112 κατά
2345 5059 2516 5112 νώτου
2557 5061 2820 5130 Ῥωμαῖοι
2860 5063 3150 5130 διώξαντες
3195 5064 3425 5129 πολλοὺς
3453 5066 3638 5120 αὐτῶν
3672 5068 3836 5120 ἔκτει-

561 5183 681 5232 ναν,
731 5158 872 5217 εἶλον
932 5161 989 5214 δὲ
1045 5160 1137 5211 καὶ
1209 5155 1479 5228 ζωγρείας
1531 5153 1838 5217 πανόπλους
1897 5155 2098 5217 ἱππέας
2175 5155 2370 5208 ἑκατόν
2445 5157 2706 5226 μάλιστα.
2758 5159 3072 5228 Φλαμίγγον
3126 5161 3184 5212 δὲ
3237 5164 3402 5230 ἐγγὺς
3485 5162 3698 5216 ἁλῶναι
3746 5161 3834 5232 ἤδη

559 5260 981 5332 γεγενημένονὴ
1006 5258 1097 5310 τοῦ
1128 5256 1295 5309 ἵππου
1341 5252 1578 5324 ταχύτης
1619 5251 1712 5304 τοῦ
1747 5251 1995 5304 κινδύνου
2031 5249 2350 5305 διεσώσατο.
2405 5253 2590 5306 Ταῦτα
2617 5256 3044 5322 κατωρθωκότες
3115 5258 3376 5328 Ῥωμαῖοι
3439 5259 3534 5312 ἐπὶ⁸
3590 5261 3836 5313 Μονόπο.ο

560 5363 646 5422 λιν
676 5357 1053 5427 ἀνεχώρησαν.

636 5450 722 5502 ll).
753 5450 924 5502 Ducas
949 5458 1124 5500 autem
1151 5447 1250 5500 etsi
1279 5445 1517 5513 quotidie
1554 5441 1799 5497 arridere
1825 5443 1927 5498 sibi
1951 5444 2140 5496 adver-

563 5552 704 5598 teret
743 5541 1038 5604 lortunam,
1101 5552 1442 5611 nequaquam
1489 5524 1668 5590 tamen
1720 5546 1887 5590 totum
1943 5550 2001 5590 se
2061 5535 2139 5590 illi

561 5635 1006 5688 committendum
1060 5633 1294 5698 censuit,
1336 5632 1741 5684 instabilitatem
1830 5628 1988 5700 illius
2027 5643 2135 5682 nou

565 5747 681 5784 stne
742 5743 900 5782 causa
929 5728 1151 5790 veritus,
1197 5744 1260 5780 nc
1312 5727 1762 5796 quemadmodum
1817 5723 2044 5791 improbi
2083 5730 2137 5777 et

2323 5448 2376 5496 t'.
2422 5441 2481 5496 Ὀ
2510 5442 2566 5495 δὲ
2601 5442 2810 5504 Δούκας
2841 5443 3115 5514 ὁσημέραι
3158 5441 3260 5513 τὴν
3306 5442 3480 5514 τύχην
3533 5442 3834 5515 Ῥωμαίοις

2249 5536 2668 5609 προσμειδώσκν
2699 5537 2841 5607 ὁρῶν
2868 5538 2928 5588 οὑ
2954 5536 3092 5589 πάνυ
3115 5552 3168 5589 τι
3194 5538 3471 5589 πιστεύειν
3498 5533 3649 5605 εἶχεν
3675 5541 3830 5609 αὐτῇ,

2245 5633 2345 5700 τὴν
2400 5626 2750 5696 ἀποστροφὴν
2813 5625 2889 5689 ὡς
2946 5626 3091 5688 εἰκὸς
3137 5624 3556 5697 εὐλαῦούμενος,
3621 5629 3831 5698 μήποτε

2247 5724 2388 5776 κατὰ
2417 5723 2538 5785 τοὺς
2579 5720 2887 5792 μοχθηροὺς
2940 5721 3117 5790 (φασὶ)
3182 5721 3290 5775 τῶν
3334 5723 3739 5791 συνοδοιπόρον
3773 5726 3829 5774 ἐκ
