3960 6164
183 360 275 429 505
1334 349 1892 417 HISTORIARUM
1933 348 2082 415 LIB.
2128 355 2231 417 rv.

3309 360 3422 426 δοθ

179 473 560 546 ιπιὸρισάντων
587 466 745 538 αὖθις
776 472 867 527 ἐπὶ
913 472 975 527 τδ
1026 472 1203 543 τεῖχος
1232 470 1402 536 ἔθεον,
1436 465 1529 523 καὶ
1565 469 1613 521 εί
1645 467 1721 539 μὴ

1831 462 2067 533 fortuna,
2099 468 2332 523 venisset
2370 466 2516 523 haud
2556 466 2717 523 dubie
2759 466 3119 523 Brundusium
3147 467 3418 524 ineorum

182 569 289 638 τύχη
336 584 425 632 τις
453 568 820 640 ἐπιγενομένη
866 564 1178 637 Ῥωμαίους
1235 561 1557 627 διεκώλυσε,
1587 561 1731 631 τάχα

176 661 228 716 ἂν
252 660 364 730 ἥλω
406 660 557 715 κατά
604 660 807 732 κράτος
853 658 975 712 τότε
1034 655 1380 727 Βρεντέσιον.
1429 653 1731 723 Ἀνέϐησαν

176 754 261 827 μὶν
282 754 393 826 γὰρ
419 755 523 825 ἤδη
549 753 643 808 τὸν
674 752 965 823 περίϐολον
993 751 1089 808 καὶ
1109 750 1218 804 ἀπὸ
1232 750 1341 803 τῶν
1359 748 1588 821 πύργων
1618 750 1732 810 τοῖς

174 847 302 901 ινδον
330 846 629 915 ἐμάχοντο,
661 846 800 900 ἀλλά
828 842 965 898 πολύ
1026 861 1081 897 τι
1135 842 1301 913 μέρος
1330 843 1511 896 αὐτῶν
1561 857 1733 894 πεπο-

175 938 317 1009 νηκὸς
344 939 411 1010 ηε
433 958 449 1011 ι
489 942 609 1002 ταῖς
647 940 872 1009 συχναῐς
906 936 1233 1008 προσόολαῖς
1266 935 1349 998 είς
1389 936 1492 1004 γῆν
1522 932 1730 1005 ἠνέχθη

171 1031 319 1084 πισὸν
368 1030 804 1099 συγκατέσπασέ
838 1048 899 1085 τε
952 1029 1185 1093 πολλοὺς
1232 1029 1436 1093 αὐτῶν,
1490 1028 1635 1080 οὕτω
1670 1044 1729 1081 τε

170 1122 431 1191 ἄπρακτοι
472 1121 855 1193 ἀνεχώρησαν.
908 1122 1122 1176 Σικελοὶ
1167 1120 1245 1186 δὲ,
1276 1119 1467 1190 ἐπειδὴ
1504 1117 1733 1187 μηδέπω

168 1214 437 1285 Γιλίελμος
474 1218 685 1287 παρῆν,
730 1214 930 1288 βουλὴν
966 1215 1248 1269 ἐποιοῦντο
1274 1216 1424 1276 ὅπως
1465 1211 1731 1281 ὁμολογίᾳ

174 1307 453 1377 Ῥωμαίοις
497 1309 558 1363 τὸ
610 1308 873 1381 φρούριον
928 1309 1291 1363 ἐνδώσουσιν·
1343 1306 1457 1361 ἀλλ’
1510 1308 1542 1377 ἡ
1590 1306 1725 1377 τύχη

164 1396 337 1467 ὥσπερ
382 1400 585 1450 τακτόν
636 1416 759 1451 τινα
803 1397 1096 1463 Ῥωμαίοις
1136 1394 1362 1465 ἕψεσθαι
1394 1394 1733 1463 ἐπαγγειλα-

168 1491 285 1560 μένη
346 1491 567 1561 χρόνον,
617 1486 736 1544 εἶτα
786 1490 1222 1561 ἐκμετρηθέντος
1266 1488 1568 1558 αἰσθομένη
1620 1489 1729 1541 ἀπδ

164 1584 324 1653 μέσης
364 1583 566 1647 αὐτοὺς
600 1582 700 1653 τῆς
724 1583 933 1645 πόλεως
958 1582 1196 1635 λιποῦσα
1224 1581 1419 1652 ᾧχετο“
1439 1582 1525 1636 Ἐν
1553 1574 1597 1649 ᾧ
1620 1582 1730 1651 γὰρ

162 1675 317 1729 ταῦτα
351 1676 572 1728 Σικελοὶ
602 1674 930 1739 διενοοῦντο,
971 1676 1181 1743 ἠγγέλη
1209 1677 1391 1736 αὐτοῖς
1423 1674 1592 1741 ἐγγὺς
1628 1675 1728 1744 ἤδη

158 1769 431 1838 Γιὶίελμον
488 1769 706 1840 στρατῷ
758 1769 985 1839 μεγάλῳ
1040 1770 1276 1823 ἐπιέναι.
1314 1769 1495 1838 Ὅπερ
1528 1770 1727 1821 ἐκεῖνοι
1764 1799 1807 1857 Β

158 1860 486 1924 ἀκούσαντες
518 1860 828 1931 ἀπέσχοντο
858 1861 959 1931 μὲν
983 1860 1092 1913 τῶν
1121 1860 1592 1930 βεϐουλευμένων,
1634 1860 1729 1912 ἐπὶ

156 1952 205 2004 δὲ
228 1954 290 2006 τὰ
320 1954 482 2023 τείχη
518 1953 823 2015 ἀναϐάντες
854 1952 1207 2023 ἐκροτάλιζον
1237 1952 1387 2016 θαέιά
1415 1953 1512 2004 καὶ
1537 1951 1728 2023 ὥσπερ

156 2041 245 2112 ἤδη
290 2042 608 2111 Ῥωμαίους
636 2040 992 2107 ἐξελάσαντες
1021 2043 1233 2112 ἡμέραν
1261 2038 1397 2114 ἦγον
1423 2040 1655 2112 ἐὸρτιον.

218 2130 323 2200 αγ’.
370 2131 561 2186 Ταῦτα
595 2132 697 2203 μὲν
720 2132 788 2203 δὴ
820 2134 949 2203 τῇδε
984 2134 1293 2203 ἐπράσσετο
1315 2150 1329 2165 ·
1364 2132 1648 2202 Γιλίελμος
1671 2132 1727 2186 δὲ

150 2228 277 2292 ἄρας
300 2230 368 2280 ἐκ
399 2225 617 2290 Μυξίας
650 2228 813 2279 παντὶ
835 2225 913 2295 τῷ
938 2224 1158 2294 στρατῷ
1192 2224 1268 2287 ὡς
1291 2226 1384 2279 ἐπὶ
1409 2224 1727 2294 Βρεντέσιον

149 2319 478 2389 ἐπορεύετο,
515 2319 543 2372 ὃ
574 2334 634 2371 τε
666 2316 852 2379 στόλος
899 2316 1049 2385 αὐτῷ
1083 2317 1175 2369 ἐπὶ
1220 2314 1322 2385 τῆς
1351 2316 1727 2384 ἀντιπόρθμου

147 2412 218 2482 τῷ
259 2409 576 2481 Βρεντεσίῳ
609 2411 825 2479 νησίδος
854 2410 1055 2478 ὀλίγων
1090 2409 1196 2462 ἀπὸ
1232 2409 1464 2461 σταδίων
1496 2409 1729 2479 ὁρμισά-

151 2520 303 2573 μενος
336 2503 553 2556 ἵστατο.
589 2502 747 2556 Κατά
776 2502 971 2554 ταύτὸν
1001 2500 1111 2570 γὰρ
1156 2499 1551 2570 ἀμφοτέρωθεν
1592 2501 1727 2552 Ῥω-

148 2596 322 2665 μαίοις
378 2594 489 2665 τὴν
541 2593 853 2665 προσϐολὴν
914 2593 1190 2646 ποιεῖσθαι
1244 2593 1522 2646 διενοεῖτο.
1566 2592 1725 2645 Ἀ).λά

154 2682 467 2753 Ῥωμαίους
494 2684 560 2738 τὸ
597 2683 698 2754 μὲν
722 2685 923 2739 αὐτίκα
954 2686 1397 2754 διαναυμαχῆσαι
1420 2686 1550 2755 πρὶν
1573 2685 1606 2755 ἦ
1634 2686 1726 2737 καὶ

143 2776 434 2848 Γιλίελμον
481 2778 671 2840 αὐτοῖς
722 2778 1040 2847 ἐπιστῆναι,
1091 2776 1385 2830 δυσϐουλία
1416 2795 1500 2841 τις
1533 2782 1625 2831 καὶ
1667 2777 1727 2831 τὸ

142 2867 337 2939 χρῆναι
370 2864 535 2938 οἶμαι
564 2869 752 2933 κακῶς
783 2870 984 2933 αὐτοὺς
1021 2870 1353 2923 πεπονθέναι
1386 2870 1681 2939 παρείλετο
1706 2886 1722 2901 ’

139 2960 269 3031 πρὸς
320 2960 381 3013 δὲ
444 2959 800 3031 ἀμφοτέρους
851 2960 953 3031 τὴν
995 2961 1178 3031 μάχην
1228 2962 1601 3031 διενεγκόντες
1655 2964 1725 3016 τά

142 3048 405 3119 βασιλέως
434 3050 751 3122 διέφθειρον
792 3052 1113 3121 πράγματα.
1147 3052 1388 3121 Στρατὸν
1428 3054 1537 3123 γὰρ
1560 3053 1720 3123 ἦκειν

1834 568 2181 629 petestatent,
2224 560 2387 631 vique
2426 569 2792 630 expugnatum
2842 561 3069 627 fuisset;
3115 562 3224 630 jam
3278 561 3422 615 enim

1836 650 2034 733 vallum
2083 662 2496 719 superaverant.
2543 663 2709 722 atque
2741 667 2772 707 e
2806 651 3048 706 turribus
3077 667 3199 706 cum
3235 652 3299 706 iis
3331 654 3422 720 qui

1835 736 1975 795 'ntra
2030 742 2216 797 urbem
2266 752 2443 808 erant,
2488 743 2853 808 dimicabant;
2904 743 2997 797 sed
3030 743 3205 811 major
3235 758 3422 797 earum

1835 847 1985 901 pars,
2028 833 2239 887 crebris
2287 834 2783 904 oppugnationibus
2812 846 3093 902 quassata,
3128 837 3181 889 in
3222 843 3424 889 terram

1834 923 2053 987 decidit,
2108 932 2165 978 et
2224 938 2290 977 ex
2345 925 2413 978 iis
2467 923 2897 994 quamplurimas
2973 940 3158 979 secum
3237 926 3423 988 traxit,

1834 1013 2019 1082 sicque
2045 1031 2101 1068 re
2132 1016 2329 1071 infecta
2358 1015 2585 1070 rediere.
2616 1013 2785 1070 Siculi
2814 1024 3017 1079 autem,
3039 1031 3161 1069 cum
3190 1016 3422 1069 necdum

1834 1105 2048 1160 adesset
2088 1105 2412 1171 Gulielmus,
2461 1104 2636 1161 iniere
2664 1105 2956 1161 consilium
2988 1106 3133 1161 arcis
3168 1122 3264 1174 per
3293 1121 3424 1160 can-

1832 1199 2065 1255 ditiones
2105 1198 2365 1255 Romanis
2411 1199 2692 1254 dedendae.
2739 1196 2943 1254 Verum
2991 1199 3226 1261 fortuna,
3273 1211 3424 1254 certo
3511 1267 3515 1271 _

1832 1290 1987 1361 quasi
2016 1291 2277 1359 temporis
2312 1291 2543 1360 quodam
2579 1290 2755 1358 spatio
2798 1306 2858 1345 se
2890 1290 3168 1346 Romanos
3201 1302 3424 1346 secutu-

1835 1400 1948 1438 ram
1982 1394 2127 1439 esset
2164 1395 2337 1453 pacta,
2378 1383 2542 1453 idque
2578 1383 2691 1453 jam
2726 1382 2967 1453 elapsum
3002 1385 3287 1451 sensisset,
3316 1383 3426 1439 illis

1834 1475 1887 1527 in
1920 1472 2095 1527 media
2126 1474 2347 1527 civitate
2378 1473 2603 1539 relictis,
2640 1476 2899 1529 recessit.
2942 1475 3075 1528 Dum
3121 1474 3265 1528 enim
3310 1474 3427 1528 haec

1833 1565 1999 1621 Siculi
2044 1565 2364 1627 deliberant,
2418 1566 2697 1617 nuntiatur
2748 1566 3033 1633 oppidanis
3086 1565 3421 1620 Gulielmum

1834 1674 2027 1725 magno
2064 1674 2183 1711 cum
2222 1657 2464 1711 exercitu
2501 1672 2669 1725 prope
2698 1658 2913 1711 adesse.
2955 1656 3165 1723 Quibus
3195 1656 3420 1713 auditis.

1835 1749 2118 1802 Consilium
2147 1748 2198 1801 id
2228 1747 2567 1801 intermisere
2599 1757 2650 1800 et
2685 1747 2737 1800 in
2773 1762 2956 1802 muros
2997 1749 3270 1816 progressi
3312 1750 3423 1803 fre-

1835 1840 2021 1908 quenti
2078 1840 2267 1908 plausu
2320 1839 2473 1908 quasi
2528 1839 2767 1908 depulsis
2817 1838 2930 1907 jam
2996 1842 3119 1895 inde
3164 1841 3422 1894 Romanis

1836 1932 2026 1987 festum
2059 1940 2285 2002 egerunt
2314 1930 2476 1984 diem.

1902 2132 1993 2186 15.
2032 2130 2157 2186 ιιι-ο
2195 2140 2305 2184 tum
2346 2130 2417 2185 ibi
2454 2131 2804 2200 gerebantur.
2840 2130 3061 2186 Movens
3091 2147 3216 2188 vero
3247 2131 3421 2203 Myzia

1831 2223 2129 2278 Gutielmus
2174 2241 2293 2278 cum
2344 2226 2597 2279 universo
2639 2226 2882 2279 exercitu
2936 2241 3125 2280 versus
3172 2226 3424 2282 Brundu-

1831 2321 1969 2376 sium
2024 2323 2324 2386 cuntendit,
2355 2322 2482 2375 dum
2530 2322 2723 2376 classis
2782 2320 2962 2376 Sicula
3015 2324 3081 2376 ad
3137 2324 3420 2390 parvulam

1830 2412 2061 2466 iusu'am
2098 2412 2399 2467 Brundusio
2434 2415 2622 2481 paucis
2652 2413 2852 2467 abhinc
2888 2414 3081 2468 stadiis
3125 2417 3418 2469 obversam

1830 2502 2051 2570 appellit
2083 2523 2097 2557 :
2136 2504 2203 2555 ah
2238 2512 2467 2571 utraque
2516 2503 2658 2556 cnim
2701 2515 2857 2571 parte
2907 2503 3183 2559 Romanos
3218 2506 3420 2563 adoriri

1830 2600 2115 2645 statuerat.
2177 2592 2280 2645 Sed
2339 2592 2495 2656 illus,
2557 2594 2848 2660 quatinus
2907 2594 3179 2662 extemplo
3231 2595 3423 2649 navale

1829 2682 2235 2737 committerent
2265 2682 2504 2750 pra-lium
2540 2685 2855 2753 priusquam
2896 2699 2923 2737 a
2954 2684 3218 2739 Gulielmo
3251 2686 3425 2755 impc-

1831 2784 2095 2839 terentur,
2132 2777 2315 2829 nescio
2352 2778 2493 2845 quod
2518 2792 2739 2844 pravum
2765 2776 3074 2841 c0nsilium,
3096 2787 3151 2831 et
3182 2780 3325 2843 quod
3356 2780 3421 2834 iis

1828 2871 1992 2927 fatale
2026 2874 2293 2942 quoddam
2335 2874 2681 2942 impendebat
2716 2876 2997 2941 damnum,
3021 2877 3238 2933 avertit.
3285 2879 3419 2933 Dum

1831 2967 1973 3019 enim
1992 2975 2179 3019 contra
2204 2976 2494 3034 utrumque
2512 2975 2788 3019 certamen
2822 2967 3030 3027 ineunt,
3071 2982 3154 3020 res
3188 2968 3422 3038 impera-

1832 3057 1964 3111 toris
2016 3058 2459 3124 pessumdedere.
2493 3055 2695 3111 Novum
2742 3058 2900 3128 ιϐ’]
2932 3061 3127 3128 quippe
3162 3059 3421 3128 Byzantio

136 3144 196 3197 hc
232 3143 541 3208 Βυζαντίου
575 3141 1013 3210 καραδοκοῦντες
1070 3142 1195 3213 ἥδη,
1249 3144 1303 3206 ἐς
1352 3144 1451 3214 τὴν
1509 3143 1721 3196 ἐκείνου

1830 3152 2134 3208 exercitum
2167 3160 2547 3221 exspectantes
2582 3167 2864 3222 quousque
2890 3155 3105 3206 adesset
3140 3153 3225 3206 ille
3252 3154 3415 3222 (quod

136 3240 272 3308 τάχα
322 3238 645 3307 παρουσίαν
676 3237 777 3305 τὴν
814 3235 1126 3307 προσϐολὴν
1153 3236 1495 3290 ἀπετίθεντο.
1543 3238 1632 3300 Ὠς
1666 3237 1722 3291 δὲ

133 3327 230 3402 ἤδη
262 3328 443 3397 ἐγγὺς
493 3326 640 3380 εἶναι
673 3326 967 3397 ἠγγέλλετο
1017 3326 1301 3397 Γιλίελμος
1323 3369 1337 3393 ,
1368 3326 1490 3380 τότε
1521 3328 1585 3397 δὴ
1622 3328 1721 3397 τὴν

132 3421 477 3490 ἀμφοτέρων
498 3420 728 3481 ἄκοντες
752 3417 1068 3488 ἀνεδέχοντο
1103 3418 1513 3489 μάχην.Ἄνδρε
1542 3418 1722 3471 τοίνυν

130 3512 220 3567 δύο
244 3511 473 3581 δοκίμω
504 3511 573 3563 τὰ
610 3513 692 3574 εἰς
731 3509 832 3574 τὰς
864 3511 1045 3581 μάχας
1088 3510 1490 3580 ἐπιλεξάμενοι,
1538 3512 1722 3566 Ἰωαν-

128 3602 323 3656 νάκιόν
383 3600 449 3655 τέ
481 3617 607 3655 τινα
662 3600 984 3670 Κριτόπλην
1018 3604 1112 3655 καὶ
1152 3603 1448 3673 Παιράμην
1505 3604 1719 3675 Πέρσην

128 3696 307 3761 γένος.
342 3697 469 3766 ἅμα
504 3695 722 3767 Ἴϐηρσι
752 3695 849 3749 καὶ
887 3696 1279 3765 Μασσαγέταις
1305 3699 1391 3767 ἐφ’
1420 3690 1464 3766 ᾧ
1487 3698 1722 3769 ἀκροϐο-

124 3788 380 3844 λίπσθαι
415 3786 507 3861 [Ρ.
534 3786 628 3859 97]
698 3788 985 3858 ἔπεμψαν
1017 3789 1067 3843 οἱ
1116 3790 1209 3844 καὶ⁹
1247 3790 1437 3859 ἐπειδὴ
1485 3791 1719 3861 τάχιστα

124 3883 237 3945 τοῖς
262 3880 568 3950 πολεμίοις
598 3880 900 3951 συνέμιξαν
927 3884 1035 3954 πρὸ
1067 3882 1229 3934 πέντε
1263 3899 1365 3936 που
1396 3884 1492 3937 καὶ
1519 3900 1719 3937 τεσσα-

126 3975 377 4044 piatam
438 3974 673 4028 σταδίων
727 3977 823 4028 τὸν
880 3977 1103 4047 χάρακα
1162 3977 1519 4047 πηξαμένοις,
1556 3981 1615 4031 ἐν
1650 3979 1715 4048 τῇ

123 4064 366 4135 ἐγγύθιν
412 4065 728 4137 ἀποπορείᾳ
783 4065 925 4120 κατά
965 4066 1135 4120 νώτου
1173 4069 1355 4129 αὐτοῖς
1403 4067 1719 4137 ἐπιθέμενοι

119 4158 366 4221 πολλούς
424 4173 491 4210 τε
549 4156 658 4231 τῶν
708 4158 802 4210 ἐπὶ
846 4156 948 4227 τῆς
999 4158 1268 4229 οὐραγίας
1317 4159 1570 4213 ἔκτειναν
1625 4161 1719 4213 καὶ

120 4252 328 4315 ἵππους
354 4251 475 4305 τῶν
507 4250 861 4320 σκευοφόρων
890 4253 1118 4321 συχνοὺς
1144 4252 1375 4323 ἧλασαν,
1408 4253 1634 4323 σημεῖόν
1658 4271 1718 4307 τε

118 4348 263 4415 aqua;
295 4344 648 4415 ἀφελόμενοι
684 4346 779 4397 ἐπὶ
812 4344 1135 4415 Βρεντέσιον
1183 4340 1372 4415 ἦλθον.
1436 4346 1599 4400 Ἀλλά
1629 4345 1719 4400 Σι-

115 4437 269 4491 κελοὶ
322 4435 533 4492 τούτου
597 4436 696 4508 μὲν
753 4432 919 4509 ἦττον
972 4437 1303 4508 ἐφρόντισαν
1341 4437 1461 4508 (ars
1500 4440 1610 4510 γὰρ
1659 4441 1717 4493 ἐν

112 4531 324 4604 πλήθει
362 4529 597 4601 μεγάλῳ
639 4528 895 4599 αἴσθησις
922 4529 1152 4600 οὐδεμία
1200 4530 1413 4590 τούτοις
1455 4532 1721 4601 ἐγένετο),

111 4626 284 4698 ὀλίγῳ
360 4625 428 4679 δὲ
489 4622 783 4693 Ῥωμαίων
852 4624 1528 4693 ἀπεττρατοπεδευμένοι,
1608 4626 1721 4696 ὅσῳ

112 4720 470 4791 ἀμφοτέροις
525 4716 655 4780 τοὺς
709 4718 1101 4787 χορταγωγοὺς
1158 4718 1572 4787 ἐπιμίγνυσθαι,
1627 4720 1719 4775 τὸν

112 4814 372 4883 πόλεμον
404 4812 729 4880 διέγραφον.
763 4811 904 4882 Ἤδη
929 4812 985 4865 δὲ
1028 4812 1121 4864 καὶ
1165 4812 1227 4865 τὸ
1256 4815 1511 4867 ναυτικὸν
1538 4814 1719 4883 ὀλίγον

107 4906 311 4959 λοιπὸν
349 4902 457 4957 τοῦ
491 4901 713 4971 λιμένος
747 4902 1089 4955 ἀποσαλεῦον
1114 4903 1305 4957 ἵστατο
1330 4905 1565 4967 τούτοις.
1610 4908 1719 4962 Καὶ

110 4997 338 5051 Σικελοὶ
379 4994 486 5063 μὲν
516 4998 575 5047 ἐν
604 4993 821 5057 τούτοις
866 4990 1005 5065 ἦσαν
1028 5010 1041 5026 ·
1086 4996 1350 5065 Ῥωμαῖοι
1381 4998 1437 5051 δὲ
1470 4999 1561 5051 καὶ
1588 4999 1721 5068 πρό-

108 5110 274 5163 τερον
308 5091 429 5163 μὲν
462 5090 647 5160 πολλῴ
674 5089 751 5158 τῷ
774 5090 1154 5145 διαλλάσσοντι
1180 5091 1275 5143 τοῦ
1299 5092 1407 5145 τῶν
1441 5094 1717 5162 πολεμίων

110 5180 531 5254 ἠλαττονοῦπό
588 5182 846 5253 στρατοῦ,
892 5184 1011 5235 τότε
1043 5184 1101 5237 δὲ
1136 5184 1217 5236 ἔτι
1254 5186 1455 5253 μᾶλλον
1482 5187 1713 5259 ὑπέρῤει

107 5277 179 5331 τὰ
208 5277 315 5346 τῆς
350 5274 654 5344 δυνάμεως
684 5274 891 5337 αὐτοῖς.
922 5271 1109 5328 Ἀλλοι
1140 5292 1196 5326 τε
1232 5276 1340 5345 γὰρ
1369 5276 1443 5340 ὡς
1468 5278 1717 5334 πλεῖστοι

111 5369 445 5440 συμμάχων
466 5366 815 5431 ἀπετάξαντο
839 5365 1081 5431 τούτοις,
1108 5370 1201 5422 καὶ
1221 5369 1285 5440 δὴ
1316 5370 1416 5424 καὶ
1438 5374 1604 5441 μοῖρά
1630 5390 1719 5438 τις

109 5463 351 5519 Κελτῶν
384 5461 493 5514 ούκ
522 5460 758 5528 ἀγεννὴς
810 5460 1005 5530 μισθοῦ
1050 5462 1349 5533 Ῥωμαίοις
1388 5463 1715 5519 δουλεύουσα

109 5553 403 5622 Γιλιέλμῳ
457 5550 830 5620 λαθραιότατα
879 5551 1301 5624 προσεχώρησε.
1333 5554 1519 5609 Ταῦτα
1552 5556 1579 5609 ὀ
1634 5557 1718 5610 Γι-

109 5645 343 5717 λίελμος
380 5642 533 5714 ὀρῶν
559 5643 670 5696 δεῖν
692 5643 837 5710 ἔγνω
867 5645 966 5710 τὴν
990 5645 1084 5696 τοῦ
1110 5645 1305 5716 καιροῦ
1336 5646 1715 5716 προαρπάζειν

106 5738 390 5809 ὀξύτητα,
431 5737 508 5805 μή
539 5753 669 5790 ποτε
704 5734 797 5789 τοῦ
832 5737 1029 5807 χρόνου
1061 5736 1451 5808 διαγενομένου
1478 5742 1511 5809 ἢ
1552 5740 1718 5811 Ῥομ-

107 5829 322 5905 πὲρτον
359 5829 557 5893 αὐτοῖς
594 5826 961 5900 ἐπιϐοηθῆσαι
1003 5828 1218 5899 γένοιτο
1246 5830 1567 5903 (ἠγγέλλετο
1602 5832 1711 5907 γὰρ

1828 3247 1976 3300 brevi
2004 3244 2246 3299 futurum
2282 3245 2730 3315 arbitrabantur),
2766 3246 2951 3299 hostes
2989 3245 3205 3313 aggredi
3245 3247 3419 3299 distu-

1825 3336 2023 3390 lerunt.
2055 3334 2157 3391 Ubi
2199 3352 2327 3390 vero
2370 3335 2690 3391 Gulielmum
2734 3350 2900 3405 pr0pe
2938 3335 3127 3390 adesse
3171 3335 3413 3391 affertur:

1828 3440 1937 3481 tum
1982 3444 2112 3482 vero
2157 3430 2321 3481 etiam
2373 3428 2523 3482 inviti
2576 3438 2867 3497 utrumque
2909 3430 3090 3483 ineunt
3145 3430 3413 3499 prwlium.

1824 3522 1969 3577 Duos
2001 3526 2182 3591 itaque
2212 3532 2463 3591 spectata:
2488 3522 2539 3575 in
2566 3522 2707 3576 bello
2741 3523 2957 3577 virtutis
2981 3524 3221 3578 delectus
3244 3526 3412 3587 viros.

1821 3613 2164 3670 Joannicium
2208 3616 2491 3684 quemdam
2533 3614 2824 3683 Critoplem
2878 3626 2931 3669 et
2979 3616 3271 3671 Pceramem
3321 3632 3417 3669 na-

1826 3707 1973 3761 tione
2006 3706 2246 3770 Persam,
2284 3722 2407 3760 cum
2454 3708 2619 3761 lberis
2651 3718 2704 3760 et
2734 3706 3055 3775 Massagetis
3083 3707 3148 3761 ad
3182 3708 3413 3761 velitan-

1825 3799 1952 3853 dum
1990 3815 2110 3852 cum
2154 3799 2399 3853 hostibus
2442 3800 2794 3866 prannittunt.
2847 3796 2949 3853 Ubi
3004 3814 3062 3853 se
3116 3798 3183 3852 iis
3227 3800 3410 3853 statim

1826 3896 2194 3959 immiscuere,
2242 3903 2427 3965 utpote
2474 3897 2541 3949 ad
2568 3895 2815 3964 quintum
2851 3904 2907 3949 et
2934 3895 3409 3965 quadragesimum

1824 3988 2056 4043 stadium
2116 3995 2296 4057 castra
2358 3987 2737 4054 habentibus;
2797 3986 3114 4057 fugientes,
3182 4003 3411 4057 quormn

1824 4081 2006 4137 brevis
2028 4083 2093 4134 ad
2118 4094 2244 4135 suos
2267 4089 2388 4135 erat
2410 4080 2636 4145 reditus,
2661 4095 2689 4133 a
2724 4088 2875 4149 tergo
2904 4080 3185 4143 invadunt,
3217 4079 3414 4134 multos

1824 4177 1890 4230 de
1938 4183 2178 4228 extrema
2221 4175 2433 4227 credunt
2481 4172 2617 4235 acie,
2667 4170 3033 4240 plurimosque
3070 4170 3398 4225 sarcinarios

1823 4264 2042 4333 capiunt
2077 4278 2265 4332 equos,
2310 4262 2636 4332 tandemque
2681 4270 2867 4330 erepto
2908 4263 2973 4314 ad
3018 4262 3131 4316 haec
3172 4261 3407 4320 militari

1823 4358 1976 4424 signo
2007 4355 2370 4410 Brundusium
2408 4362 2776 4408 revertuntur.
2832 4354 3028 4408 Verum
3060 4369 3087 4405 a
3121 4351 3315 4406 Siculis
3346 4367 3408 4405 ea

1747 4478 1803 4538 Β
1828 4451 2015 4504 clades
2042 4451 2096 4504 in
2124 4450 2226 4504 levi
2257 4448 2463 4513 habita,
2497 4464 2618 4501 cum
2658 4450 2711 4501 in
2749 4457 2891 4503 tanta
2946 4448 3289 4500 multitudine
3320 4449 3430 4507 vix,

1832 4541 2222 4609 perciperetur.
2252 4538 2427 4595 Simul
2476 4549 2641 4609 atque
2687 4552 2814 4593 vero
2862 4537 2971 4605 jam
3016 4538 3259 4606 proxime
3306 4536 3411 4592 Ro-

1830 4647 2021 4687 manos
2059 4641 2235 4686 castra
2277 4631 2312 4685 ii
2347 4631 2654 4696 admovere,
2692 4630 2763 4684 ita
2808 4640 2865 4683 ut
2912 4628 3084 4697 partis
3130 4630 3410 4699 utriusque

1822 4724 2175 4795 pabulatores
2210 4724 2599 4786 miscerentur,
2644 4724 3035 4776 ordinaverunt
3075 4722 3263 4777 aries:
3299 4724 3405 4791 iam

1823 4830 1923 4871 nec
1947 4817 2135 4886 procul
2165 4832 2193 4870 a
2226 4826 2381 4884 portu
2419 4818 2608 4869 aberat
2640 4815 2852 4869 illorum
2880 4816 3093 4869 classis.
3123 4814 3271 4871 Talis
3290 4826 3409 4871 erat

1822 4924 2003 4962 rerum
2053 4908 2192 4978 apud
2241 4908 2457 4963 Siculos
2494 4917 2689 4963 status.
2740 4906 2875 4961 Tum
2928 4923 3056 4961 vero
3101 4908 3334 4961 maxime
3375 4922 3405 4960 a

1820 5001 2105 5065 Romanis,
2138 5002 2229 5070 qui
2257 5002 2368 5068 jam
2403 5010 2563 5054 antea
2602 5000 2835 5054 militum
2883 5016 3112 5053 numero
3138 5002 3294 5065 longe
3328 5001 3409 5055 in-

1820 5096 2048 5153 feriores
2084 5094 2263 5148 hostili
2295 5104 2450 5147 erant
2472 5094 2740 5155 exercitu,
2775 5092 2996 5146 deﬂuxit
3038 5092 3203 5147 robur
3232 5102 3283 5146 et
3312 5108 3408 5146 au-

1819 5186 1994 5242 dacia.
2031 5185 2165 5240 Nam
2215 5194 2268 5239 et
2317 5184 2546 5239 aliorum
2589 5186 2866 5238 sociorum
2913 5200 3072 5251 quam
3114 5184 3295 5252 plures
3338 5184 3408 5239 ab

1819 5280 1886 5339 iis
1919 5288 2044 5335 sunt
2074 5277 2290 5346 dilapsi,
2321 5287 2375 5332 et
2421 5276 2695 5330 Celtarum
2744 5292 2849 5330 non
2905 5276 3155 5347 ignobilis
3208 5287 3404 5345 turma,

1819 5387 1938 5442 quae
1966 5372 2065 5426 sub
2097 5369 2355 5425 Romanis
2391 5369 2657 5437 stipendia
2692 5371 2956 5433 merebat,
2984 5371 3049 5423 ad
3079 5369 3400 5425 Gulielmum

1818 5464 2190 5521 occultissime
2215 5462 2487 5517 transivit.
2524 5463 2597 5517 Ea
2627 5462 2717 5516 ubi
2752 5462 2795 5516 is
2830 5462 2983 5526 vidit,
3020 5461 3275 5516 utendum
3306 5476 3402 5517 oc-

1818 5557 2038 5613 casione
2061 5556 2317 5625 temporis
2346 5556 2548 5625 putavit
2604 5556 2766 5627 168
2785 5570 2853 5609 ne
2874 5554 3080 5609 interea
3110 5553 3402 5619 Rohcrtus,

1817 5666 1975 5719 quem
2006 5648 2303 5704 contractis
2336 5648 2505 5716 copiis
2538 5651 2834 5701 adventare
2867 5660 3052 5700 rumor
3080 5655 3218 5710 erat,
3251 5646 3404 5699 auxi-

1819 5746 1891 5800 lia
1933 5743 2002 5799 iis
2040 5743 2232 5807 ferret,
2268 5753 2359 5795 aut
2396 5751 2684 5797 terrestres
2724 5738 3083 5796 maritimzeve
3126 5739 3295 5809 copia:
3329 5738 3397 5791 ab

1817 5836 2143 5906 imperatore
2209 5832 2386 5889 inissa:
2453 5833 2827 5889 subvenirent.
2894 5830 3159 5888 lnstructa
3214 5832 3393 5900 itaque
