3960 6164
346 355 449 428 511

1637 351 1956 413 ΙΟΑΝΝΙΞ
1996 348 2323 410 CINNAMI

3520 335 3620 400 512

344 485 513 540 terat,
544 472 794 544 populum
837 471 1184 527 anathemate
1221 469 1367 536 ferit,
1414 469 1541 524 nihil
1579 469 1812 524 attinere
1856 470 1938 522 in-

2071 471 2216 540 ιηδὶν
2249 468 2414 538 μετὸν
2441 460 2578 519 εἶναι
2605 464 2681 534 (6)
2709 463 2884 531 λέγων
2901 461 3088 532 Ῥώμῃ
3122 462 3183 531 τῇ
3217 459 3460 530 νεωτέρα
3491 460 3624 528 πρὸς

349 570 546 640 quiens
587 568 814 620 Romam
865 577 1060 618 novam
1091 563 1157 614 ad
1189 573 1452 625 veterem,
1497 576 1619 630 quae
1666 560 1778 629 jam
1805 559 1934 613 olim

351 660 537 714 scissa:
577 664 810 711 essent:
851 654 982 725 quin
1036 654 1218 724 potius
1267 653 1470 709 Sicilia:
1514 651 1736 706 domino
1781 665 1937 719 opem

353 748 629 804 fet-endam
677 761 819 809 esse,
867 745 958 815 qui
1005 760 1127 798 cum
1165 744 1375 798 illorum
1425 743 1724 799 membrum
1771 750 1936 807 esset,

351 841 527 908 ipsam
574 839 829 908 pietatem
877 850 1100 905 poscere
1143 836 1378 899 dicebat,
1427 845 1505 900 ut,
1560 836 1651 904 qui
1697 849 1726 887 a
1769 834 1939 886 multo

353 935 569 990 fortiori
607 935 971 1003 opprimatur,
1018 932 1220 986 auxilio
1263 940 1621 986 sustentetur.
1660 927 1939 997 Ejusmodi

355 1022 978 1079 excommunicationem
1013 1022 1219 1075 veritus
1249 1021 1464 1090 quidam
1491 1037 1558 1075 ex
1593 1023 1682 1086 iis,
1718 1021 1806 1090 qui
1840 1021 1942 1074 im-

355 1111 628 1183 peratoris
687 1122 869 1180 partes
924 1112 1336 1181 sequebantur,
1391 1113 1698 1178 abscessit,
1759 1125 1814 1166 et
1875 1110 1941 1164 ad

356 1219 628 1263 summum
678 1203 987 1272 pontiﬁcem
1042 1212 1244 1258 mutata
1293 1204 1565 1259 sententia
1613 1204 1782 1258 venit.
1835 1201 1941 1257 Sed

357 1297 451 1366 qui
484 1307 596 1348 tum
627 1295 696 1351 ibi
735 1294 998 1351 Romanis
1035 1295 1306 1360 favebant,
1336 1310 1524 1364 magna
1562 1311 1686 1348 cum
1726 1295 1850 1348 inde
1892 1292 1943 1347 vi

356 1387 636 1456 expulere,
733 1396 897 1457 utque
955 1386 1209 1441 omnibus
1268 1386 1642 1440 iunotesceret
1706 1385 1946 1439 hominis

358 1476 612 1547 perfidia,
645 1478 804 1532 modo
835 1478 1066 1548 quodam
1095 1477 1380 1532 barbarico
1404 1488 1458 1533 et
1487 1478 1772 1531 invenusto
1803 1476 1946 1530 illius

360 1564 514 1625 arma
551 1579 604 1624 et
647 1586 845 1641 equum
891 1573 943 1625 in
977 1571 1148 1626 altum
1197 1572 1468 1642 quoddam
1516 1571 1717 1640 lignum
1768 1570 1946 1626 extol-

361 1661 504 1726 lunt,
529 1678 764 1732 moxque
784 1661 978 1717 laxatis
1005 1662 1222 1718 funibus
1243 1664 1308 1716 ad
1344 1672 1542 1716 terram
1577 1662 1703 1716 ferri
1739 1661 1950 1717 sinnll.

363 1753 445 1808 Ita
482 1753 656 1822 palam
691 1755 1033 1824 insurgentes
1067 1753 1120 1807 in
1155 1754 1490 1822 pontiﬁcem.
1529 1763 1588 1807 ut
1631 1755 1947 1806 anathema-

367 1853 479 1898 tnm
528 1843 758 1899 vinculis
805 1844 1054 1899 homines
1098 1845 1333 1899 solveret
1375 1857 1713 1912 persuasere.
1771 1844 1952 1911 Atque
1985 1820 2023 1872 Β

367 1933 496 1989 inde
531 1935 706 2002 major
741 1949 955 1988 rursum
987 1933 1248 1988 Romanis
1277 1935 1447 1987 crevit
1483 1933 1732 1987 audacia.
1767 1934 1955 2003 Itaque

363 2011 718 2082 et'civitatem
747 2042 868 2098 qua:
893 2041 920 2080 a
951 2026 1073 2080 divo
1097 2024 1369 2081 Germano
1403 2040 1596 2078 nomen
1631 2025 1823 2079 sortita
1851 2035 1952 2090 est,

366 2128 766 2190 expugnarunt,
799 2130 854 2173 et
880 2118 1016 2173 alias
1052 2118 1273 2172 circiter
1311 2127 1579 2171 trecentas
1618 2118 1668 2170 in
1719 2119 1959 2184 irnpera~

371 2210 505 2265 toris
535 2219 854 2278 potestatem
904 2209 1247 2276 redegerunt,
1285 2222 1513 2276 quarum
1560 2208 1650 2276 qui
1686 2208 1826 2259 Volet
1860 2222 1956 2260 co-

374 2317 638 2372 gnoscere
669 2301 911 2367 nomina,
950 2301 1000 2353 in
1031 2314 1096 2355 eo
1127 2300 1268 2369 quod
1307 2301 1358 2354 in
1395 2302 1672 2355 veteribus
1714 2300 1951 2368 palatiis,

371 2410 493 2464 qua:
525 2395 590 2448 ad
622 2393 901 2448 meridiem
938 2402 1184 2460 vergunt,
1215 2393 1282 2447 ab
1307 2392 1637 2463 imperatore
1665 2394 1823 2463 172
1859 2409 1954 2446 ex-

376 2495 646 2540 structum
689 2491 792 2549 est,
844 2484 1082 2538 triclinio
1124 2485 1323 2552 poterit
1372 2484 1666 2554 perlegere.
1710 2483 1807 2539 Ubi
1839 2485 1959 2554 qui-

376 2579 498 2632 dem
562 2579 660 2632 etsi
713 2577 896 2645 plures
954 2577 1036 2632 his
1089 2578 1486 2643 describantur,
1549 2579 1599 2633 in
1653 2579 1720 2633 iis
1777 2588 1956 2634 tamen

376 2668 619 2724 adulatio
664 2671 907 2739 quaedam
954 2670 1308 2736 immensior;
1344 2680 1395 2725 et
1439 2686 1626 2725 eorum
1671 2671 1759 2742 qui
1812 2684 1959 2742 gesta

378 2760 546 2816 altius
579 2763 811 2815 evehere
855 2769 1150 2823 conantur,
1189 2761 1377 2830 quales
1422 2762 1572 2815 multi
1606 2777 1726 2816 esse
1760 2762 1962 2826 solent,

379 2853 644 2908 illiberale
693 2853 933 2908 studium
976 2851 1423 2922 deprehenditur.
1476 2852 1542 2906 Et
1592 2869 1724 2910 sane
1782 2855 1962 2924 ipsum

378 2947 546 3002 ctiam
579 2963 640 3000 ex
675 2946 742 3001 lis
776 2947 1141 3013 indignantem
1184 2945 1481 3016 principem
1530 2962 1640 3001 non
1675 2947 1839 3002 semel
1870 2963 1966 3000 au-

379 3040 516 3096 divi.
547 3040 627 3094 An
656 3054 786 3094 vero
819 3041 932 3095 haec
959 3039 1082 3094 inde
1115 3041 1272 3096 modo
1296 3040 1475 3096 ablata
1503 3041 1636 3107 sint,
1664 3056 1768 3095 non
1792 3041 1963 3096 ausim

380 3147 717 3187 asseverare.

459 3225 541 3279 15.
587 3225 664 3278 Ita
713 3224 888 3280 denuo
934 3223 1078 3279 haud
1117 3223 1342 3278 multum
1385 3224 1559 3279 abfuit
1603 3224 1732 3294 quin
1785 3226 1964 3280 omnis

378 3313 643 3372 Italorum
687 3319 838 3389 regio
891 3319 1216 3375 subderetur
1257 3320 1536 3378 Romanis.
1593 3320 1696 3374 Sed
1750 3321 1967 3375 Alexius

385 3409 700 3465 Comneuus
733 3421 788 3464 et
839 3412 1009 3466 Ducas
1054 3413 1344 3480 exterique
1393 3414 1754 3468 Romanorum
1788 3414 1971 3478 duces,

390 3504 484 3573 qui
513 3519 539 3555 a
571 3500 769 3557 Sicilia:
799 3505 1039 3573 principe
1067 3507 1205 3572 eapti
1235 3505 1469 3568 fuerant,
1508 3522 1591 3558 res
1623 3506 1814 3558 iterum
1849 3521 1974 3572 pes-

388 3594 730 3650 Iumdedere.
765 3595 969 3665 Quippe
1005 3597 1171 3649 multa
1209 3596 1307 3658 illi,
1340 3613 1457 3666 quae
1490 3597 1668 3650 adhuc
1698 3604 1977 3650 recusarat

2040 564 2138 633 τὴν
2195 561 2601 632 πρεσὸυτέραν,
2651 557 2819 611 πάλαι
2858 552 3302 626 ἀπορραγεισῶν.
3361 571 3380 604 ι
3413 553 3532 622 Χρὴ
3566 553 3620 605 δὲ

2045 653 2247 724 μᾶλλον
2300 651 2378 722 τῷ
2409 650 2652 706 Σικελῶν
2699 648 2931 720 ἀμύνειν
2979 646 3252 715 δυνάστῃ·
3309 644 3461 713 μέλει
3517 644 3625 712 γὰρ

2042 748 2222 803 αὐτῶν
2252 747 2387 810 ὄντι,
2434 745 2553 800 εἶτα
2603 745 2792 807 κακῶς
2825 741 3120 796 πεπονθότι
3166 742 3232 810 τῇ
3270 738 3406 811 προς
3446 736 3625 806 πολλῷ

2045 841 2210 896 αὑτοῦ
2257 840 2544 910 κρείττονα
2575 835 2887 902 διαγωνίσει
2949 834 3025 906 μὴ
3077 831 3478 903 βεϐοηθηκέναι
3531 833 3624 883 ἀν-

2044 935 2212 988 όσιον.
2252 952 2270 985 ι
2299 931 2474 985 Τοῦτο
2502 931 2566 1000 δὴ
2615 930 2674 982 τδ
2710 927 2987 996 ἐπιτίμιον
3032 923 3358 992 εὐλαϐηθεὶς
3402 923 3506 995 ἤδη
3546 940 3628 984 τις

2048 1027 2340 1095 ἀφίσταται
2369 1024 2468 1095 μὲν
2497 1021 2605 1076 τῶν
2628 1020 2695 1073 τὰ.
2719 1019 2986 1090 βασιλέως
3028 1017 3423 1087 περιεπόντων,
3457 1016 3540 1077 εἰς
3573 1014 3629 1069 δὲ

2045 1119 2137 1173 τειν
2166 1116 2433 1188 ἀρχιερέα
2465 1113 2792 1182 παλιμϐόλῳ
2823 1110 3144 1178 μετετίθετο
3169 1108 3390 1178 γνώμῃ.
3408 1106 3555 1160 Ἀλλ’
3581 1106 3631 1160 οἱ

2046 1208 2114 1262 τὰ
2155 1203 2443 1275 Ῥωμαίων
2500 1201 2902 1274 πρεσϐεύοντες
2930 1199 3123 1253 τοῦτον
3177 1199 3276 1267 μὲν
3328 1196 3422 1267 βία
3461 1193 3631 1265 πολλῇ

2049 1302 2259 1356 ἐκεῖθεν
2291 1297 2624 1352 ἀπέσπασαν
2644 1312 2658 1327 ·
2711 1295 2787 1358 ὡς
2812 1294 2867 1348 δὲ
2894 1292 2993 1365 τὴν
3021 1291 3284 1345 ἀπιστίαν
3312 1290 3464 1360 αὐτῷ
3501 1307 3635 1359 στη-

2046 1392 2375 1456 λιτεύσαιεν,
2413 1388 2691 1461 βάρϐαρόν
2721 1405 2844 1440 τινα
2870 1386 3074 1457 τρόπον
3100 1385 3198 1438 καὶ
3239 1381 3637 1452 ἀπειροκαλίας

2048 1488 2109 1540 οὗ
2152 1487 2342 1556 πόρρω
2379 1484 2526 1544 τινὸς
2563 1481 2660 1550 τὴν
2699 1478 3035 1547 παντευχίαν
3066 1477 3161 1530 καὶ
3203 1475 3296 1528 τὸν
3339 1476 3506 1528 ἵππον
3543 1475 3637 1526 ἐπὶ

2055 1578 2213 1644 ξύλου
2270 1576 2414 1640 τινὸς
2454 1577 2530 1647 (7)
2584 1572 2872 1643 ἠρτημένα
2931 1571 3042 1624 ἀπὸ
3084 1567 3366 1622 καλωδίων
3417 1567 3640 1637 ἀφῆκαν

2051 1670 2355 1742 φέρεσθαι⁶
2409 1667 2499 1720 ἐπί
2544 1683 2603 1720 τε
2646 1665 2739 1718 τὸν
2790 1663 3056 1733 ἀρχιερέα
3103 1658 3367 1730 ἐμφανῶς
3411 1659 3515 1731 ήδη
3548 1675 3646 1712 cu-

2055 1763 2288 1826 στάντες
2316 1761 2518 1814 ἄκοντα
2547 1757 2655 1810 τῶν
2685 1755 2980 1825 ἐπιτιμίων
3013 1753 3223 1807 ἀνεῖναι
3252 1751 3379 1814 τοῖις
3423 1749 3644 1820 ἀνθρώ-

2062 1874 2191 1915 πους
2220 1855 2536 1907 ἀνέπεισαν.
2567 1849 2731 1904 Ὅθεν
2762 1849 2830 1900 τὰ
2871 1845 3161 1916 Ῥωμαίων
3189 1843 3345 1907 αὖθις
3378 1844 3551 1914 πολλῇ
3584 1843 3645 1896 τδ

2059 1946 2310 1999 ἐντεῦθεν
2345 1942 2546 2012 ἐχρῆτο
2576 1941 2641 2010 τῇ
2679 1936 2992 2011 παρρησίᾳ.
3041 1935 3204 1990 Πόλιν
3247 1951 3306 1988 τε
3339 1934 3432 1989 οὖν
3461 1935 3496 2004 ἢ
3539 1935 3649 1988 ἀπὸ

2059 2033 2340 2106 Γερμανοῦ
2377 2032 2472 2086 τοῦ
2507 2033 2564 2084 έν
2592 2031 2768 2099 ἁγίοις
2811 2028 2912 2098 τὴν
2961 2027 3338 2098 προσηγορίαν
3367 2025 3505 2096 ἔχει,
3546 2042 3651 2078 πο-

2057 2129 2213 2197 λέμῳ
2238 2125 2680 2196 παρεστήσαντο,
2699 2120 2794 2174 καὶ
2825 2119 2992 2180 ἄλλας
3022 2117 3166 2186 ἀμφὶ
3197 2117 3298 2180 τὰς
3321 2115 3649 2186 τριακοσίας

2060 2219 2167 2273 ὕπδ
2201 2217 2416 2289 βασιλεῖ
2443 2217 2647 2277 ἔθεντο,
2669 2208 2746 2267 ὧν
2781 2213 2932 2274 ὅπως
2959 2211 3170 2279 ἑκάστη
3206 2210 3456 2280 κλήσεως
3484 2209 3657 2280 εσχεν

2062 2315 2241 2380 ἔξεστι
2271 2311 2348 2382 τῷ
2383 2309 2702 2379 βουλομένῳ
2726 2307 2790 2360 ὲκ
2812 2303 2907 2359 τοῦ
2940 2304 3082 2358 κατὰ
3113 2304 3266 2358 νότον
3298 2305 3400 2374 τῆς
3437 2303 3653 2366 πόλεως

2065 2406 2157 2459 ἐπὶ
2185 2408 2295 2468 τοῖς
2330 2400 2714 2473 παλαιοτέροις
2739 2397 2980 2470 ἀρχείοις
3005 2394 3081 2468 (8)
3113 2397 3190 2466 τῷ
3223 2395 3438 2465 βατιλεῐ
3469 2394 3656 2465 τούτῳ

2064 2497 2445 2568 ἐγηγερμένον
2470 2492 2832 2560 ἀναλέγεσθαι
2855 2491 3045 2559 δόμου.
3078 2490 3142 2543 Εί
3165 2488 3273 2557 γὰρ
3297 2488 3394 2541 καὶ
3417 2486 3654 2550 πλείους

2061 2589 2267 2643 τούτων
2321 2583 2555 2639 ἐνταῦθα
2601 2582 2971 2654 γεγράφαται,
3016 2579 3154 2633 ἀλλὰ
3199 2579 3412 2633 θωπεία
3451 2595 3539 2643 τις
3592 2578 3662 2632 τὸ

2066 2679 2326 2733 ἐπέκεινα
2369 2675 2465 2729 καὶ
2489 2675 2693 2745 τρόπος
2726 2672 3085 2744 ἀνελεύθερος
3117 2671 3228 2724 τῶν
3258 2671 3327 2723 τὰ
3356 2670 3497 2741 ἔργα
3521 2686 3661 2741 μετ-

2069 2773 2257 2826 ιόντων
2288 2771 2460 2831 ἐστὶν,
2511 2769 2730 2830 ὁποίους
2785 2761 3084 2829 εἶναιτοὺς
3118 2765 3344 2828 πολλοὺς
3381 2766 3470 2818 ἀεὶ
3513 2783 3659 2835 συμο

2069 2866 2265 2931 ϐαίνει,
2296 2865 2365 2918 δι’
2399 2863 2434 2918 ἆ
2464 2879 2596 2915 ποτε
2635 2861 2732 2914 καὶ
2766 2860 3035 2931 βασιλέως
3071 2858 3235 2913 αὑτοῦ
3275 2860 3658 2930 δυσχεράναν-

2067 2976 2157 3021 τος
2187 2958 2416 3029 ήκουσα.
2455 2957 2514 3008 Εἰ
2569 2955 2754 3025 μέντοι
2807 2955 2902 3008 καὶ
2949 2954 3330 3025 περιῄρηνται,
3383 2955 3489 3006 οὐκ
3542 2954 3664 3024 ἔχω

2072 3048 2483 3122 ἰσχυρίσασθαι.

2132 3243 2176 3277 ιε
2202 3264 2214 3276 .
2245 3222 2404 3276 Οὕτω
2440 3224 2534 3275 καὶ
2561 3220 2721 3274 πάλιν
2781 3219 2965 3288 ὀλίγου
2996 3220 3105 3272 δεῖν
3155 3220 3186 3290 ἡ
3229 3216 3381 3290 χώρα
3429 3218 3658 3272 Ἰταλῶν

2072 3319 2263 3372 ἅπασα
2302 3315 2404 3368 ὑπὸ
2464 3315 2771 3385 Ῥωμαίους
2807 3314 3023 3381 ἐγένετο
3056 3315 3142 3368 ἄν.
3201 3313 3362 3365 Ἀλλὰ
3413 3312 3660 3377 Ἀλέξιός

2072 3427 2130 3462 τε
2164 3411 2192 3463 ό
2250 3410 2540 3478 Κομνηνὸς
2600 3408 2698 3462 καὶ
2729 3408 2757 3460 ό
2789 3407 2996 3470 Δούκας
3035 3406 3129 3461 καὶ
3164 3407 3274 3459 τῶν
3317 3406 3496 3461 ἄλλων
3532 3406 3659 3458 ὅσοι

2086 3501 2383 3570 Ῥωμαίοις
2455 3498 2892 3569 στρατηγοῦντες
2965 3499 3296 3570 δορυάλωτοι
3344 3498 3421 3568 τῷ
3489 3498 3658 3552 Σικεο

2077 3592 2185 3647 λῶν
2217 3592 2298 3665 μ’,
2317 3591 2705 3664 ίΟΟῙὲγένοντο
2730 3593 2968 3665 δυνάστῃ
2991 3594 3058 3647 τὰ
3084 3593 3382 3665 πράγματα
3412 3591 3659 3661 διέφθει-

1713 3713 1806 3772 Du
1841 3710 2064 3790 Cangii
2102 3719 2291 3774 noue.

392 3840 660 3912 Studitam
703 3838 758 3894 in
796 3839 1021 3897 Catech.
1057 3841 1144 3894 Ἑν
1163 3841 1458 3912 ἐπιτιμίοις
1503 3840 1967 3903 ὑποπεπτωκότες

393 3911 646 3965 dicuntur
687 3913 1163 3976 excommunicati,
1219 3911 1630 3979 uhi'perperam
1691 3913 1969 3966 Livineius

395 3981 669 4044 suppliciis
705 3981 952 4034 multatos
993 3986 1384 4049 interpretatus
1420 3993 1523 4036 est.

464 4051 542 4119 (6)
576 4049 787 4120 Μηδὲν,
809 4051 1005 4120 μέσον
1051 4049 1229 4108 εἶναι.
1266 4054 1338 4106 Ita
1372 4063 1725 4119 reposuerunt
1771 4067 1970 4120 operte.

397 4123 717 4193 cnm‘editio
752 4119 991 4174 Telliana
1038 4125 1176 4193 μηδὲ
1211 4123 1376 4192 μετὴν
1418 4121 1557 4176 εἶναι
1600 4119 1876 4191 pra-ferret
1921 4130 1976 4175 et

399 4189 856 4262 versionemrsuo
905 4189 1552 4262 marte'interpolarunt.
1600 4189 1711 4246 Sed
1760 4193 1971 4244 mallem

399 4275 500 4331 ρῖο
539 4261 708 4330 μετῆν
730 4261 905 4331 legere
934 4262 1056 4328 μὲν,
1087 4279 1258 4330 eaque
1282 4261 1448 4317 verba
1478 4264 1557 4318 sic
1591 4263 1971 4330 interpretari;

405 4329 631 4384 Nullum
654 4329 750 4399 jus
779 4329 908 4391 esse.
952 4329 1212 4401 inquiens;
1243 4350 1389 4387 nocte
1435 4332 1612 4386 Roma:
1645 4335 1699 4385 in
1727 4329 1969 4394 ueterem,

404 4416 524 4474 cum
562 4415 638 4454 ea!
667 4401 965 4474 jamholiui
999 4405 1062 4456 ab
1105 4406 1322 4458 invicem
1370 4404 1591 4458 divulsa?
1645 4405 1766 4458 sint.
1806 4401 1975 4474 [recte

405 4469 541 4545 eod_.
566 4472 744 4545 μετόν.
785 4471 922 4545 hike.
947 4471 966 4545 ]

474 4538 551 4612 ('7)
586 4541 726 4612 ,Ἐπὶ
777 4538 970 4605 εύλού
1002 4540 1188 4607 τινός.
1237 4539 1462 4600 Videtur
1491 4545 1540 4598 id
1574 4543 1824 4598 militaris
1851 4558 1976 4612 sup—

405 4609 554 4686 plicii
586 4609 807 4667 inuuere
836 4613 935 4668 hoc
960 4614 1080 4686 loco
1107 4614 1426 4686 Cinnamus,
1457 4617 1597 4686 quod
1621 4615 1780 4682 vulgo
1810 4609 1973 4686 estra-

405 4677 541 4754 pade
585 4683 1028 4754 vocantrnostri.
1063 4682 1178 4754 itali
1236 4677 1534 4752 strappata,
1565 4700 1671 4754 quo
1697 4677 1834 4751 .‘qui
1881 4687 1975 4754 de-

409 4749 586 4823 ἓὶιιυίι.
615 4751 770 4807 miles
796 4753 847 4805 in
876 4752 1231 4807 excelsiorem
1273 4749 1510 4823 stipitem
1543 4749 1778 4810 tr'ochlea
1811 4751 1974 4823 att_d«

410 4819 560 4891 litur,
603 4835 835 4891 moxque
866 4823 1047 4891 laxato
1086 4823 1209 4876 fune
1244 4819 1364 4878 cum
1412 4827 1612 4891 impetu
1662 4826 1842 4890 aliquo
1873 4821 1977 4875 de-

409 4889 863 4964 mittitu_r._Vo_cis
898 4890 1116 4947 Gallicae
1151 4904 1369 4962 etymon
1412 4889 1980 4964 abiestreper’videtur

410 4960 805 5030 posseideduci.
835 4977 940 5030 qua
986 4960 1220 5016 utuntur
1239 4965 1616 5018 Stabilimenta
1646 4960 1720 5018 'S.
1771 4961 1904 5016 Lud.
1932 4963 1975 5016 ὶ.

409 5043 450 5089 ι.
488 5045 536 5081 c.
568 5029 637 5082 26
661 5038 715 5083 et
744 5029 1051 5100 25,7vignes
1097 5044 1340 5099 estreper,
1381 5036 1430 5088 id
1466 5046 1550 5089 est
1578 5037 1762 5088 vineas
1781 5035 1978 5086 exstir-

414 5114 562 5166 pare,
610 5112 705 5154 seu
742 5101 886 5168 quod
941 5119 1062 5155 reus
1095 5119 1122 5156 a
1163 5114 1303 5156 terra
1353 5105 1516 5158 veluti
1563 5104 1891 5170 exstirpetur
1926 5111 1980 5155 et

412 5171 733 5248 extrahatur
763 5183 818 5226 et
862 5172 914 5226 in
948 5172 1392 5248 a_ltum_tollatur,
1425 5190 1518 5229 seu
1549 5175 1981 5248 quoddejectio-

416 5240 499 5313 nis
548 5240 800 5313 impetus
828 5243 1268 5313 membra__laxet
1315 5247 1532 5313 suisque
1569 5240 1810 5300 'sedihus
1857 5257 1977 5313 ossa

412 5308 991 5381 egitnat’avellatque.
1042 5311 1350 5369 Willelmus
1395 5308 1600 5371 Thorn.
1657 5331 1747 5369 an.
1800 5312 1978 5367 126$:

417 5376 530 5431 Nec
559 5381 728 5434 licebit
757 5376 999 5447 cuiquam
1025 5411 1100 5422 —--
1127 5385 1335 5438 domum
1370 5386 1444 5440 vel
1469 5385 1707 5439 arborem
1741 5415 1800 5427 -
1844 5395 1981 5437 stre-

416 5465 544 5511 ραι-θ
583 5451 658 5504 rel
688 5451 978 5508 eradicare.
1033 5452 1150 5506 Non
1189 5454 1391 5511 insulse
1443 5459 1605 5510 etiam
1655 5455 1723 5508 ab
1755 5455 1982 5522 Anglico

417 5527 554 5595 sti-ep
583 5532 801 5591 etymon
835 5523 953 5576 duci
987 5533 1182 5590 potest,
1203 5533 1333 5594 quae
1356 5543 1456 5580 vox
1488 5526 1769 5595 corrigiam
1806 5532 1980 5595 sonat,

421 5593 562 5644 unde
588 5602 783 5664 strepa,
812 5595 1070 5664 scandula
1098 5596 1384 5663 equeSIris.
1425 5593 1789 5664 nomeu'apud
1821 5593 1980 5646 Lati-

420 5671 521 5734 nos
542 5660 666 5734 aevi
687 5663 845 5716 medii
877 5665 1103 5732 sumpsit
1126 5660 1320 5733 {quod
1353 5667 1581 5734 corrigia
1623 5660 1767 5719 circa
1797 5675 1985 5732 pectus

423 5729 791 5810 circumducta
844 5747 968 5787 reus
1001 5729 1069 5788 'in
1120 5729 1286 5788 altum
1328 5729 1612 5810 educaiur.
1639 5736 1768 5810 litut
1797 5729 1876 5810 sit
1919 5737 1984 5786 de

427 5803 574 5856 vocis
605 5803 831 5870 origine,
860 5811 1070 5860 constat
1108 5819 1211 5859 non
1244 5821 1302 5862 re
1331 5806 1466 5865 ipsa.
1505 5807 1599 5862 sed
1641 5806 1693 5860 in
1723 5805 1981 5863 speciem.

2076 3855 2172 3912 seu
2210 3851 2266 3894 ut
2304 3840 2465 3912 vulgo
2494 3841 2745 3906 dicimus,
2773 3859 2835 3896 en
2859 3843 3041 3912 efﬁgie,
3075 3842 3126 3897 id
3155 3855 3402 3908 suppucn
3429 3857 3654 3908 passum

2080 3911 2311 3965 nobilem
2347 3911 2506 3964 istmn
2541 3914 2630 3980 qui
2659 3917 2792 3967 ‘sese
2835 3911 2907 3966 ad
2947 3928 3219 3967 summum
3253 3913 3560 3979 pontiﬁcem
3597 3927 3654 3981 p.

2079 3981 2183 4034 459
2232 3982 2556 4044 cuntulerat,
2593 3983 2837 4036 confecta
2874 3983 2923 4037 in
2953 4000 3076 4037 eum
3123 3981 3280 4035 ﬁnem
3313 3983 3654 4049 cataphracti

2081 4051 2286 4122 equitis
2320 4049 2512 4120 effigie,
2550 4067 2710 4119 quam
2757 4068 2860 4108 una
2891 4069 3010 4106 cum
3059 4067 3198 4122 equo
3230 4053 3365 4120 ipso,
3397 4053 3447 4104 in
3479 4053 3656 4105 altum

2085 4121 2212 4173 fune
2243 4121 2459 4186 elatam,
2507 4123 2845 4188 postmodum
2876 4139 2940 4178 eo
2981 4121 3182 4185 laxato,
3215 4124 3279 4174 ad
3323 4134 3521 4175 terram
3553 4125 3657 4176 de-

2083 4193 2299 4244 misere.
2334 4189 2519 4261 Neque
2555 4193 2605 4246 id
2653 4193 2908 4246 inusitato
2949 4194 3148 4247 nostris
3193 4192 3404 4260 injuriae
3450 4207 3658 4259 genere

2083 4261 2135 4332 in
2172 4261 2448 4316 absentem
2475 4301 2487 4324 ,
2524 4272 2580 4314 ut
2629 4265 2758 4332 ipsis
2805 4263 3110 4325 videbatur.
3155 4277 3304 4316 reum
3358 4263 3659 4318 saevierunt

2083 4330 2334 4401 Romani,
2365 4333 2487 4384 dum
2520 4330 2709 4385 eodem
2755 4335 3081 4387 damnavere
3115 4333 3376 4401 supplicio
3402 4334 3478 4384 rei
3516 4333 3658 4385 ima-

2083 4400 2286 4470 ginem,
2319 4402 2460 4469 quod
2506 4418 2631 4456 reus
2676 4403 2812 4468 ipse,
2844 4403 2885 4456 si
2918 4400 3196 4466 adfuisset,
3221 4400 3417 4467 reapse
3463 4402 3660 4457 fuisset

2085 4472 2382 4541 subiturus.
2431 4471 2600 4540 Cujus
2643 4473 2858 4538 quidem
2905 4471 3112 4539 injuriae
3155 4473 3459 4541 exemplum
3509 4475 3655 4526 haud

2083 4539 2240 4595 facile
2280 4539 2522 4607 reperire
2549 4557 2630 4597 eSt
2671 4546 2722 4596 in
2760 4554 2868 4594 tota
2903 4544 3125 4596 historia
3159 4539 3346 4596 Graeca
3378 4553 3431 4594 et
3461 4542 3655 4596 Latina

2079 4611 2225 4682 (licet
2268 4613 2426 4665 hodie
2456 4613 2504 4664 itt
2543 4615 2652 4666 reis
2684 4615 3004 4682 absentibus
3026 4613 3282 4680 jndicatis
3323 4615 3523 4682 passim
3554 4613 3659 4665 ob-

2078 4681 2344 4750 Scrvetur)
2381 4690 2740 4749 przrterquam
2775 4683 2914 4750 apud
2965 4681 3291 4737 Trebellium
3347 4681 3655 4735 Pollionem

2080 4750 2132 4803 in
2173 4751 2242 4804 50
2270 4749 2559 4819 Tyrannis,
2595 4753 2682 4806 ubi
2720 4749 3111 4808 ait’Siccenses
3152 4770 3279 4805 novo
3317 4752 3534 4819 injuria‘
3568 4769 3657 4820 ge-

2081 4837 2199 4874 nere
2237 4823 2514 4890 imaginem
2570 4821 2710 4876 Celsi
2743 4824 2955 4891 tyranni
3006 4825 3057 4874 in
3107 4839 3313 4891 crucem
3352 4823 3655 4885 sustulisse,

2079 4895 2404 4958 persultante
2435 4892 2606 4962 vulgo,
2638 4890 2789 4961 quasi
2822 4893 3054 4960 patibulo
3086 4890 3419 4962 ipseCclsus
3451 4894 3648 4944 videre-

2082 4971 2170 5013 tur
2195 4962 2403 5030 a/ﬁxua.
2434 4961 2574 5015 Sane
2603 4966 2810 5016 videtur
2847 4979 2981 5031 pene
3015 4965 3154 5018 idem
3203 4961 3369 5016 fuisse
3411 4972 3660 5032 stmputa

2082 5047 2204 5084 cum
2267 5034 2630 5086 trochlearum
2681 5033 2987 5102 supplicio,
3037 5049 3145 5102 quo
3205 5034 3255 5086 iu
3314 5033 3659 5086 Christianos

2085 5112 2351 5172 martyres
2397 5105 2692 5156 saeviebant
2727 5104 3081 5172 imperatores
3134 5102 3384 5172 gentiles,
3432 5105 3500 5156 de
3551 5120 3660 5169 quo

2082 5171 2378 5240 Gregorius
2413 5172 2617 5230 Turou.
2651 5173 2712 5226 L.
2743 5171 2989 5229 v.7Hist..
3019 5191 3068 5227 c.
3107 5171 3188 5239 i9,
3236 5184 3289 5227 et
3331 5171 3520 5228 Passio
3553 5173 3656 5229 SS.

2083 5240 2278 5294 Βοηθδὶ
2310 5251 2363 5294 et
2411 5243 2715 5296 Maximiani
2764 5245 2903 5311 apud
2953 5243 3229 5298 Francisc.
3278 5244 3551 5298 Bivarium
3600 5245 3653 5296 in

2083 5312 2267 5364 Addit.
2295 5314 2358 5364 ad
2384 5313 2790 5368 Pseudochron.
2835 5315 3000 5366 Marci
3043 5313 3279 5368 Maximi.
3307 5313 3463 5368 Deeo
3494 5315 3656 5367 etiam

2085 5383 2329 5452 pluribus
2362 5387 2472 5448 agit
2502 5385 2784 5449 Gallouus,
2821 5384 2883 5437 L.
2920 5399 2936 5438 ι
2976 5382 3046 5437 De
3076 5394 3328 5450 torment.

2157 5453 2233 5524 (8)
2270 5455 2690 5522 Παλιυοτέροις
2719 5455 3000 5524 ἀρχείοις.
3043 5455 3100 5506 lu
3140 5454 3538 5508 Blaehcruiano
3567 5470 3659 5524 pa~

2086 5521 2235 5581 iulio,
2273 5525 2324 5574 in
2371 5539 2478 5590 quo
2511 5521 2719 5578 alantth
2753 5521 2895 5580 bella
2927 5541 2954 5578 a
2987 5539 3043 5578 se
3075 5537 3224 5593 gesta
3275 5539 3490 5578 summo
3536 5521 3653 5577 cum

2088 5610 2135 5645 at
2154 5594 2316 5646 tilicio
2350 5594 2568 5664 depingi
2595 5606 2900 5657 curaverat,
2926 5596 2999 5650 uti
3026 5604 3250 5664 narrant
3278 5593 3451 5648 Nicet.
3477 5595 3536 5646 L.
3563 5610 3656 5655 vn,

2088 5680 2142 5738 ri.
2176 5665 2229 5724 5,
2260 5663 2696 5738 et_i_i§_ttjatitittus
2750 5664 2944 5721 Tudel.
2979 5666 3048 5738 in
3083 5663 3269 5722 ltiner.
3297 5681 3358 5738 -p.
3397 5667 3493 5733 26,
3525 5665 3655 5720 edit.

2087 5732 2272 5790 Const.
2309 5731 2687 5804 L‘Empereur.
