  <div class='ocr_page' id='page_1' title='image "/cluster/home/n/w/nwhite01/storage/ocr_20150623/133/hvd.32044073502502/262.png"; bbox 0 0 3960 6164; ppageno 0'>
   <div class='ocr_carea' id='block_1_1' title="bbox 305 286 406 353">
    <p class='ocr_par' dir='ltr' id='par_1_1' title="bbox 305 286 406 353">
     <span class='ocr_line' id='line_1_1' title="bbox 305 286 406 353; baseline -0.03 -1"><span class='ocrx_word' id='word_1_1' title='bbox 305 286 406 353; x_wconf 83' lang='grc'><strong>513</strong></span> 
     </span>
    </p>
   </div>
   <div class='ocr_carea' id='block_1_2' title="bbox 1495 281 2378 344">
    <p class='ocr_par' dir='ltr' id='par_1_2' title="bbox 1495 281 2378 344">
     <span class='ocr_line' id='line_1_2' title="bbox 1495 281 2378 344; baseline 0.001 -1"><span class='ocrx_word' id='word_1_2' title='bbox 1495 281 2047 344; x_wconf 73' lang='lat' dir='ltr'><strong>IIISTORIARUM</strong></span> <span class='ocrx_word' id='word_1_3' title='bbox 2089 283 2235 343; x_wconf 85' lang='lat' dir='ltr'><strong>LIB.</strong></span> <span class='ocrx_word' id='word_1_4' title='bbox 2283 283 2378 344; x_wconf 76' lang='grc' dir='ltr'>ιν.</span> 
     </span>
    </p>
   </div>
   <div class='ocr_carea' id='block_1_3' title="bbox 3465 285 3570 351">
    <p class='ocr_par' dir='ltr' id='par_1_3' title="bbox 3465 285 3570 351">
     <span class='ocr_line' id='line_1_3' title="bbox 3465 285 3570 351; baseline -0.019 0"><span class='ocrx_word' id='word_1_5' title='bbox 3465 285 3570 351; x_wconf 70' lang='grc'><strong>514</strong></span> 
     </span>
    </p>
   </div>
   <div class='ocr_carea' id='block_1_4' title="bbox 305 399 1890 476">
    <p class='ocr_par' dir='ltr' id='par_1_4' title="bbox 305 399 1890 476">
     <span class='ocr_line' id='line_1_4' title="bbox 305 399 1890 476; baseline -0.003 -18"><span class='ocrx_word' id='word_1_6' title='bbox 305 423 401 476; x_wconf 88' lang='grc' dir='ltr'><strong>ραν</strong></span> <span class='ocrx_word' id='word_1_7' title='bbox 437 399 616 465; x_wconf 73' lang='grc' dir='ltr'><strong>αὗῦι;.</strong></span> <span class='ocrx_word' id='word_1_8' title='bbox 673 401 852 456; x_wconf 73' lang='grc' dir='ltr'>Πολλὰ</span> <span class='ocrx_word' id='word_1_9' title='bbox 890 401 995 473; x_wconf 62' lang='grc' dir='ltr'><strong>γαρ</strong></span> <span class='ocrx_word' id='word_1_10' title='bbox 1029 401 1137 456; x_wconf 82' lang='grc' dir='ltr'>τῶν</span> <span class='ocrx_word' id='word_1_11' title='bbox 1189 399 1466 473; x_wconf 71' lang='grc' dir='ltr'>ἀθελήτων</span> <span class='ocrx_word' id='word_1_12' title='bbox 1499 403 1635 467; x_wconf 83' lang='grc' dir='ltr'>τέως</span> <span class='ocrx_word' id='word_1_13' title='bbox 1675 401 1890 474; x_wconf 77' lang='grc' dir='ltr'>βασιλεί</span> 
     </span>
    </p>
   </div>
   <div class='ocr_carea' id='block_1_5' title="bbox 1995 399 3576 476">
    <p class='ocr_par' dir='ltr' id='par_1_5' title="bbox 1998 401 3576 475">
     <span class='ocr_line' id='line_1_5' title="bbox 1998 401 3576 475; baseline 0.005 -23"><span class='ocrx_word' id='word_1_14' title='bbox 1998 401 2312 470; x_wconf 83' lang='lat' dir='ltr'><strong>imperator,</strong></span> <span class='ocrx_word' id='word_1_15' title='bbox 2343 401 2540 456; x_wconf 75' lang='lat' dir='ltr'><strong>Siculis</strong></span> <span class='ocrx_word' id='word_1_16' title='bbox 2587 412 2930 458; x_wconf 74' lang='lat' dir='ltr'><strong>sacramento</strong></span> <span class='ocrx_word' id='word_1_17' title='bbox 2965 405 3285 474; x_wconf 79' lang='lat' dir='ltr'><strong>interposito</strong></span> <span class='ocrx_word' id='word_1_18' title='bbox 3325 405 3576 475; x_wconf 73' lang='lat' dir='ltr'><strong>polliciti,</strong></span> 
     </span>
    </p>
   </div>
   <div class='ocr_carea' id='block_1_6' title="bbox 306 495 1892 568">
    <p class='ocr_par' dir='ltr' id='par_1_6' title="bbox 306 495 1892 568">
     <span class='ocr_line' id='line_1_6' title="bbox 306 495 1892 568; baseline -0.001 -21"><span class='ocrx_word' id='word_1_19' title='bbox 306 497 616 565; x_wconf 69' lang='grc' dir='ltr'>φθάσαντες</span> <span class='ocrx_word' id='word_1_20' title='bbox 667 497 769 568; x_wconf 67' lang='grc' dir='ltr'><strong>ἤδη</strong></span> <span class='ocrx_word' id='word_1_21' title='bbox 805 496 1159 566; x_wconf 78' lang='grc' dir='ltr'>ὀμωμοκέναι</span> <span class='ocrx_word' id='word_1_22' title='bbox 1204 495 1448 558; x_wconf 79' lang='grc' dir='ltr'><strong>Σικελοῖς</strong></span> <span class='ocrx_word' id='word_1_23' title='bbox 1490 496 1765 564; x_wconf 76' lang='grc' dir='ltr'><strong>μεγίστων</strong></span> <span class='ocrx_word' id='word_1_24' title='bbox 1798 496 1892 548; x_wconf 76' lang='grc' dir='ltr'><strong>καὶ</strong></span> 
     </span>
    </p>
   </div>
   <div class='ocr_carea' id='block_1_7' title="bbox 304 586 1892 658">
    <p class='ocr_par' dir='ltr' id='par_1_7' title="bbox 304 586 1892 658">
     <span class='ocr_line' id='line_1_7' title="bbox 304 586 1892 658; baseline -0.001 -18"><span class='ocrx_word' id='word_1_25' title='bbox 304 587 485 640; x_wconf 80' lang='grc' dir='ltr'>καλῶν</span> <span class='ocrx_word' id='word_1_26' title='bbox 531 587 709 658; x_wconf 63' lang='grc' dir='ltr'>ἔργων</span> <span class='ocrx_word' id='word_1_27' title='bbox 774 586 1085 655; x_wconf 82' lang='grc' dir='ltr'>Ῥωμαίους</span> <span class='ocrx_word' id='word_1_28' title='bbox 1139 587 1463 655; x_wconf 74' lang='grc' dir='ltr'>ἐστέρησαν.</span> <span class='ocrx_word' id='word_1_29' title='bbox 1515 587 1622 639; x_wconf 74' lang='grc' dir='ltr'>Καὶ</span> <span class='ocrx_word' id='word_1_30' title='bbox 1676 587 1728 639; x_wconf 89' lang='grc' dir='ltr'><strong>τί</strong></span> <span class='ocrx_word' id='word_1_31' title='bbox 1784 588 1892 657; x_wconf 75' lang='grc' dir='ltr'><strong>γὰρ</strong></span> 
     </span>
    </p>
   </div>
   <div class='ocr_carea' id='block_1_8' title="bbox 303 673 1894 750">
    <p class='ocr_par' dir='ltr' id='par_1_8' title="bbox 303 673 1894 750">
     <span class='ocr_line' id='line_1_8' title="bbox 303 673 1894 750; baseline 0.001 -19"><span class='ocrx_word' id='word_1_32' title='bbox 303 680 399 731; x_wconf 69' lang='grc' dir='ltr'><strong>οὐκ</strong></span> <span class='ocrx_word' id='word_1_33' title='bbox 431 680 497 732; x_wconf 80' lang='grc' dir='ltr'>ἄν</span> <span class='ocrx_word' id='word_1_34' title='bbox 530 697 614 741; x_wconf 88' lang='grc' dir='ltr'><strong>τις</strong></span> <span class='ocrx_word' id='word_1_35' title='bbox 643 678 978 748; x_wconf 69' lang='grc' dir='ltr'>ὁμολογῆσαι</span> <span class='ocrx_word' id='word_1_36' title='bbox 1025 673 1194 750; x_wconf 76' lang='grc' dir='ltr'>εἶχεν,</span> <span class='ocrx_word' id='word_1_37' title='bbox 1225 679 1388 732; x_wconf 78' lang='grc' dir='ltr'>ὁπότε</span> <span class='ocrx_word' id='word_1_38' title='bbox 1437 678 1592 732; x_wconf 78' lang='grc' dir='ltr'>κλοιά</span> <span class='ocrx_word' id='word_1_39' title='bbox 1642 696 1701 732; x_wconf 85' lang='grc' dir='ltr'><strong>τε</strong></span> <span class='ocrx_word' id='word_1_40' title='bbox 1732 680 1894 732; x_wconf 72' lang='grc' dir='ltr'>αὑτὸν</span> 
     </span>
    </p>
   </div>
   <div class='ocr_carea' id='block_1_9' title="bbox 303 763 1893 840">
    <p class='ocr_par' dir='ltr' id='par_1_9' title="bbox 303 763 1893 840">
     <span class='ocr_line' id='line_1_9' title="bbox 303 763 1893 840; baseline 0.003 -18"><span class='ocrx_word' id='word_1_41' title='bbox 303 763 446 839; x_wconf 80' lang='grc' dir='ltr'>εἶχον</span> <span class='ocrx_word' id='word_1_42' title='bbox 474 773 570 820; x_wconf 74' lang='grc' dir='ltr'><strong>καὶ</strong></span> <span class='ocrx_word' id='word_1_43' title='bbox 599 769 918 839; x_wconf 79' lang='grc' dir='ltr'>κευθμῶνες</span> <span class='ocrx_word' id='word_1_44' title='bbox 951 768 1253 840; x_wconf 74' lang='grc' dir='ltr'>ἐφρούρουν</span> <span class='ocrx_word' id='word_1_45' title='bbox 1284 769 1602 838; x_wconf 81' lang='grc' dir='ltr'>κατάγειοι;</span> <span class='ocrx_word' id='word_1_46' title='bbox 1645 770 1893 826; x_wconf 81' lang='grc' dir='ltr'>Ἐποίουν</span> 
     </span>
    </p>
   </div>
   <div class='ocr_carea' id='block_1_10' title="bbox 300 861 1890 934">
    <p class='ocr_par' dir='ltr' id='par_1_10' title="bbox 300 861 1890 934">
     <span class='ocr_line' id='line_1_10' title="bbox 300 861 1890 934; baseline -0.002 -18"><span class='ocrx_word' id='word_1_47' title='bbox 300 863 357 916; x_wconf 76' lang='grc' dir='ltr'><strong>δὲ</strong></span> <span class='ocrx_word' id='word_1_48' title='bbox 387 861 566 914; x_wconf 73' lang='grc' dir='ltr'>ταῦτα</span> <span class='ocrx_word' id='word_1_49' title='bbox 595 862 830 927; x_wconf 71' lang='grc' dir='ltr'>Σικελοὶ,</span> <span class='ocrx_word' id='word_1_50' title='bbox 867 861 940 926; x_wconf 82' lang='grc' dir='ltr'>ὡς</span> <span class='ocrx_word' id='word_1_51' title='bbox 975 862 1038 916; x_wconf 84' lang='grc' dir='ltr'>ἂν</span> <span class='ocrx_word' id='word_1_52' title='bbox 1074 864 1122 914; x_wconf 84' lang='grc' dir='ltr'>οἱ</span> <span class='ocrx_word' id='word_1_53' title='bbox 1152 863 1276 933; x_wconf 78' lang='grc' dir='ltr'>τῇδε</span> <span class='ocrx_word' id='word_1_54' title='bbox 1311 863 1587 932; x_wconf 72' lang='grc' dir='ltr'>ἄνθρωποι</span> <span class='ocrx_word' id='word_1_55' title='bbox 1618 863 1890 934; x_wconf 83' lang='grc' dir='ltr'>Γιλιέλμῳ</span> 
     </span>
    </p>
   </div>
   <div class='ocr_carea' id='block_1_11' title="bbox 305 952 1891 1024">
    <p class='ocr_par' dir='ltr' id='par_1_11' title="bbox 305 952 1891 1024">
     <span class='ocr_line' id='line_1_11' title="bbox 305 952 1891 1024; baseline 0.004 -22"><span class='ocrx_word' id='word_1_56' title='bbox 305 952 632 1005; x_wconf 72' lang='grc' dir='ltr'>σπείσεσθαι</span> <span class='ocrx_word' id='word_1_57' title='bbox 667 953 761 1004; x_wconf 78' lang='grc' dir='ltr'><strong>τὸν</strong></span> <span class='ocrx_word' id='word_1_58' title='bbox 805 953 1031 1022; x_wconf 75' lang='grc' dir='ltr'><strong>βασιλέα</strong></span> <span class='ocrx_word' id='word_1_59' title='bbox 1073 953 1569 1024; x_wconf 71' lang='grc' dir='ltr'>προσδοκήσαντες,</span> <span class='ocrx_word' id='word_1_60' title='bbox 1593 955 1891 1021; x_wconf 73' lang='grc' dir='ltr'>φθάνωσιν,</span> 
     </span>
    </p>
   </div>
   <div class='ocr_carea' id='block_1_12' title="bbox 301 1043 1892 1117">
    <p class='ocr_par' dir='ltr' id='par_1_12' title="bbox 301 1043 1892 1117">
     <span class='ocr_line' id='line_1_12' title="bbox 301 1043 1892 1117; baseline 0.004 -23"><span class='ocrx_word' id='word_1_61' title='bbox 301 1043 372 1105; x_wconf 78' lang='grc' dir='ltr'>ὡς</span> <span class='ocrx_word' id='word_1_62' title='bbox 392 1047 452 1096; x_wconf 69' lang='grc' dir='ltr'><strong>τὸ</strong></span> <span class='ocrx_word' id='word_1_63' title='bbox 491 1044 666 1110; x_wconf 78' lang='grc' dir='ltr'>εἰκὸς,</span> <span class='ocrx_word' id='word_1_64' title='bbox 733 1046 1021 1115; x_wconf 75' lang='grc' dir='ltr'>Ῥωμαίων</span> <span class='ocrx_word' id='word_1_65' title='bbox 1055 1048 1146 1100; x_wconf 75' lang='grc' dir='ltr'><strong>καὶ</strong></span> <span class='ocrx_word' id='word_1_66' title='bbox 1189 1047 1294 1116; x_wconf 71' lang='grc' dir='ltr'><strong>πρὸ</strong></span> <span class='ocrx_word' id='word_1_67' title='bbox 1325 1049 1521 1117; x_wconf 80' lang='grc' dir='ltr'>καιροῦ</span> <span class='ocrx_word' id='word_1_68' title='bbox 1549 1049 1892 1116; x_wconf 82' lang='grc' dir='ltr'>άφιστῶντες</span> 
     </span>
    </p>
   </div>
   <div class='ocr_carea' id='block_1_13' title="bbox 300 1138 1892 1212">
    <p class='ocr_par' dir='ltr' id='par_1_13' title="bbox 300 1138 1892 1212">
     <span class='ocr_line' id='line_1_13' title="bbox 300 1138 1892 1212; baseline -0.006 -9"><span class='ocrx_word' id='word_1_69' title='bbox 300 1138 397 1201; x_wconf 69' lang='grc' dir='ltr'><strong>τὰς</strong></span> <span class='ocrx_word' id='word_1_70' title='bbox 436 1139 651 1202; x_wconf 69' lang='grc' dir='ltr'>πόλεις.</span> <span class='ocrx_word' id='word_1_71' title='bbox 697 1142 875 1210; x_wconf 76' lang='grc' dir='ltr'>Ὅπερ</span> <span class='ocrx_word' id='word_1_72' title='bbox 924 1144 952 1194; x_wconf 83' lang='grc' dir='ltr'>ὁ</span> <span class='ocrx_word' id='word_1_73' title='bbox 1010 1140 1265 1210; x_wconf 80' lang='grc' dir='ltr'>βασιλεὺς</span> <span class='ocrx_word' id='word_1_74' title='bbox 1294 1143 1554 1204; x_wconf 81' lang='grc' dir='ltr'>ἀκούσας,</span> <span class='ocrx_word' id='word_1_75' title='bbox 1604 1143 1802 1212; x_wconf 83' lang='grc' dir='ltr'>συνῆκέ</span> <span class='ocrx_word' id='word_1_76' title='bbox 1833 1160 1892 1195; x_wconf 77' lang='grc' dir='ltr'><strong>τε</strong></span> 
     </span>
    </p>
   </div>
   <div class='ocr_carea' id='block_1_14' title="bbox 300 1231 1893 1304">
    <p class='ocr_par' dir='ltr' id='par_1_14' title="bbox 300 1231 1893 1304">
     <span class='ocr_line' id='line_1_14' title="bbox 300 1231 1893 1304; baseline 0.003 -23"><span class='ocrx_word' id='word_1_77' title='bbox 300 1231 407 1283; x_wconf 83' lang='grc' dir='ltr'>τὼν</span> <span class='ocrx_word' id='word_1_78' title='bbox 428 1233 827 1302; x_wconf 66' lang='grc' dir='ltr'><strong>πραττομένων</strong></span> <span class='ocrx_word' id='word_1_79' title='bbox 849 1233 942 1286; x_wconf 73' lang='grc' dir='ltr'><strong>καὶ</strong></span> <span class='ocrx_word' id='word_1_80' title='bbox 968 1234 1274 1303; x_wconf 81' lang='grc' dir='ltr'>γράμματα</span> <span class='ocrx_word' id='word_1_81' title='bbox 1295 1233 1386 1285; x_wconf 79' lang='grc' dir='ltr'><strong>ἐπὶ</strong></span> <span class='ocrx_word' id='word_1_82' title='bbox 1410 1233 1662 1286; x_wconf 76' lang='grc' dir='ltr'><strong>Σικελίαν</strong></span> <span class='ocrx_word' id='word_1_83' title='bbox 1683 1235 1893 1304; x_wconf 76' lang='grc' dir='ltr'>ἐκπέμο</span> 
     </span>
    </p>
   </div>
   <div class='ocr_carea' id='block_1_15' title="bbox 299 1323 1888 1397">
    <p class='ocr_par' dir='ltr' id='par_1_15' title="bbox 299 1323 1888 1397">
     <span class='ocr_line' id='line_1_15' title="bbox 299 1323 1888 1397; baseline 0.004 -23"><span class='ocrx_word' id='word_1_84' title='bbox 299 1323 407 1392; x_wconf 78' lang='grc' dir='ltr'><strong>ψας</strong></span> <span class='ocrx_word' id='word_1_85' title='bbox 433 1327 551 1387; x_wconf 83' lang='grc' dir='ltr'>τοῖς</span> <span class='ocrx_word' id='word_1_86' title='bbox 602 1326 701 1394; x_wconf 81' lang='grc' dir='ltr'>μὲν</span> <span class='ocrx_word' id='word_1_87' title='bbox 756 1327 815 1378; x_wconf 85' lang='grc' dir='ltr'>ὲν</span> <span class='ocrx_word' id='word_1_88' title='bbox 861 1327 1053 1397; x_wconf 75' lang='grc' dir='ltr'>εἱρκτῇ</span> <span class='ocrx_word' id='word_1_89' title='bbox 1126 1325 1419 1395; x_wconf 85' lang='grc' dir='ltr'>Ῥωμαίων</span> <span class='ocrx_word' id='word_1_90' title='bbox 1472 1325 1600 1379; x_wconf 84' lang='grc' dir='ltr'>τάδε</span> <span class='ocrx_word' id='word_1_91' title='bbox 1661 1326 1888 1397; x_wconf 64' lang='grc' dir='ltr'>ἔγραψε.</span> 
     </span>
    </p>
   </div>
   <div class='ocr_carea' id='block_1_16' title="bbox 305 1416 1892 1492">
    <p class='ocr_par' dir='ltr' id='par_1_16' title="bbox 305 1416 1892 1492">
     <span class='ocr_line' id='line_1_16' title="bbox 305 1416 1892 1492; baseline 0.003 -24"><span class='ocrx_word' id='word_1_92' title='bbox 305 1436 322 1468; x_wconf 79' lang='grc' dir='ltr'><strong>ι</strong></span> <span class='ocrx_word' id='word_1_93' title='bbox 359 1416 688 1486; x_wconf 76' lang='grc' dir='ltr'>Θαυμάζειν</span> <span class='ocrx_word' id='word_1_94' title='bbox 741 1417 926 1470; x_wconf 79' lang='grc' dir='ltr'>ἔπεισί</span> <span class='ocrx_word' id='word_1_95' title='bbox 979 1435 1093 1488; x_wconf 83' lang='grc' dir='ltr'>μοι,</span> <span class='ocrx_word' id='word_1_96' title='bbox 1137 1419 1285 1481; x_wconf 80' lang='grc' dir='ltr'>ὅπως</span> <span class='ocrx_word' id='word_1_97' title='bbox 1322 1419 1409 1471; x_wconf 72' lang='grc' dir='ltr'>ἀεὶ</span> <span class='ocrx_word' id='word_1_98' title='bbox 1455 1421 1744 1492; x_wconf 83' lang='grc' dir='ltr'>μικρονοίᾳ</span> <span class='ocrx_word' id='word_1_99' title='bbox 1785 1421 1892 1473; x_wconf 79' lang='grc' dir='ltr'><strong>τινί</strong></span> 
     </span>
    </p>
   </div>
   <div class='ocr_carea' id='block_1_17' title="bbox 300 1505 1892 1584">
    <p class='ocr_par' dir='ltr' id='par_1_17' title="bbox 300 1505 1892 1584">
     <span class='ocr_line' id='line_1_17' title="bbox 300 1505 1892 1584; baseline 0.003 -23"><span class='ocrx_word' id='word_1_100' title='bbox 300 1510 432 1579; x_wconf 71' lang='grc' dir='ltr'>περὶ</span> <span class='ocrx_word' id='word_1_101' title='bbox 466 1514 534 1564; x_wconf 79' lang='grc' dir='ltr'>τὰ</span> <span class='ocrx_word' id='word_1_102' title='bbox 568 1510 871 1581; x_wconf 83' lang='grc' dir='ltr'>πράγματα</span> <span class='ocrx_word' id='word_1_103' title='bbox 901 1508 1207 1583; x_wconf 78' lang='grc' dir='ltr'>κεχρῆσθαι</span> <span class='ocrx_word' id='word_1_104' title='bbox 1237 1513 1406 1580; x_wconf 80' lang='grc' dir='ltr'>ὑμᾶς,</span> <span class='ocrx_word' id='word_1_105' title='bbox 1439 1505 1483 1564; x_wconf 80' lang='grc' dir='ltr'><strong>ὦ</strong></span> <span class='ocrx_word' id='word_1_106' title='bbox 1515 1513 1727 1584; x_wconf 79' lang='grc' dir='ltr'>ἄνδρες,</span> <span class='ocrx_word' id='word_1_107' title='bbox 1754 1513 1892 1583; x_wconf 80' lang='grc' dir='ltr'>ξυμ-</span> 
     </span>
    </p>
   </div>
   <div class='ocr_carea' id='block_1_18' title="bbox 297 1600 1892 1676">
    <p class='ocr_par' dir='ltr' id='par_1_18' title="bbox 297 1600 1892 1676">
     <span class='ocr_line' id='line_1_18' title="bbox 297 1600 1892 1676; baseline 0.004 -24"><span class='ocrx_word' id='word_1_108' title='bbox 297 1600 498 1656; x_wconf 76' lang='grc' dir='ltr'>ϐαίνει.</span> <span class='ocrx_word' id='word_1_109' title='bbox 543 1602 743 1672; x_wconf 78' lang='grc' dir='ltr'>Πρώην</span> <span class='ocrx_word' id='word_1_110' title='bbox 803 1620 861 1656; x_wconf 87' lang='grc' dir='ltr'><strong>τε</strong></span> <span class='ocrx_word' id='word_1_111' title='bbox 896 1605 1006 1676; x_wconf 74' lang='grc' dir='ltr'>γὰρ</span> <span class='ocrx_word' id='word_1_112' title='bbox 1037 1604 1196 1657; x_wconf 74' lang='grc' dir='ltr'>αὐτοὶ</span> <span class='ocrx_word' id='word_1_113' title='bbox 1231 1605 1328 1669; x_wconf 81' lang='grc' dir='ltr'><strong>τὰς</strong></span> <span class='ocrx_word' id='word_1_114' title='bbox 1359 1604 1653 1668; x_wconf 81' lang='grc' dir='ltr'>καλλίστας</span> <span class='ocrx_word' id='word_1_115' title='bbox 1676 1606 1892 1668; x_wconf 83' lang='grc' dir='ltr'>ὲκείνας</span> 
     </span>
    </p>
   </div>
   <div class='ocr_carea' id='block_1_19' title="bbox 296 1694 1891 1768">
    <p class='ocr_par' dir='ltr' id='par_1_19' title="bbox 296 1694 1891 1768">
     <span class='ocr_line' id='line_1_19' title="bbox 296 1694 1891 1768; baseline 0.003 -22"><span class='ocrx_word' id='word_1_116' title='bbox 296 1694 442 1747; x_wconf 75' lang='grc' dir='ltr'>οὕτω</span> <span class='ocrx_word' id='word_1_117' title='bbox 481 1694 830 1764; x_wconf 60' lang='grc' dir='ltr'>διεφθείρατε</span> <span class='ocrx_word' id='word_1_118' title='bbox 874 1696 1056 1761; x_wconf 84' lang='grc' dir='ltr'>νίκας,</span> <span class='ocrx_word' id='word_1_119' title='bbox 1116 1695 1290 1767; x_wconf 80' lang='grc' dir='ltr'>τύχην</span> <span class='ocrx_word' id='word_1_120' title='bbox 1345 1715 1403 1750; x_wconf 80' lang='grc' dir='ltr'><strong>τε</strong></span> <span class='ocrx_word' id='word_1_121' title='bbox 1432 1697 1561 1767; x_wconf 83' lang='grc' dir='ltr'>ύμῖν</span> <span class='ocrx_word' id='word_1_122' title='bbox 1591 1699 1778 1762; x_wconf 70' lang='grc' dir='ltr'>αὐτοῖς</span> <span class='ocrx_word' id='word_1_123' title='bbox 1806 1699 1891 1768; x_wconf 73' lang='grc' dir='ltr'><strong>ἐφ’</strong></span> 
     </span>
    </p>
   </div>
   <div class='ocr_carea' id='block_1_20' title="bbox 1996 492 3580 560">
    <p class='ocr_par' dir='ltr' id='par_1_20' title="bbox 1996 492 3580 560">
     <span class='ocr_line' id='line_1_20' title="bbox 1996 492 3580 560; baseline 0.006 -16"><span class='ocrx_word' id='word_1_124' title='bbox 1996 492 2390 560; x_wconf 82' lang='lat' dir='ltr'><strong>pulcherrimos</strong></span> <span class='ocrx_word' id='word_1_125' title='bbox 2429 494 2776 547; x_wconf 83' lang='lat' dir='ltr'><strong>victoriarum</strong></span> <span class='ocrx_word' id='word_1_126' title='bbox 2817 496 3022 549; x_wconf 79' lang='lat' dir='ltr'><strong>fructus</strong></span> <span class='ocrx_word' id='word_1_127' title='bbox 3054 495 3308 550; x_wconf 74' lang='lat' dir='ltr'><strong>ltoniauis</strong></span> <span class='ocrx_word' id='word_1_128' title='bbox 3341 499 3580 553; x_wconf 83' lang='lat' dir='ltr'><strong>abstule—</strong></span> 
     </span>
    </p>
   </div>
   <div class='ocr_carea' id='block_1_21' title="bbox 1998 582 3580 655">
    <p class='ocr_par' dir='ltr' id='par_1_21' title="bbox 1998 582 3580 655">
     <span class='ocr_line' id='line_1_21' title="bbox 1998 582 3580 655; baseline 0.006 -20"><span class='ocrx_word' id='word_1_129' title='bbox 1998 595 2138 635; x_wconf 86' lang='lat' dir='ltr'><strong>l&#39;lllll.</strong></span> <span class='ocrx_word' id='word_1_130' title='bbox 2171 582 2383 648; x_wconf 83' lang='lat' dir='ltr'><strong>Quibus</strong></span> <span class='ocrx_word' id='word_1_131' title='bbox 2407 586 2551 638; x_wconf 88' lang='lat' dir='ltr'><strong>enim</strong></span> <span class='ocrx_word' id='word_1_132' title='bbox 2587 587 2756 655; x_wconf 89' lang='lat' dir='ltr'><strong>pactis</strong></span> <span class='ocrx_word' id='word_1_133' title='bbox 2797 602 2858 638; x_wconf 81' lang='lat' dir='ltr'><strong>ac</strong></span> <span class='ocrx_word' id='word_1_134' title='bbox 2885 586 3284 642; x_wconf 88' lang='lat' dir='ltr'><strong>conditionibus</strong></span> <span class='ocrx_word' id='word_1_135' title='bbox 3311 604 3416 643; x_wconf 86' lang='lat' dir='ltr'><strong>non</strong></span> <span class='ocrx_word' id='word_1_136' title='bbox 3445 590 3580 643; x_wconf 82' lang='lat' dir='ltr'><strong>sub-</strong></span> 
     </span>
    </p>
   </div>
   <div class='ocr_carea' id='block_1_22' title="bbox 1993 674 3579 748">
    <p class='ocr_par' dir='ltr' id='par_1_22' title="bbox 1993 674 3579 748">
     <span class='ocr_line' id='line_1_22' title="bbox 1993 674 3579 748; baseline 0.004 -20"><span class='ocrx_word' id='word_1_137' title='bbox 1993 676 2196 730; x_wconf 85' lang='lat' dir='ltr'><strong>scribet</strong></span> <span class='ocrx_word' id='word_1_138' title='bbox 2237 674 2350 740; x_wconf 89' lang='lat' dir='ltr'><strong>ille,</strong></span> <span class='ocrx_word' id='word_1_139' title='bbox 2397 676 2488 747; x_wconf 90' lang='lat' dir='ltr'><strong>qui</strong></span> <span class='ocrx_word' id='word_1_140' title='bbox 2532 677 2880 745; x_wconf 79' lang='lat' dir='ltr'><strong>compedibus</strong></span> <span class='ocrx_word' id='word_1_141' title='bbox 2916 678 3145 740; x_wconf 84' lang='lat' dir='ltr'><strong>vinctus,</strong></span> <span class='ocrx_word' id='word_1_142' title='bbox 3182 680 3462 748; x_wconf 88' lang='lat' dir='ltr'><strong>antrisque</strong></span> <span class='ocrx_word' id='word_1_143' title='bbox 3497 681 3579 734; x_wconf 57' lang='lat' dir='ltr'><strong>inc</strong></span> 
     </span>
    </p>
   </div>
   <div class='ocr_carea' id='block_1_23' title="bbox 1994 764 3582 824">
    <p class='ocr_par' dir='ltr' id='par_1_23' title="bbox 1994 764 3582 824">
     <span class='ocr_line' id='line_1_23' title="bbox 1994 764 3582 824; baseline 0.004 -7"><span class='ocrx_word' id='word_1_144' title='bbox 1994 765 2174 819; x_wconf 87' lang='lat' dir='ltr'><strong>clusus</strong></span> <span class='ocrx_word' id='word_1_145' title='bbox 2223 764 2594 821; x_wconf 63' lang='lat' dir='ltr'><strong>subterraneis</strong></span> <span class='ocrx_word' id='word_1_146' title='bbox 2641 769 2948 822; x_wconf 77' lang='lat' dir='ltr'><strong>detinetur?</strong></span> <span class='ocrx_word' id='word_1_147' title='bbox 2997 769 3122 824; x_wconf 69' lang='lat' dir='ltr'><strong>limo</strong></span> <span class='ocrx_word' id='word_1_148' title='bbox 3172 779 3351 823; x_wconf 89' lang='lat' dir='ltr'><strong>autem</strong></span> <span class='ocrx_word' id='word_1_149' title='bbox 3402 769 3582 824; x_wconf 80' lang='lat' dir='ltr'><strong>fecere</strong></span> 
     </span>
    </p>
   </div>
   <div class='ocr_carea' id='block_1_24' title="bbox 1996 857 3579 929">
    <p class='ocr_par' dir='ltr' id='par_1_24' title="bbox 1996 857 3579 929">
     <span class='ocr_line' id='line_1_24' title="bbox 1996 857 3579 929; baseline 0.003 -20"><span class='ocrx_word' id='word_1_150' title='bbox 1996 857 2189 922; x_wconf 83' lang='lat' dir='ltr'><strong>Siculi,</strong></span> <span class='ocrx_word' id='word_1_151' title='bbox 2239 866 2298 912; x_wconf 91' lang='lat' dir='ltr'><strong>ut</strong></span> <span class='ocrx_word' id='word_1_152' title='bbox 2330 859 2421 929; x_wconf 90' lang='lat' dir='ltr'><strong>qui</strong></span> <span class='ocrx_word' id='word_1_153' title='bbox 2472 858 2559 913; x_wconf 82' lang='lat' dir='ltr'><strong>hic</strong></span> <span class='ocrx_word' id='word_1_154' title='bbox 2600 869 2708 912; x_wconf 91' lang='lat' dir='ltr'><strong>tum</strong></span> <span class='ocrx_word' id='word_1_155' title='bbox 2747 859 3151 924; x_wconf 80' lang='lat' dir='ltr'><strong>detinebantur,</strong></span> <span class='ocrx_word' id='word_1_156' title='bbox 3197 860 3400 914; x_wconf 87' lang='lat' dir='ltr'><strong>interea</strong></span> <span class='ocrx_word' id='word_1_157' title='bbox 3450 862 3579 914; x_wconf 88' lang='lat' dir='ltr'><strong>dum</strong></span> 
     </span>
    </p>
   </div>
   <div class='ocr_carea' id='block_1_25' title="bbox 1995 945 3582 1021">
    <p class='ocr_par' dir='ltr' id='par_1_25' title="bbox 1995 945 3582 1021">
     <span class='ocr_line' id='line_1_25' title="bbox 1995 945 3582 1021; baseline 0.004 -21"><span class='ocrx_word' id='word_1_158' title='bbox 1995 951 2365 1018; x_wconf 68' lang='lat' dir='ltr'><strong>pacisceretur</strong></span> <span class='ocrx_word' id='word_1_159' title='bbox 2409 967 2531 1004; x_wconf 89' lang='lat' dir='ltr'><strong>cum</strong></span> <span class='ocrx_word' id='word_1_160' title='bbox 2570 951 2837 1006; x_wconf 86' lang='lat' dir='ltr'><strong>Gulielmo</strong></span> <span class='ocrx_word' id='word_1_161' title='bbox 2883 954 3198 1021; x_wconf 80' lang='lat' dir='ltr'><strong>imperator,</strong></span> <span class='ocrx_word' id='word_1_162' title='bbox 3236 954 3304 1008; x_wconf 89' lang='lat' dir='ltr'><strong>ab</strong></span> <span class='ocrx_word' id='word_1_163' title='bbox 3351 968 3414 1007; x_wconf 89' lang='lat' dir='ltr'><strong>eo</strong></span> <span class='ocrx_word' id='word_1_164' title='bbox 3449 945 3582 1007; x_wconf 45' lang='lat' dir='ltr'><strong>deli;</strong></span> 
     </span>
    </p>
   </div>
   <div class='ocr_carea' id='block_1_26' title="bbox 1995 1045 3577 1116">
    <p class='ocr_par' dir='ltr' id='par_1_26' title="bbox 1995 1045 3577 1116">
     <span class='ocr_line' id='line_1_26' title="bbox 1995 1045 3577 1116; baseline 0.004 -22"><span class='ocrx_word' id='word_1_165' title='bbox 1995 1053 2205 1108; x_wconf 87' lang='lat' dir='ltr'><strong>ccreut,</strong></span> <span class='ocrx_word' id='word_1_166' title='bbox 2247 1045 2518 1112; x_wconf 83' lang='lat' dir='ltr'><strong>urbesque</strong></span> <span class='ocrx_word' id='word_1_167' title='bbox 2562 1056 2687 1098; x_wconf 83' lang='lat' dir='ltr'><strong>ante</strong></span> <span class='ocrx_word' id='word_1_168' title='bbox 2737 1046 2839 1099; x_wconf 88' lang='lat' dir='ltr'><strong>hoc</strong></span> <span class='ocrx_word' id='word_1_169' title='bbox 2881 1055 3090 1116; x_wconf 84' lang='lat' dir='ltr'><strong>tempus</strong></span> <span class='ocrx_word' id='word_1_170' title='bbox 3134 1047 3237 1100; x_wconf 83' lang='lat' dir='ltr'><strong>sibi</strong></span> <span class='ocrx_word' id='word_1_171' title='bbox 3282 1049 3577 1101; x_wconf 76' lang='lat' dir='ltr'><strong>traderent.</strong></span> 
     </span>
    </p>
   </div>
   <div class='ocr_carea' id='block_1_27' title="bbox 1994 1137 3580 1207">
    <p class='ocr_par' dir='ltr' id='par_1_27' title="bbox 1994 1137 3580 1207">
     <span class='ocr_line' id='line_1_27' title="bbox 1994 1137 3580 1207; baseline 0.004 -21"><span class='ocrx_word' id='word_1_172' title='bbox 1994 1137 2145 1201; x_wconf 80' lang='lat' dir='ltr'><strong>Quod</strong></span> <span class='ocrx_word' id='word_1_173' title='bbox 2194 1146 2251 1190; x_wconf 92' lang='lat' dir='ltr'><strong>nt</strong></span> <span class='ocrx_word' id='word_1_174' title='bbox 2296 1139 2502 1204; x_wconf 89' lang='lat' dir='ltr'><strong>accepit</strong></span> <span class='ocrx_word' id='word_1_175' title='bbox 2537 1137 2862 1204; x_wconf 83' lang='lat' dir='ltr'><strong>imperator,</strong></span> <span class='ocrx_word' id='word_1_176' title='bbox 2901 1152 3125 1206; x_wconf 77' lang='lat' dir='ltr'><strong>qna‘qtte</strong></span> <span class='ocrx_word' id='word_1_177' title='bbox 3171 1138 3464 1207; x_wconf 72' lang='lat' dir='ltr'><strong>agebantur</strong></span> <span class='ocrx_word' id='word_1_178' title='bbox 3496 1155 3580 1192; x_wconf 84' lang='lat' dir='ltr'><strong>re-</strong></span> 
     </span>
    </p>
   </div>
   <div class='ocr_carea' id='block_1_28' title="bbox 1994 1226 3584 1299">
    <p class='ocr_par' dir='ltr' id='par_1_28' title="bbox 1994 1226 3584 1299">
     <span class='ocr_line' id='line_1_28' title="bbox 1994 1226 3584 1299; baseline 0.004 -20"><span class='ocrx_word' id='word_1_179' title='bbox 1994 1231 2175 1290; x_wconf 77' lang='lat' dir='ltr'><strong>scivit,</strong></span> <span class='ocrx_word' id='word_1_180' title='bbox 2212 1229 2393 1282; x_wconf 84' lang='lat' dir='ltr'><strong>missis</strong></span> <span class='ocrx_word' id='word_1_181' title='bbox 2425 1229 2478 1283; x_wconf 85' lang='lat' dir='ltr'><strong>in</strong></span> <span class='ocrx_word' id='word_1_182' title='bbox 2511 1228 2752 1283; x_wconf 86' lang='lat' dir='ltr'><strong>Siciliam</strong></span> <span class='ocrx_word' id='word_1_183' title='bbox 2793 1228 3006 1293; x_wconf 90' lang='lat' dir='ltr'><strong>litteris,</strong></span> <span class='ocrx_word' id='word_1_184' title='bbox 3046 1228 3304 1283; x_wconf 80' lang='lat' dir='ltr'><strong>Romanis</strong></span> <span class='ocrx_word' id='word_1_185' title='bbox 3351 1226 3584 1299; x_wconf 69' lang='lat' dir='ltr'><strong>captivis</strong></span> 
     </span>
    </p>
   </div>
   <div class='ocr_carea' id='block_1_29' title="bbox 1997 1308 3578 1393">
    <p class='ocr_par' dir='ltr' id='par_1_29' title="bbox 1997 1308 3578 1393">
     <span class='ocr_line' id='line_1_29' title="bbox 1997 1308 3578 1393; baseline 0.005 -23"><span class='ocrx_word' id='word_1_186' title='bbox 1997 1321 2046 1371; x_wconf 90' lang='lat' dir='ltr'><strong>in</strong></span> <span class='ocrx_word' id='word_1_187' title='bbox 2110 1321 2252 1374; x_wconf 90' lang='lat' dir='ltr'><strong>hunc</strong></span> <span class='ocrx_word' id='word_1_188' title='bbox 2305 1321 2520 1374; x_wconf 89' lang='lat' dir='ltr'><strong>modum</strong></span> <span class='ocrx_word' id='word_1_189' title='bbox 2574 1322 2858 1391; x_wconf 84' lang='lat' dir='ltr'><strong>rescripsit</strong></span> <span class='ocrx_word' id='word_1_190' title='bbox 2912 1339 2926 1374; x_wconf 86' lang='lat'><strong>:</strong></span> <span class='ocrx_word' id='word_1_191' title='bbox 2970 1339 2989 1373; x_wconf 82' lang='grc' dir='ltr'><strong>ι</strong></span> <span class='ocrx_word' id='word_1_192' title='bbox 3049 1322 3230 1377; x_wconf 83' lang='lat' dir='ltr'><strong>Mirari</strong></span> <span class='ocrx_word' id='word_1_193' title='bbox 3271 1324 3419 1378; x_wconf 87' lang='lat' dir='ltr'><strong>subit</strong></span> <span class='ocrx_word' id='word_1_194' title='bbox 3473 1308 3578 1393; x_wconf 80' lang='lat' dir='ltr'><strong>qua</strong></span> 
     </span>
    </p>
   </div>
   <div class='ocr_carea' id='block_1_30' title="bbox 1997 1411 3582 1487">
    <p class='ocr_par' dir='ltr' id='par_1_30' title="bbox 1997 1411 3582 1487">
     <span class='ocr_line' id='line_1_30' title="bbox 1997 1411 3582 1487; baseline 0.004 -25"><span class='ocrx_word' id='word_1_195' title='bbox 1997 1411 2206 1463; x_wconf 81' lang='lat' dir='ltr'><strong>ratione</strong></span> <span class='ocrx_word' id='word_1_196' title='bbox 2247 1411 2442 1464; x_wconf 71' lang='lat' dir='ltr'><strong>factum</strong></span> <span class='ocrx_word' id='word_1_197' title='bbox 2477 1412 2639 1471; x_wconf 75' lang='lat' dir='ltr'><strong>situt</strong></span> <span class='ocrx_word' id='word_1_198' title='bbox 2669 1414 2719 1465; x_wconf 91' lang='lat' dir='ltr'><strong>in</strong></span> <span class='ocrx_word' id='word_1_199' title='bbox 2762 1415 2924 1487; x_wconf 74' lang='lat' dir='ltr'><strong>rebus</strong></span> <span class='ocrx_word' id='word_1_200' title='bbox 2964 1415 3213 1484; x_wconf 80' lang='lat' dir='ltr'><strong>gerendis</strong></span> <span class='ocrx_word' id='word_1_201' title='bbox 3257 1416 3410 1471; x_wconf 81' lang='lat' dir='ltr'><strong>vobis</strong></span> <span class='ocrx_word' id='word_1_202' title='bbox 3438 1414 3582 1471; x_wconf 59' lang='lat' dir='ltr'><strong>sem;</strong></span> 
     </span>
    </p>
   </div>
   <div class='ocr_carea' id='block_1_31' title="bbox 1995 1501 3580 1577">
    <p class='ocr_par' dir='ltr' id='par_1_31' title="bbox 1995 1501 3580 1577">
     <span class='ocr_line' id='line_1_31' title="bbox 1995 1501 3580 1577; baseline 0.004 -22"><span class='ocrx_word' id='word_1_203' title='bbox 1995 1518 2090 1570; x_wconf 80' lang='lat' dir='ltr'><strong>per</strong></span> <span class='ocrx_word' id='word_1_204' title='bbox 2123 1501 2352 1557; x_wconf 84' lang='lat' dir='ltr'><strong>defuerit</strong></span> <span class='ocrx_word' id='word_1_205' title='bbox 2387 1504 2554 1557; x_wconf 85' lang='lat' dir='ltr'><strong>animi</strong></span> <span class='ocrx_word' id='word_1_206' title='bbox 2596 1502 2877 1561; x_wconf 79' lang='lat' dir='ltr'><strong>fortitudo.</strong></span> <span class='ocrx_word' id='word_1_207' title='bbox 2916 1503 3211 1559; x_wconf 61' lang='lat' dir='ltr'><strong>Prwclaras</strong></span> <span class='ocrx_word' id='word_1_208' title='bbox 3238 1506 3436 1577; x_wconf 84' lang='lat' dir='ltr'><strong>quippe</strong></span> <span class='ocrx_word' id='word_1_209' title='bbox 3466 1506 3580 1577; x_wconf 86' lang='lat' dir='ltr'><strong>jam</strong></span> 
     </span>
    </p>
   </div>
   <div class='ocr_carea' id='block_1_32' title="bbox 1996 1582 3582 1670">
    <p class='ocr_par' dir='ltr' id='par_1_32' title="bbox 1996 1582 3582 1670">
     <span class='ocr_line' id='line_1_32' title="bbox 1996 1582 3582 1670; baseline 0.003 -22"><span class='ocrx_word' id='word_1_210' title='bbox 1996 1606 2119 1648; x_wconf 86' lang='lat' dir='ltr'><strong>ante</strong></span> <span class='ocrx_word' id='word_1_211' title='bbox 2151 1607 2330 1663; x_wconf 87' lang='lat' dir='ltr'><strong>partas</strong></span> <span class='ocrx_word' id='word_1_212' title='bbox 2380 1597 2633 1651; x_wconf 77' lang='lat' dir='ltr'><strong>victorias</strong></span> <span class='ocrx_word' id='word_1_213' title='bbox 2668 1597 2988 1657; x_wconf 79' lang='lat' dir='ltr'><strong>deﬂorastis.</strong></span> <span class='ocrx_word' id='word_1_214' title='bbox 3036 1608 3088 1650; x_wconf 90' lang='lat' dir='ltr'><strong>et</strong></span> <span class='ocrx_word' id='word_1_215' title='bbox 3119 1614 3282 1666; x_wconf 88' lang='lat' dir='ltr'><strong>quam</strong></span> <span class='ocrx_word' id='word_1_216' title='bbox 3325 1582 3466 1654; x_wconf 71' lang='lat' dir='ltr'><strong>nunc</strong></span> <span class='ocrx_word' id='word_1_217' title='bbox 3498 1602 3582 1670; x_wconf 89' lang='lat' dir='ltr'><strong>ip-</strong></span> 
     </span>
    </p>
   </div>
   <div class='ocr_carea' id='block_1_33' title="bbox 1994 1687 3581 1758">
    <p class='ocr_par' dir='ltr' id='par_1_33' title="bbox 1994 1687 3581 1758">
     <span class='ocr_line' id='line_1_33' title="bbox 1994 1687 3581 1758; baseline 0.004 -18"><span class='ocrx_word' id='word_1_218' title='bbox 1994 1703 2110 1740; x_wconf 88' lang='lat' dir='ltr'><strong>sum</strong></span> <span class='ocrx_word' id='word_1_219' title='bbox 2142 1687 2384 1743; x_wconf 84' lang='lat' dir='ltr'><strong>toleratis</strong></span> <span class='ocrx_word' id='word_1_220' title='bbox 2425 1689 2687 1743; x_wconf 75' lang='lat' dir='ltr'><strong>vobismet</strong></span> <span class='ocrx_word' id='word_1_221' title='bbox 2740 1689 2839 1757; x_wconf 82' lang='lat' dir='ltr'><strong>ipsi</strong></span> <span class='ocrx_word' id='word_1_222' title='bbox 2887 1691 3243 1758; x_wconf 84' lang='lat' dir='ltr'><strong>comparastis</strong></span> <span class='ocrx_word' id='word_1_223' title='bbox 3291 1690 3581 1747; x_wconf 79' lang='lat' dir='ltr'><strong>fortunam.</strong></span> 
     </span>
    </p>
   </div>
   <div class='ocr_carea' id='block_1_34' title="bbox 297 1767 1890 1859">
    <p class='ocr_par' dir='ltr' id='par_1_34' title="bbox 297 1781 1890 1859">
     <span class='ocr_line' id='line_1_34' title="bbox 297 1781 1890 1859; baseline 0.004 -20"><span class='ocrx_word' id='word_1_224' title='bbox 297 1781 366 1856; x_wconf 71' lang='grc' dir='ltr'>ἧς</span> <span class='ocrx_word' id='word_1_225' title='bbox 416 1786 512 1839; x_wconf 75' lang='grc' dir='ltr'>νῦν</span> <span class='ocrx_word' id='word_1_226' title='bbox 570 1790 692 1841; x_wconf 75' lang='grc' dir='ltr'>ἐστε</span> <span class='ocrx_word' id='word_1_227' title='bbox 745 1789 1181 1859; x_wconf 73' lang='grc' dir='ltr'>προύξενήσατε,</span> <span class='ocrx_word' id='word_1_228' title='bbox 1223 1792 1318 1842; x_wconf 77' lang='grc' dir='ltr'>καὶ</span> <span class='ocrx_word' id='word_1_229' title='bbox 1371 1791 1468 1844; x_wconf 83' lang='grc' dir='ltr'>νῦν</span> <span class='ocrx_word' id='word_1_230' title='bbox 1507 1791 1584 1854; x_wconf 82' lang='grc' dir='ltr'><strong>δὲ,</strong></span> <span class='ocrx_word' id='word_1_231' title='bbox 1614 1791 1791 1844; x_wconf 83' lang='grc' dir='ltr'>ἄλλων</span> <span class='ocrx_word' id='word_1_232' title='bbox 1821 1793 1890 1846; x_wconf 79' lang='grc' dir='ltr'>τὰ</span> 
     </span>
    </p>
   </div>
   <div class='ocr_carea' id='block_1_35' title="bbox 1995 1767 3582 1859">
    <p class='ocr_par' dir='ltr' id='par_1_35' title="bbox 1995 1777 3582 1853">
     <span class='ocr_line' id='line_1_35' title="bbox 1995 1777 3582 1853; baseline 0.004 -22"><span class='ocrx_word' id='word_1_233' title='bbox 1995 1777 2149 1832; x_wconf 80' lang='lat' dir='ltr'><strong>Nunc</strong></span> <span class='ocrx_word' id='word_1_234' title='bbox 2182 1793 2356 1832; x_wconf 87' lang='lat' dir='ltr'><strong>autem</strong></span> <span class='ocrx_word' id='word_1_235' title='bbox 2393 1797 2453 1834; x_wconf 82' lang='lat' dir='ltr'><strong>ea</strong></span> <span class='ocrx_word' id='word_1_236' title='bbox 2500 1796 2617 1848; x_wconf 63' lang='lat' dir='ltr'><strong>qua:</strong></span> <span class='ocrx_word' id='word_1_237' title='bbox 2661 1796 2688 1832; x_wconf 90' lang='lat' dir='ltr'><strong>a</strong></span> <span class='ocrx_word' id='word_1_238' title='bbox 2745 1781 2893 1833; x_wconf 80' lang='lat' dir='ltr'><strong>vobis</strong></span> <span class='ocrx_word' id='word_1_239' title='bbox 2941 1782 3049 1848; x_wconf 91' lang='lat' dir='ltr'><strong>jam</strong></span> <span class='ocrx_word' id='word_1_240' title='bbox 3098 1797 3379 1851; x_wconf 83' lang='lat' dir='ltr'><strong>perperam</strong></span> <span class='ocrx_word' id='word_1_241' title='bbox 3430 1794 3582 1853; x_wconf 74' lang='lat' dir='ltr'><strong>gesta</strong></span> 
     </span>
    </p>
   </div>
   <div class='ocr_carea' id='block_1_36' title="bbox 296 1878 1893 1954">
    <p class='ocr_par' dir='ltr' id='par_1_36' title="bbox 296 1878 1893 1954">
     <span class='ocr_line' id='line_1_36' title="bbox 296 1878 1893 1954; baseline 0.004 -24"><span class='ocrx_word' id='word_1_242' title='bbox 296 1880 434 1948; x_wconf 74' lang='grc' dir='ltr'>ὑμῖν</span> <span class='ocrx_word' id='word_1_243' title='bbox 468 1878 655 1942; x_wconf 86' lang='grc' dir='ltr'>κακῶς</span> <span class='ocrx_word' id='word_1_244' title='bbox 695 1880 796 1950; x_wconf 69' lang='grc' dir='ltr'>ἥδη</span> <span class='ocrx_word' id='word_1_245' title='bbox 829 1881 1141 1951; x_wconf 71' lang='grc' dir='ltr'>πραχθέντα</span> <span class='ocrx_word' id='word_1_246' title='bbox 1187 1883 1284 1935; x_wconf 80' lang='grc' dir='ltr'><strong>σὺν</strong></span> <span class='ocrx_word' id='word_1_247' title='bbox 1322 1881 1439 1951; x_wconf 78' lang='grc' dir='ltr'>Θεῷ</span> <span class='ocrx_word' id='word_1_248' title='bbox 1485 1883 1893 1954; x_wconf 78' lang='grc' dir='ltr'>ἀναμαχεῖσθαι</span> 
     </span>
    </p>
   </div>
   <div class='ocr_carea' id='block_1_37' title="bbox 296 1966 1892 2038">
    <p class='ocr_par' dir='ltr' id='par_1_37' title="bbox 296 1966 1892 2038">
     <span class='ocr_line' id='line_1_37' title="bbox 296 1966 1892 2038; baseline 0.003 -19"><span class='ocrx_word' id='word_1_249' title='bbox 296 1966 813 2036; x_wconf 80' lang='grc' dir='ltr'>προθυμουμένων,</span> <span class='ocrx_word' id='word_1_250' title='bbox 843 1969 1099 2038; x_wconf 80' lang='grc' dir='ltr'>ἐμποδὼν</span> <span class='ocrx_word' id='word_1_251' title='bbox 1139 1970 1384 2024; x_wconf 82' lang='grc' dir='ltr'>ἴστασθε.</span> <span class='ocrx_word' id='word_1_252' title='bbox 1441 1972 1508 2023; x_wconf 85' lang='grc' dir='ltr'><em>Ἢ</em></span> <span class='ocrx_word' id='word_1_253' title='bbox 1557 1973 1658 2025; x_wconf 82' lang='grc' dir='ltr'>οὐκ</span> <span class='ocrx_word' id='word_1_254' title='bbox 1714 1977 1892 2027; x_wconf 81' lang='grc' dir='ltr'>ἐκεῖνο</span> 
     </span>
    </p>
   </div>
   <div class='ocr_carea' id='block_1_38' title="bbox 294 2056 1892 2135">
    <p class='ocr_par' dir='ltr' id='par_1_38' title="bbox 294 2056 1892 2135">
     <span class='ocr_line' id='line_1_38' title="bbox 294 2056 1892 2135; baseline 0.004 -23"><span class='ocrx_word' id='word_1_255' title='bbox 294 2060 396 2113; x_wconf 74' lang='grc' dir='ltr'>ἐπὶ</span> <span class='ocrx_word' id='word_1_256' title='bbox 439 2059 567 2112; x_wconf 82' lang='grc' dir='ltr'>νοῦν</span> <span class='ocrx_word' id='word_1_257' title='bbox 607 2061 740 2129; x_wconf 81' lang='grc' dir='ltr'>ύμῖν</span> <span class='ocrx_word' id='word_1_258' title='bbox 797 2056 988 2132; x_wconf 78' lang='grc' dir='ltr'>ἦλθεν,</span> <span class='ocrx_word' id='word_1_259' title='bbox 1027 2063 1100 2126; x_wconf 77' lang='grc' dir='ltr'>ὡς</span> <span class='ocrx_word' id='word_1_260' title='bbox 1148 2062 1248 2134; x_wconf 69' lang='grc' dir='ltr'><strong>τὴν</strong></span> <span class='ocrx_word' id='word_1_261' title='bbox 1279 2063 1370 2114; x_wconf 75' lang='grc' dir='ltr'><strong>ἐπὶ</strong></span> <span class='ocrx_word' id='word_1_262' title='bbox 1401 2061 1470 2115; x_wconf 83' lang='grc' dir='ltr'>τὰ</span> <span class='ocrx_word' id='word_1_263' title='bbox 1500 2064 1688 2134; x_wconf 78' lang='grc' dir='ltr'>πρόσω</span> <span class='ocrx_word' id='word_1_264' title='bbox 1733 2066 1892 2135; x_wconf 74' lang='grc' dir='ltr'>ἡμῶν</span> 
     </span>
    </p>
   </div>
   <div class='ocr_carea' id='block_1_39' title="bbox 293 2153 1888 2226">
    <p class='ocr_par' dir='ltr' id='par_1_39' title="bbox 293 2153 1888 2226">
     <span class='ocr_line' id='line_1_39' title="bbox 293 2153 1888 2226; baseline 0.003 -21"><span class='ocrx_word' id='word_1_265' title='bbox 293 2153 730 2217; x_wconf 77' lang='grc' dir='ltr'>ἁναστελοῦντες</span> <span class='ocrx_word' id='word_1_266' title='bbox 783 2157 961 2226; x_wconf 77' lang='grc' dir='ltr'>ὁρμὴν</span> <span class='ocrx_word' id='word_1_267' title='bbox 995 2156 1168 2208; x_wconf 75' lang='grc' dir='ltr'>ταῦτα</span> <span class='ocrx_word' id='word_1_268' title='bbox 1202 2157 1592 2226; x_wconf 82' lang='grc' dir='ltr'>ἑπινενοήκασι</span> <span class='ocrx_word' id='word_1_269' title='bbox 1632 2158 1888 2224; x_wconf 82' lang='grc' dir='ltr'>Σικελοί;</span> 
     </span>
    </p>
   </div>
   <div class='ocr_carea' id='block_1_40' title="bbox 293 2243 1890 2316">
    <p class='ocr_par' dir='ltr' id='par_1_40' title="bbox 293 2243 1890 2316">
     <span class='ocr_line' id='line_1_40' title="bbox 293 2243 1890 2316; baseline 0.001 -18"><span class='ocrx_word' id='word_1_270' title='bbox 293 2243 396 2306; x_wconf 78' lang='grc' dir='ltr'>Τίς</span> <span class='ocrx_word' id='word_1_271' title='bbox 427 2244 539 2314; x_wconf 82' lang='grc' dir='ltr'>γὰρ</span> <span class='ocrx_word' id='word_1_272' title='bbox 568 2246 775 2306; x_wconf 81' lang='grc' dir='ltr'>ἐκεῖνος</span> <span class='ocrx_word' id='word_1_273' title='bbox 806 2245 960 2297; x_wconf 80' lang='grc' dir='ltr'>ἔσται</span> <span class='ocrx_word' id='word_1_274' title='bbox 988 2244 1229 2310; x_wconf 65' lang='grc' dir='ltr'>’1ταλ.ἶζν,</span> <span class='ocrx_word' id='word_1_275' title='bbox 1259 2245 1317 2309; x_wconf 85' lang='grc' dir='ltr'>ὃς</span> <span class='ocrx_word' id='word_1_276' title='bbox 1350 2244 1447 2316; x_wconf 84' lang='grc' dir='ltr'>τὴν</span> <span class='ocrx_word' id='word_1_277' title='bbox 1496 2245 1679 2315; x_wconf 84' lang='grc' dir='ltr'>χώραν</span> <span class='ocrx_word' id='word_1_278' title='bbox 1708 2243 1890 2312; x_wconf 79' lang='grc' dir='ltr'>αὖθις,</span> 
     </span>
    </p>
   </div>
   <div class='ocr_carea' id='block_1_41' title="bbox 293 2331 1889 2406">
    <p class='ocr_par' dir='ltr' id='par_1_41' title="bbox 293 2331 1889 2406">
     <span class='ocr_line' id='line_1_41' title="bbox 293 2331 1889 2406; baseline 0.003 -23"><span class='ocrx_word' id='word_1_279' title='bbox 293 2334 366 2403; x_wconf 64' lang='grc' dir='ltr'><strong>ᾖν</strong></span> <span class='ocrx_word' id='word_1_280' title='bbox 398 2332 502 2402; x_wconf 74' lang='grc' dir='ltr'>ἥδη</span> <span class='ocrx_word' id='word_1_281' title='bbox 534 2334 695 2401; x_wconf 78' lang='grc' dir='ltr'>ἡμεῖς</span> <span class='ocrx_word' id='word_1_282' title='bbox 725 2331 961 2402; x_wconf 74' lang='grc' dir='ltr'>ἔχοντες,</span> <span class='ocrx_word' id='word_1_283' title='bbox 1001 2333 1273 2405; x_wconf 80' lang='grc' dir='ltr'>Γιλιέλμῳ</span> <span class='ocrx_word' id='word_1_284' title='bbox 1298 2334 1388 2403; x_wconf 67' lang='grc' dir='ltr'><strong>ὑφ’</strong></span> <span class='ocrx_word' id='word_1_285' title='bbox 1418 2335 1573 2404; x_wconf 75' lang='grc' dir='ltr'>ἡμῶν</span> <span class='ocrx_word' id='word_1_286' title='bbox 1605 2334 1889 2406; x_wconf 77' lang='grc' dir='ltr'>ἐνδοθησο-</span> 
     </span>
    </p>
   </div>
   <div class='ocr_carea' id='block_1_42' title="bbox 295 2424 1886 2499">
    <p class='ocr_par' dir='ltr' id='par_1_42' title="bbox 295 2424 1886 2499">
     <span class='ocr_line' id='line_1_42' title="bbox 295 2424 1886 2499; baseline 0.002 -22"><span class='ocrx_word' id='word_1_287' title='bbox 295 2425 480 2494; x_wconf 78' lang='grc' dir='ltr'>μένην</span> <span class='ocrx_word' id='word_1_288' title='bbox 513 2424 753 2488; x_wconf 84' lang='grc' dir='ltr'>ἁκούων,</span> <span class='ocrx_word' id='word_1_289' title='bbox 808 2426 908 2478; x_wconf 83' lang='grc' dir='ltr'><strong>ούκ</strong></span> <span class='ocrx_word' id='word_1_290' title='bbox 958 2426 1158 2478; x_wconf 78' lang='grc' dir='ltr'>αὐτίκα</span> <span class='ocrx_word' id='word_1_291' title='bbox 1213 2427 1316 2495; x_wconf 74' lang='grc' dir='ltr'>μὲν</span> <span class='ocrx_word' id='word_1_292' title='bbox 1382 2429 1515 2497; x_wconf 81' lang='grc' dir='ltr'>ἡμῖν</span> <span class='ocrx_word' id='word_1_293' title='bbox 1572 2428 1886 2499; x_wconf 76' lang='grc' dir='ltr'>ἀπιστήσει,</span> 
     </span>
    </p>
   </div>
   <div class='ocr_carea' id='block_1_43' title="bbox 293 2517 1890 2590">
    <p class='ocr_par' dir='ltr' id='par_1_43' title="bbox 293 2517 1890 2590">
     <span class='ocr_line' id='line_1_43' title="bbox 293 2517 1890 2590; baseline 0.001 -20"><span class='ocrx_word' id='word_1_294' title='bbox 293 2520 357 2581; x_wconf 85' lang='grc' dir='ltr'>ὲς</span> <span class='ocrx_word' id='word_1_295' title='bbox 395 2517 452 2570; x_wconf 78' lang='grc' dir='ltr'><strong>δὲ</strong></span> <span class='ocrx_word' id='word_1_296' title='bbox 495 2518 779 2586; x_wconf 85' lang='grc' dir='ltr'>Γιλίελμον</span> <span class='ocrx_word' id='word_1_297' title='bbox 801 2518 1026 2588; x_wconf 80' lang='grc' dir='ltr'>ὀκνήσει</span> <span class='ocrx_word' id='word_1_298' title='bbox 1063 2517 1290 2589; x_wconf 68' lang='grc' dir='ltr'>οὐδεμιᾷ</span> <span class='ocrx_word' id='word_1_299' title='bbox 1344 2519 1744 2590; x_wconf 75' lang='grc' dir='ltr'>μεταθήσεται;</span> <span class='ocrx_word' id='word_1_300' title='bbox 1775 2520 1890 2574; x_wconf 79' lang='grc' dir='ltr'>Οὐκ</span> 
     </span>
    </p>
   </div>
   <div class='ocr_carea' id='block_1_44' title="bbox 292 2610 1888 2681">
    <p class='ocr_par' dir='ltr' id='par_1_44' title="bbox 292 2610 1888 2681">
     <span class='ocr_line' id='line_1_44' title="bbox 292 2610 1888 2681; baseline 0.001 -19"><span class='ocrx_word' id='word_1_301' title='bbox 292 2611 457 2664; x_wconf 73' lang='grc' dir='ltr'>ἔσται</span> <span class='ocrx_word' id='word_1_302' title='bbox 485 2610 705 2672; x_wconf 84' lang='grc' dir='ltr'>πάντως</span> <span class='ocrx_word' id='word_1_303' title='bbox 737 2610 937 2674; x_wconf 70' lang='grc' dir='ltr'>οὐδεὶς,</span> <span class='ocrx_word' id='word_1_304' title='bbox 965 2612 1014 2662; x_wconf 85' lang='grc' dir='ltr'><strong>εί</strong></span> <span class='ocrx_word' id='word_1_305' title='bbox 1036 2612 1113 2681; x_wconf 81' lang='grc' dir='ltr'>μή</span> <span class='ocrx_word' id='word_1_306' title='bbox 1136 2627 1219 2673; x_wconf 90' lang='grc' dir='ltr'><strong>τις</strong></span> <span class='ocrx_word' id='word_1_307' title='bbox 1250 2610 1389 2679; x_wconf 76' lang='grc' dir='ltr'>βλὰξ</span> <span class='ocrx_word' id='word_1_308' title='bbox 1421 2611 1506 2678; x_wconf 74' lang='grc' dir='ltr'>εἴη</span> <span class='ocrx_word' id='word_1_309' title='bbox 1540 2612 1632 2664; x_wconf 84' lang='grc' dir='ltr'>καὶ</span> <span class='ocrx_word' id='word_1_310' title='bbox 1657 2611 1888 2681; x_wconf 81' lang='grc' dir='ltr'>ἀνόητος</span> 
     </span>
    </p>
   </div>
   <div class='ocr_carea' id='block_1_45' title="bbox 292 2703 1889 2774">
    <p class='ocr_par' dir='ltr' id='par_1_45' title="bbox 292 2703 1889 2774">
     <span class='ocr_line' id='line_1_45' title="bbox 292 2703 1889 2774; baseline -0.001 -16"><span class='ocrx_word' id='word_1_311' title='bbox 292 2704 621 2773; x_wconf 79' lang='grc' dir='ltr'>ἄνθρωπος,</span> <span class='ocrx_word' id='word_1_312' title='bbox 662 2703 837 2756; x_wconf 77' lang='grc' dir='ltr'>ὁποῖοι</span> <span class='ocrx_word' id='word_1_313' title='bbox 857 2705 1044 2756; x_wconf 79' lang='grc' dir='ltr'>πολλοὶ</span> <span class='ocrx_word' id='word_1_314' title='bbox 1077 2703 1437 2774; x_wconf 82' lang='grc' dir='ltr'>τυγχάνουσιν</span> <span class='ocrx_word' id='word_1_315' title='bbox 1472 2703 1643 2766; x_wconf 78' lang='grc' dir='ltr'>ὄντες.</span> <span class='ocrx_word' id='word_1_316' title='bbox 1680 2704 1889 2756; x_wconf 79' lang='grc' dir='ltr'>Πυνθά-</span> 
     </span>
    </p>
   </div>
   <div class='ocr_carea' id='block_1_46' title="bbox 291 2796 1889 2868">
    <p class='ocr_par' dir='ltr' id='par_1_46' title="bbox 291 2796 1889 2868">
     <span class='ocr_line' id='line_1_46' title="bbox 291 2796 1889 2868; baseline 0 -19"><span class='ocrx_word' id='word_1_317' title='bbox 291 2814 466 2866; x_wconf 87' lang='grc' dir='ltr'>νομαι</span> <span class='ocrx_word' id='word_1_318' title='bbox 510 2797 689 2866; x_wconf 80' lang='grc' dir='ltr'>ὑμῶν,</span> <span class='ocrx_word' id='word_1_319' title='bbox 725 2796 916 2849; x_wconf 79' lang='grc' dir='ltr'>εἴπατε</span> <span class='ocrx_word' id='word_1_320' title='bbox 954 2797 1089 2868; x_wconf 82' lang='grc' dir='ltr'>πρὸς</span> <span class='ocrx_word' id='word_1_321' title='bbox 1122 2797 1278 2861; x_wconf 82' lang='grc' dir='ltr'>Θεοῦ,</span> <span class='ocrx_word' id='word_1_322' title='bbox 1321 2796 1540 2850; x_wconf 84' lang='grc' dir='ltr'>κάλλιον</span> <span class='ocrx_word' id='word_1_323' title='bbox 1569 2798 1700 2848; x_wconf 78' lang='grc' dir='ltr'>πότε</span> <span class='ocrx_word' id='word_1_324' title='bbox 1743 2797 1889 2868; x_wconf 79' lang='grc' dir='ltr'>ὑμᾶς</span> 
     </span>
    </p>
   </div>
   <div class='ocr_carea' id='block_1_47' title="bbox 293 2881 1887 2956">
    <p class='ocr_par' dir='ltr' id='par_1_47' title="bbox 293 2881 1887 2956">
     <span class='ocr_line' id='line_1_47' title="bbox 293 2881 1887 2956; baseline -0.001 -18"><span class='ocrx_word' id='word_1_325' title='bbox 293 2887 365 2938; x_wconf 84' lang='grc' dir='ltr'>ἃν</span> <span class='ocrx_word' id='word_1_326' title='bbox 406 2881 517 2937; x_wconf 73' lang='grc' dir='ltr'>εἶδε</span> <span class='ocrx_word' id='word_1_327' title='bbox 561 2886 628 2937; x_wconf 82' lang='grc' dir='ltr'><strong>τά</strong></span> <span class='ocrx_word' id='word_1_328' title='bbox 683 2885 926 2953; x_wconf 63' lang='grc' dir='ltr'>πάτρης</span> <span class='ocrx_word' id='word_1_329' title='bbox 998 2884 1196 2937; x_wconf 77' lang='grc' dir='ltr'>Ὀπὸτε</span> <span class='ocrx_word' id='word_1_330' title='bbox 1241 2885 1476 2948; x_wconf 82' lang='grc' dir='ltr'>Ἰταλίας</span> <span class='ocrx_word' id='word_1_331' title='bbox 1514 2885 1615 2956; x_wconf 72' lang='grc' dir='ltr'>ἤδη</span> <span class='ocrx_word' id='word_1_332' title='bbox 1668 2885 1887 2955; x_wconf 74' lang='grc' dir='ltr'>ἀπάσης</span> 
     </span>
    </p>
   </div>
   <div class='ocr_carea' id='block_1_48' title="bbox 293 2961 1889 3048">
    <p class='ocr_par' dir='ltr' id='par_1_48' title="bbox 293 2961 1889 3048">
     <span class='ocr_line' id='line_1_48' title="bbox 293 2961 1889 3048; baseline -0.002 -17"><span class='ocrx_word' id='word_1_333' title='bbox 293 2981 394 3031; x_wconf 76' lang='grc' dir='ltr'>καὶ</span> <span class='ocrx_word' id='word_1_334' title='bbox 426 2979 597 3048; x_wconf 78' lang='grc' dir='ltr'>νήσου</span> <span class='ocrx_word' id='word_1_335' title='bbox 624 2978 732 3031; x_wconf 85' lang='grc' dir='ltr'><strong>τῶν</strong></span> <span class='ocrx_word' id='word_1_336' title='bbox 764 2961 1003 3030; x_wconf 85' lang='grc' dir='ltr'>Σικελων</span> <span class='ocrx_word' id='word_1_337' title='bbox 1028 2979 1119 3046; x_wconf 75' lang='grc' dir='ltr'><strong>ὑφ’</strong></span> <span class='ocrx_word' id='word_1_338' title='bbox 1143 2978 1292 3048; x_wconf 73' lang='grc' dir='ltr'>ἡμᾶς</span> <span class='ocrx_word' id='word_1_339' title='bbox 1315 2980 1720 3048; x_wconf 82' lang='grc' dir='ltr'><strong>γεγενημένων,</strong></span> <span class='ocrx_word' id='word_1_340' title='bbox 1747 2977 1889 3048; x_wconf 83' lang='grc' dir='ltr'>λαμ-</span> 
     </span>
    </p>
   </div>
   <div class='ocr_carea' id='block_1_49' title="bbox 292 3069 1886 3142">
    <p class='ocr_par' dir='ltr' id='par_1_49' title="bbox 292 3069 1886 3142">
     <span class='ocr_line' id='line_1_49' title="bbox 292 3069 1886 3142; baseline 0.001 -21"><span class='ocrx_word' id='word_1_341' title='bbox 292 3074 430 3141; x_wconf 73' lang='grc' dir='ltr'>προὶ</span> <span class='ocrx_word' id='word_1_342' title='bbox 467 3070 746 3141; x_wconf 81' lang='grc' dir='ltr'>λαμπρῶς</span> <span class='ocrx_word' id='word_1_343' title='bbox 775 3069 1006 3125; x_wconf 80' lang='grc' dir='ltr'>αὐτόθεν</span> <span class='ocrx_word' id='word_1_344' title='bbox 1031 3070 1136 3124; x_wconf 79' lang='grc' dir='ltr'><strong>ὑπὸ</strong></span> <span class='ocrx_word' id='word_1_345' title='bbox 1172 3069 1282 3122; x_wconf 84' lang='grc' dir='ltr'>τῶν</span> <span class='ocrx_word' id='word_1_346' title='bbox 1316 3069 1606 3140; x_wconf 76' lang='grc' dir='ltr'>ὁμοφύλων</span> <span class='ocrx_word' id='word_1_347' title='bbox 1644 3073 1886 3142; x_wconf 74' lang='grc' dir='ltr'>ἀναρρο-</span> 
     </span>
    </p>
   </div>
   <div class='ocr_carea' id='block_1_50' title="bbox 296 3162 1884 3234">
    <p class='ocr_par' dir='ltr' id='par_1_50' title="bbox 296 3162 1884 3234">
     <span class='ocr_line' id='line_1_50' title="bbox 296 3162 1884 3234; baseline -0.001 -19"><span class='ocrx_word' id='word_1_348' title='bbox 296 3162 525 3226; x_wconf 82' lang='grc' dir='ltr'>σθέντες</span> <span class='ocrx_word' id='word_1_349' title='bbox 557 3164 788 3234; x_wconf 80' lang='grc' dir='ltr'>ἀθληταὶ</span> <span class='ocrx_word' id='word_1_350' title='bbox 828 3163 1122 3233; x_wconf 81' lang='grc' dir='ltr'>Ῥωμαίων</span> <span class='ocrx_word' id='word_1_351' title='bbox 1163 3163 1406 3230; x_wconf 74' lang='grc' dir='ltr'>εὐγενεῖς</span> <span class='ocrx_word' id='word_1_352' title='bbox 1441 3163 1534 3215; x_wconf 77' lang='grc' dir='ltr'>ἐπὶ</span> <span class='ocrx_word' id='word_1_353' title='bbox 1590 3163 1884 3227; x_wconf 76' lang='grc' dir='ltr'>Βυζάντιον</span> 
     </span>
    </p>
   </div>
   <div class='ocr_carea' id='block_1_51' title="bbox 294 3253 1890 3326">
    <p class='ocr_par' dir='ltr' id='par_1_51' title="bbox 294 3253 1890 3326">
     <span class='ocr_line' id='line_1_51' title="bbox 294 3253 1890 3326; baseline -0.001 -20"><span class='ocrx_word' id='word_1_354' title='bbox 294 3254 491 3323; x_wconf 74' lang='grc' dir='ltr'>ἥκετε,</span> <span class='ocrx_word' id='word_1_355' title='bbox 543 3256 641 3326; x_wconf 76' lang='grc' dir='ltr'><strong>ἡδὺ</strong></span> <span class='ocrx_word' id='word_1_356' title='bbox 674 3255 854 3324; x_wconf 83' lang='grc' dir='ltr'>Θὲαμα</span> <span class='ocrx_word' id='word_1_357' title='bbox 892 3256 1006 3314; x_wconf 77' lang='grc' dir='ltr'>τοῖς</span> <span class='ocrx_word' id='word_1_358' title='bbox 1036 3253 1321 3324; x_wconf 76' lang='grc' dir='ltr'>ὁμοτίμοις</span> <span class='ocrx_word' id='word_1_359' title='bbox 1355 3254 1484 3322; x_wconf 85' lang='grc' dir='ltr'>ὑμῖν</span> <span class='ocrx_word' id='word_1_360' title='bbox 1529 3254 1890 3324; x_wconf 83' lang='grc' dir='ltr'>προσορὼμε-</span> 
     </span>
    </p>
   </div>
   <div class='ocr_carea' id='block_1_52' title="bbox 293 3345 1887 3420">
    <p class='ocr_par' dir='ltr' id='par_1_52' title="bbox 293 3345 1887 3420">
     <span class='ocr_line' id='line_1_52' title="bbox 293 3345 1887 3420; baseline -0.002 -18"><span class='ocrx_word' id='word_1_361' title='bbox 293 3365 401 3413; x_wconf 87' lang='grc' dir='ltr'>νοι,</span> <span class='ocrx_word' id='word_1_362' title='bbox 432 3349 465 3420; x_wconf 77' lang='grc' dir='ltr'>ἦ</span> <span class='ocrx_word' id='word_1_363' title='bbox 495 3350 657 3401; x_wconf 77' lang='grc' dir='ltr'>ὁπότε</span> <span class='ocrx_word' id='word_1_364' title='bbox 681 3349 836 3402; x_wconf 80' lang='grc' dir='ltr'>οὐδὲν</span> <span class='ocrx_word' id='word_1_365' title='bbox 865 3347 990 3401; x_wconf 79' lang='grc' dir='ltr'>ούτε</span> <span class='ocrx_word' id='word_1_366' title='bbox 1017 3347 1201 3411; x_wconf 86' lang='grc' dir='ltr'>δόντες</span> <span class='ocrx_word' id='word_1_367' title='bbox 1235 3345 1359 3400; x_wconf 74' lang='grc' dir='ltr'>οὔτε</span> <span class='ocrx_word' id='word_1_368' title='bbox 1384 3347 1663 3415; x_wconf 77' lang='grc' dir='ltr'>λαϐόντες,</span> <span class='ocrx_word' id='word_1_369' title='bbox 1697 3348 1887 3419; x_wconf 79' lang='grc' dir='ltr'>ὥσπερ</span> 
     </span>
    </p>
   </div>
   <div class='ocr_carea' id='block_1_53' title="bbox 299 3439 1890 3512">
    <p class='ocr_par' dir='ltr' id='par_1_53' title="bbox 299 3439 1890 3512">
     <span class='ocr_line' id='line_1_53' title="bbox 299 3439 1890 3512; baseline 0 -19"><span class='ocrx_word' id='word_1_370' title='bbox 299 3441 437 3507; x_wconf 78' lang='grc' dir='ltr'>ὑμῖν</span> <span class='ocrx_word' id='word_1_371' title='bbox 468 3441 540 3493; x_wconf 69' lang='grc' dir='ltr'><strong>τά</strong></span> <span class='ocrx_word' id='word_1_372' title='bbox 571 3442 732 3512; x_wconf 80' lang='grc' dir='ltr'>ὅρκια</span> <span class='ocrx_word' id='word_1_373' title='bbox 769 3439 1071 3511; x_wconf 81' lang='grc' dir='ltr'>βούλονται,</span> <span class='ocrx_word' id='word_1_374' title='bbox 1102 3441 1338 3494; x_wconf 71' lang='grc' dir='ltr'>ἐνταῦθα</span> <span class='ocrx_word' id='word_1_375' title='bbox 1389 3440 1533 3510; x_wconf 79' lang='grc' dir='ltr'>ὑμᾶς</span> <span class='ocrx_word' id='word_1_376' title='bbox 1558 3441 1890 3493; x_wconf 79' lang='grc' dir='ltr'>ἀνακαλεσόο</span> 
     </span>
    </p>
   </div>
   <div class='ocr_carea' id='block_1_54' title="bbox 301 3531 1889 3604">
    <p class='ocr_par' dir='ltr' id='par_1_54' title="bbox 301 3531 1889 3604">
     <span class='ocr_line' id='line_1_54' title="bbox 301 3531 1889 3604; baseline 0.001 -19"><span class='ocrx_word' id='word_1_377' title='bbox 301 3533 482 3603; x_wconf 66' lang='lat' dir='ltr'><strong>paea;</strong></span> <span class='ocrx_word' id='word_1_378' title='bbox 528 3552 546 3583; x_wconf 77' lang='grc' dir='ltr'><strong>ι</strong></span> <span class='ocrx_word' id='word_1_379' title='bbox 590 3533 885 3601; x_wconf 85' lang='grc' dir='ltr'>Ῥωμαίοις</span> <span class='ocrx_word' id='word_1_380' title='bbox 919 3533 1018 3602; x_wconf 78' lang='grc' dir='ltr'>μὲν</span> <span class='ocrx_word' id='word_1_381' title='bbox 1051 3531 1229 3587; x_wconf 85' lang='grc' dir='ltr'>ταῦτα</span> <span class='ocrx_word' id='word_1_382' title='bbox 1258 3533 1490 3603; x_wconf 79' lang='grc' dir='ltr'>ἔγραψε,</span> <span class='ocrx_word' id='word_1_383' title='bbox 1536 3532 1805 3604; x_wconf 82' lang='grc' dir='ltr'>Γιλιέλμῳ</span> <span class='ocrx_word' id='word_1_384' title='bbox 1831 3531 1889 3586; x_wconf 69' lang='grc' dir='ltr'>δὲ</span> 
     </span>
    </p>
   </div>
   <div class='ocr_carea' id='block_1_55' title="bbox 295 3613 1886 3691">
    <p class='ocr_par' dir='ltr' id='par_1_55' title="bbox 295 3613 1886 3691">
     <span class='ocr_line' id='line_1_55' title="bbox 295 3613 1886 3691; baseline 0.002 -20"><span class='ocrx_word' id='word_1_385' title='bbox 295 3619 626 3672; x_wconf 75' lang='grc' dir='ltr'>ἐπέστειλεν</span> <span class='ocrx_word' id='word_1_386' title='bbox 662 3613 798 3672; x_wconf 75' lang='grc' dir='ltr'>ὧδεο</span> <span class='ocrx_word' id='word_1_387' title='bbox 834 3638 854 3672; x_wconf 72' lang='grc' dir='ltr'><strong>ι</strong></span> <span class='ocrx_word' id='word_1_388' title='bbox 895 3619 986 3690; x_wconf 77' lang='grc' dir='ltr'><strong>Μὴ</strong></span> <span class='ocrx_word' id='word_1_389' title='bbox 1019 3620 1135 3673; x_wconf 83' lang='grc' dir='ltr'>οῐου</span> <span class='ocrx_word' id='word_1_390' title='bbox 1161 3621 1349 3690; x_wconf 80' lang='grc' dir='ltr'>λήσειν</span> <span class='ocrx_word' id='word_1_391' title='bbox 1377 3623 1545 3691; x_wconf 68' lang='grc' dir='ltr'>ἡμᾶς,</span> <span class='ocrx_word' id='word_1_392' title='bbox 1581 3615 1626 3674; x_wconf 80' lang='grc' dir='ltr'><strong>ὧ</strong></span> <span class='ocrx_word' id='word_1_393' title='bbox 1652 3625 1886 3690; x_wconf 81' lang='grc' dir='ltr'>γενναῖε,</span> 
     </span>
    </p>
   </div>
   <div class='ocr_carea' id='block_1_56' title="bbox 295 3711 1891 3786">
    <p class='ocr_par' dir='ltr' id='par_1_56' title="bbox 295 3711 1891 3786">
     <span class='ocr_line' id='line_1_56' title="bbox 295 3711 1891 3786; baseline 0.003 -22"><span class='ocrx_word' id='word_1_394' title='bbox 295 3713 426 3765; x_wconf 75' lang='grc' dir='ltr'>ὅτου</span> <span class='ocrx_word' id='word_1_395' title='bbox 451 3711 517 3783; x_wconf 78' lang='grc' dir='ltr'>δὴ</span> <span class='ocrx_word' id='word_1_396' title='bbox 545 3713 710 3766; x_wconf 67' lang='grc' dir='ltr'>ἕνεκα</span> <span class='ocrx_word' id='word_1_397' title='bbox 737 3711 912 3767; x_wconf 79' lang='grc' dir='ltr'>ταῦτα</span> <span class='ocrx_word' id='word_1_398' title='bbox 935 3714 1325 3785; x_wconf 76' lang='grc' dir='ltr'>μεμηχάνηται</span> <span class='ocrx_word' id='word_1_399' title='bbox 1345 3716 1476 3784; x_wconf 82' lang='grc' dir='ltr'>παρ’</span> <span class='ocrx_word' id='word_1_400' title='bbox 1500 3715 1675 3785; x_wconf 85' lang='grc' dir='ltr'>ὑμῶν,</span> <span class='ocrx_word' id='word_1_401' title='bbox 1701 3713 1891 3786; x_wconf 82' lang='grc' dir='ltr'>ὥσπερ</span> 
     </span>
    </p>
   </div>
   <div class='ocr_carea' id='block_1_57' title="bbox 295 3805 1889 3877">
    <p class='ocr_par' dir='ltr' id='par_1_57' title="bbox 295 3805 1889 3877">
     <span class='ocr_line' id='line_1_57' title="bbox 295 3805 1889 3877; baseline 0.002 -22"><span class='ocrx_word' id='word_1_402' title='bbox 295 3805 424 3856; x_wconf 73' lang='grc' dir='ltr'>οὐδὲ</span> <span class='ocrx_word' id='word_1_403' title='bbox 482 3805 566 3856; x_wconf 86' lang='grc' dir='ltr'><strong>ὃτι</strong></span> <span class='ocrx_word' id='word_1_404' title='bbox 623 3807 730 3868; x_wconf 78' lang='grc' dir='ltr'>τοῖς</span> <span class='ocrx_word' id='word_1_405' title='bbox 780 3805 875 3877; x_wconf 73' lang='grc' dir='ltr'>βία</span> <span class='ocrx_word' id='word_1_406' title='bbox 913 3807 1167 3874; x_wconf 85' lang='grc' dir='ltr'>γεγονόσι</span> <span class='ocrx_word' id='word_1_407' title='bbox 1223 3805 1566 3877; x_wconf 82' lang='grc' dir='ltr'>συγγνώμων</span> <span class='ocrx_word' id='word_1_408' title='bbox 1606 3809 1639 3876; x_wconf 77' lang='grc' dir='ltr'>ἡ</span> <span class='ocrx_word' id='word_1_409' title='bbox 1675 3806 1889 3876; x_wconf 79' lang='grc' dir='ltr'>ἀνάγκη</span> 
     </span>
    </p>
   </div>
   <div class='ocr_carea' id='block_1_58' title="bbox 298 3896 1893 3968">
    <p class='ocr_par' dir='ltr' id='par_1_58' title="bbox 298 3896 1893 3968">
     <span class='ocr_line' id='line_1_58' title="bbox 298 3896 1893 3968; baseline 0.001 -19"><span class='ocrx_word' id='word_1_410' title='bbox 298 3899 540 3966; x_wconf 85' lang='grc' dir='ltr'>γίνεται.</span> <span class='ocrx_word' id='word_1_411' title='bbox 608 3897 820 3952; x_wconf 74' lang='grc' dir='ltr'>Οὐκοῦν</span> <span class='ocrx_word' id='word_1_412' title='bbox 881 3898 1004 3952; x_wconf 74' lang='grc' dir='ltr'>οὐδὲ</span> <span class='ocrx_word' id='word_1_413' title='bbox 1057 3898 1269 3967; x_wconf 80' lang='grc' dir='ltr'>στὲρξει</span> <span class='ocrx_word' id='word_1_414' title='bbox 1313 3915 1394 3951; x_wconf 87' lang='grc' dir='ltr'><strong>σοι</strong></span> <span class='ocrx_word' id='word_1_415' title='bbox 1428 3898 1662 3962; x_wconf 82' lang='grc' dir='ltr'>πάντως,</span> <span class='ocrx_word' id='word_1_416' title='bbox 1690 3898 1724 3951; x_wconf 78' lang='grc' dir='ltr'>ἃ</span> <span class='ocrx_word' id='word_1_417' title='bbox 1755 3896 1893 3968; x_wconf 80' lang='grc' dir='ltr'>πρὸς</span> 
     </span>
    </p>
   </div>
   <div class='ocr_carea' id='block_1_59' title="bbox 295 3990 1890 4066">
    <p class='ocr_par' dir='ltr' id='par_1_59' title="bbox 295 3990 1890 4066">
     <span class='ocr_line' id='line_1_59' title="bbox 295 3990 1890 4066; baseline 0.003 -23"><span class='ocrx_word' id='word_1_418' title='bbox 295 3991 607 4060; x_wconf 78' lang='grc' dir='ltr'>δεσμωτῶν</span> <span class='ocrx_word' id='word_1_419' title='bbox 637 3990 923 4063; x_wconf 77' lang='grc' dir='ltr'>ὀμώμοται</span> <span class='ocrx_word' id='word_1_420' title='bbox 952 3995 1047 4047; x_wconf 79' lang='grc' dir='ltr'>καὶ</span> <span class='ocrx_word' id='word_1_421' title='bbox 1070 3995 1402 4066; x_wconf 77' lang='grc' dir='ltr'>ἐμφρούρων</span> <span class='ocrx_word' id='word_1_422' title='bbox 1425 3993 1628 4046; x_wconf 87' lang='grc' dir='ltr'>τούτων</span> <span class='ocrx_word' id='word_1_423' title='bbox 1659 3993 1890 4063; x_wconf 82' lang='grc' dir='ltr'>ἀνδρῶν.</span> 
     </span>
    </p>
   </div>
   <div class='ocr_carea' id='block_1_60' title="bbox 313 4084 1894 4160">
    <p class='ocr_par' dir='ltr' id='par_1_60' title="bbox 313 4084 1894 4160">
     <span class='ocr_line' id='line_1_60' title="bbox 313 4084 1894 4160; baseline 0 -23"><span class='ocrx_word' id='word_1_424' title='bbox 313 4084 588 4152; x_wconf 81' lang='grc' dir='ltr'>Ῥωμαῖοι</span> <span class='ocrx_word' id='word_1_425' title='bbox 637 4087 748 4160; x_wconf 85' lang='grc' dir='ltr'>γὰρ</span> <span class='ocrx_word' id='word_1_426' title='bbox 800 4089 861 4140; x_wconf 81' lang='grc' dir='ltr'><strong>ού</strong></span> <span class='ocrx_word' id='word_1_427' title='bbox 924 4089 1193 4158; x_wconf 84' lang='grc' dir='ltr'>πρότερον</span> <span class='ocrx_word' id='word_1_428' title='bbox 1266 4087 1468 4156; x_wconf 78' lang='grc' dir='ltr'>Ἰταλίᾳ</span> <span class='ocrx_word' id='word_1_429' title='bbox 1527 4086 1894 4156; x_wconf 75' lang='grc' dir='ltr'>πολεμοῦντες</span> 
     </span>
    </p>
   </div>
   <div class='ocr_carea' id='block_1_61' title="bbox 298 4180 1892 4251">
    <p class='ocr_par' dir='ltr' id='par_1_61' title="bbox 298 4180 1892 4251">
     <span class='ocr_line' id='line_1_61' title="bbox 298 4180 1892 4251; baseline -0.001 -21"><span class='ocrx_word' id='word_1_430' title='bbox 298 4181 623 4246; x_wconf 62' lang='grc' dir='ltr'>ἀςρέξονται,</span> <span class='ocrx_word' id='word_1_431' title='bbox 671 4182 799 4250; x_wconf 76' lang='grc' dir='ltr'>πρὶν</span> <span class='ocrx_word' id='word_1_432' title='bbox 828 4181 893 4234; x_wconf 72' lang='grc' dir='ltr'><strong>ἂν</strong></span> <span class='ocrx_word' id='word_1_433' title='bbox 945 4182 1116 4251; x_wconf 80' lang='grc' dir='ltr'>αὐτήν</span> <span class='ocrx_word' id='word_1_434' title='bbox 1157 4197 1214 4233; x_wconf 88' lang='grc' dir='ltr'><strong>τε</strong></span> <span class='ocrx_word' id='word_1_435' title='bbox 1247 4182 1341 4232; x_wconf 74' lang='grc' dir='ltr'><strong>καὶ</strong></span> <span class='ocrx_word' id='word_1_436' title='bbox 1374 4181 1470 4250; x_wconf 80' lang='grc' dir='ltr'>τὴν</span> <span class='ocrx_word' id='word_1_437' title='bbox 1509 4180 1678 4249; x_wconf 78' lang='grc' dir='ltr'>νῆσον</span> <span class='ocrx_word' id='word_1_438' title='bbox 1718 4181 1892 4231; x_wconf 81' lang='grc' dir='ltr'>πᾶσαν</span> 
     </span>
    </p>
   </div>
   <div class='ocr_carea' id='block_1_62' title="bbox 301 4270 1896 4343">
    <p class='ocr_par' dir='ltr' id='par_1_62' title="bbox 301 4270 1896 4343">
     <span class='ocr_line' id='line_1_62' title="bbox 301 4270 1896 4343; baseline 0.001 -23"><span class='ocrx_word' id='word_1_439' title='bbox 301 4271 411 4321; x_wconf 74' lang='grc' dir='ltr'>ὑπὸ</span> <span class='ocrx_word' id='word_1_440' title='bbox 439 4270 675 4342; x_wconf 76' lang='grc' dir='ltr'>παλάμῃ</span> <span class='ocrx_word' id='word_1_441' title='bbox 704 4274 769 4342; x_wconf 78' lang='grc' dir='ltr'>τῇ</span> <span class='ocrx_word' id='word_1_442' title='bbox 791 4273 950 4342; x_wconf 79' lang='grc' dir='ltr'>ἡμῶν</span> <span class='ocrx_word' id='word_1_443' title='bbox 974 4272 1165 4342; x_wconf 76' lang='grc' dir='ltr'>ὥσπερ</span> <span class='ocrx_word' id='word_1_444' title='bbox 1188 4275 1282 4325; x_wconf 74' lang='grc' dir='ltr'><strong>καὶ</strong></span> <span class='ocrx_word' id='word_1_445' title='bbox 1306 4274 1572 4343; x_wconf 74' lang='grc' dir='ltr'>πρότερον</span> <span class='ocrx_word' id='word_1_446' title='bbox 1607 4271 1705 4341; x_wconf 70' lang='grc' dir='ltr'>ἤδη</span> <span class='ocrx_word' id='word_1_447' title='bbox 1739 4272 1896 4342; x_wconf 78' lang='grc' dir='ltr'>ποιή-</span> 
     </span>
    </p>
   </div>
   <div class='ocr_carea' id='block_1_63' title="bbox 307 4359 1897 4430">
    <p class='ocr_par' dir='ltr' id='par_1_63' title="bbox 307 4359 1897 4430">
     <span class='ocr_line' id='line_1_63' title="bbox 307 4359 1897 4430; baseline 0.001 -19"><span class='ocrx_word' id='word_1_448' title='bbox 307 4376 584 4412; x_wconf 76' lang='grc' dir='ltr'>σωνται.»</span> <span class='ocrx_word' id='word_1_449' title='bbox 641 4359 828 4414; x_wconf 82' lang='grc' dir='ltr'>Ταῦτα</span> <span class='ocrx_word' id='word_1_450' title='bbox 886 4360 937 4413; x_wconf 83' lang='grc' dir='ltr'><strong>οί</strong></span> <span class='ocrx_word' id='word_1_451' title='bbox 982 4363 1112 4430; x_wconf 81' lang='grc' dir='ltr'>περὶ</span> <span class='ocrx_word' id='word_1_452' title='bbox 1156 4360 1440 4428; x_wconf 79' lang='grc' dir='ltr'>Γιλίελμον</span> <span class='ocrx_word' id='word_1_453' title='bbox 1492 4361 1780 4429; x_wconf 78' lang='grc' dir='ltr'>δεξάμενοι</span> <span class='ocrx_word' id='word_1_454' title='bbox 1828 4359 1897 4413; x_wconf 77' lang='grc' dir='ltr'><strong>τά</strong></span> 
     </span>
    </p>
   </div>
   <div class='ocr_carea' id='block_1_64' title="bbox 1995 1874 3582 1945">
    <p class='ocr_par' dir='ltr' id='par_1_64' title="bbox 1995 1874 3582 1945">
     <span class='ocr_line' id='line_1_64' title="bbox 1995 1874 3582 1945; baseline 0.003 -19"><span class='ocrx_word' id='word_1_455' title='bbox 1995 1883 2122 1927; x_wconf 83' lang='lat' dir='ltr'><strong>Sunt</strong></span> <span class='ocrx_word' id='word_1_456' title='bbox 2171 1875 2504 1939; x_wconf 85' lang='lat' dir='ltr'><strong>instaurare,</strong></span> <span class='ocrx_word' id='word_1_457' title='bbox 2566 1874 2722 1943; x_wconf 78' lang='lat'><strong>173</strong></span> <span class='ocrx_word' id='word_1_458' title='bbox 2779 1874 2886 1928; x_wconf 89' lang='lat' dir='ltr'><strong>Deo</strong></span> <span class='ocrx_word' id='word_1_459' title='bbox 2942 1875 3155 1928; x_wconf 85' lang='lat' dir='ltr'><strong>volente</strong></span> <span class='ocrx_word' id='word_1_460' title='bbox 3207 1876 3582 1945; x_wconf 81' lang='lat' dir='ltr'><strong>satagentibus</strong></span> 
     </span>
    </p>
   </div>
   <div class='ocr_carea' id='block_1_65' title="bbox 1994 1963 3581 2036">
    <p class='ocr_par' dir='ltr' id='par_1_65' title="bbox 1994 1963 3581 2036">
     <span class='ocr_line' id='line_1_65' title="bbox 1994 1963 3581 2036; baseline 0.001 -17"><span class='ocrx_word' id='word_1_461' title='bbox 1994 1966 2278 2020; x_wconf 86' lang='lat' dir='ltr'><strong>obsistitis.</strong></span> <span class='ocrx_word' id='word_1_462' title='bbox 2313 1963 2504 2020; x_wconf 83' lang='lat' dir='ltr'><strong>Nonne</strong></span> <span class='ocrx_word' id='word_1_463' title='bbox 2534 1969 2813 2020; x_wconf 81' lang='lat' dir='ltr'><strong>advertitis</strong></span> <span class='ocrx_word' id='word_1_464' title='bbox 2839 1966 2952 2020; x_wconf 73' lang='lat' dir='ltr'><strong>haec</strong></span> <span class='ocrx_word' id='word_1_465' title='bbox 2978 1969 3314 2036; x_wconf 73' lang='lat' dir='ltr'><strong>excogitasse</strong></span> <span class='ocrx_word' id='word_1_466' title='bbox 3345 1968 3581 2036; x_wconf 85' lang='lat' dir='ltr'><strong>Siculos,</strong></span> 
     </span>
    </p>
   </div>
   <div class='ocr_carea' id='block_1_66' title="bbox 2001 2053 3584 2124">
    <p class='ocr_par' dir='ltr' id='par_1_66' title="bbox 2001 2053 3584 2124">
     <span class='ocr_line' id='line_1_66' title="bbox 2001 2053 3584 2124; baseline 0.004 -18"><span class='ocrx_word' id='word_1_467' title='bbox 2001 2066 2056 2106; x_wconf 92' lang='lat' dir='ltr'><strong>ut</strong></span> <span class='ocrx_word' id='word_1_468' title='bbox 2092 2064 2305 2108; x_wconf 82' lang='lat' dir='ltr'><strong>nostros</strong></span> <span class='ocrx_word' id='word_1_469' title='bbox 2342 2055 2394 2108; x_wconf 87' lang='lat' dir='ltr'><strong>in</strong></span> <span class='ocrx_word' id='word_1_470' title='bbox 2441 2053 2679 2108; x_wconf 83' lang='lat' dir='ltr'><strong>futurum</strong></span> <span class='ocrx_word' id='word_1_471' title='bbox 2719 2070 3003 2110; x_wconf 76' lang='lat' dir='ltr'><strong>succeSsus</strong></span> <span class='ocrx_word' id='word_1_472' title='bbox 3037 2058 3416 2111; x_wconf 82' lang='lat' dir='ltr'><strong>retardarent?</strong></span> <span class='ocrx_word' id='word_1_473' title='bbox 3451 2058 3584 2124; x_wconf 87' lang='lat' dir='ltr'><strong>Quis</strong></span> 
     </span>
    </p>
   </div>
   <div class='ocr_carea' id='block_1_67' title="bbox 1993 2146 3579 2218">
    <p class='ocr_par' dir='ltr' id='par_1_67' title="bbox 1993 2146 3579 2218">
     <span class='ocr_line' id='line_1_67' title="bbox 1993 2146 3579 2218; baseline 0.002 -19"><span class='ocrx_word' id='word_1_474' title='bbox 1993 2147 2136 2199; x_wconf 88' lang='lat' dir='ltr'><strong>enim</strong></span> <span class='ocrx_word' id='word_1_475' title='bbox 2195 2146 2448 2199; x_wconf 87' lang='lat' dir='ltr'><strong>Italorum</strong></span> <span class='ocrx_word' id='word_1_476' title='bbox 2502 2147 2626 2209; x_wconf 87' lang='lat' dir='ltr'><strong>erit,</strong></span> <span class='ocrx_word' id='word_1_477' title='bbox 2676 2147 2767 2216; x_wconf 89' lang='lat' dir='ltr'><strong>qui</strong></span> <span class='ocrx_word' id='word_1_478' title='bbox 2816 2147 2904 2200; x_wconf 86' lang='lat' dir='ltr'><strong>ubi</strong></span> <span class='ocrx_word' id='word_1_479' title='bbox 2959 2148 3232 2215; x_wconf 78' lang='lat' dir='ltr'><strong>regionem</strong></span> <span class='ocrx_word' id='word_1_480' title='bbox 3277 2165 3439 2218; x_wconf 84' lang='lat' dir='ltr'><strong>quam</strong></span> <span class='ocrx_word' id='word_1_481' title='bbox 3469 2149 3579 2216; x_wconf 86' lang='lat' dir='ltr'><strong>jam</strong></span> 
     </span>
    </p>
   </div>
   <div class='ocr_carea' id='block_1_68' title="bbox 2001 2236 3578 2307">
    <p class='ocr_par' dir='ltr' id='par_1_68' title="bbox 2001 2236 3578 2307">
     <span class='ocr_line' id='line_1_68' title="bbox 2001 2236 3578 2307; baseline 0.003 -16"><span class='ocrx_word' id='word_1_482' title='bbox 2001 2240 2368 2307; x_wconf 85' lang='lat' dir='ltr'><strong>possidemus,</strong></span> <span class='ocrx_word' id='word_1_483' title='bbox 2424 2236 2692 2294; x_wconf 87' lang='lat' dir='ltr'><strong>Gulielmo</strong></span> <span class='ocrx_word' id='word_1_484' title='bbox 2732 2256 2761 2292; x_wconf 93' lang='lat' dir='ltr'><strong>a</strong></span> <span class='ocrx_word' id='word_1_485' title='bbox 2809 2239 2970 2295; x_wconf 89' lang='lat' dir='ltr'><strong>nobis</strong></span> <span class='ocrx_word' id='word_1_486' title='bbox 3000 2255 3212 2294; x_wconf 88' lang='lat' dir='ltr'><strong>rursum</strong></span> <span class='ocrx_word' id='word_1_487' title='bbox 3262 2242 3578 2296; x_wconf 86' lang='lat' dir='ltr'><strong>tradendam</strong></span> 
     </span>
    </p>
   </div>
   <div class='ocr_carea' id='block_1_69' title="bbox 1991 2330 3583 2398">
    <p class='ocr_par' dir='ltr' id='par_1_69' title="bbox 1991 2330 3583 2398">
     <span class='ocr_line' id='line_1_69' title="bbox 1991 2330 3583 2398; baseline 0.004 -16"><span class='ocrx_word' id='word_1_488' title='bbox 1991 2343 2114 2382; x_wconf 86' lang='lat' dir='ltr'><strong>esse</strong></span> <span class='ocrx_word' id='word_1_489' title='bbox 2160 2330 2485 2398; x_wconf 87' lang='lat' dir='ltr'><strong>perceperit,</strong></span> <span class='ocrx_word' id='word_1_490' title='bbox 2538 2345 2645 2384; x_wconf 91' lang='lat' dir='ltr'><strong>non</strong></span> <span class='ocrx_word' id='word_1_491' title='bbox 2692 2331 2954 2385; x_wconf 88' lang='lat' dir='ltr'><strong>continuo</strong></span> <span class='ocrx_word' id='word_1_492' title='bbox 3000 2346 3028 2384; x_wconf 91' lang='lat' dir='ltr'><strong>a</strong></span> <span class='ocrx_word' id='word_1_493' title='bbox 3080 2332 3236 2386; x_wconf 88' lang='lat' dir='ltr'><strong>nobis</strong></span> <span class='ocrx_word' id='word_1_494' title='bbox 3282 2333 3498 2388; x_wconf 86' lang='lat' dir='ltr'><strong>deticiat</strong></span> <span class='ocrx_word' id='word_1_495' title='bbox 3527 2341 3583 2388; x_wconf 88' lang='lat' dir='ltr'><strong>et</strong></span> 
     </span>
    </p>
   </div>
   <div class='ocr_carea' id='block_1_70' title="bbox 1992 2417 3582 2491">
    <p class='ocr_par' dir='ltr' id='par_1_70' title="bbox 1992 2417 3582 2491">
     <span class='ocr_line' id='line_1_70' title="bbox 1992 2417 3582 2491; baseline 0.004 -19"><span class='ocrx_word' id='word_1_496' title='bbox 1992 2417 2449 2489; x_wconf 76' lang='lat' dir='ltr'><strong>Gulielmipartes</strong></span> <span class='ocrx_word' id='word_1_497' title='bbox 2476 2421 2621 2474; x_wconf 90' lang='lat' dir='ltr'><strong>nulla</strong></span> <span class='ocrx_word' id='word_1_498' title='bbox 2650 2437 2795 2475; x_wconf 89' lang='lat' dir='ltr'><strong>mora</strong></span> <span class='ocrx_word' id='word_1_499' title='bbox 2827 2421 3144 2490; x_wconf 83' lang='lat' dir='ltr'><strong>interposita</strong></span> <span class='ocrx_word' id='word_1_500' title='bbox 3169 2424 3582 2491; x_wconf 77' lang='lat' dir='ltr'><strong>amplectatur?</strong></span> 
     </span>
    </p>
   </div>
   <div class='ocr_carea' id='block_1_71' title="bbox 1993 2509 3581 2582">
    <p class='ocr_par' dir='ltr' id='par_1_71' title="bbox 1993 2509 3581 2582">
     <span class='ocr_line' id='line_1_71' title="bbox 1993 2509 3581 2582; baseline 0.003 -18"><span class='ocrx_word' id='word_1_501' title='bbox 1993 2509 2113 2565; x_wconf 89' lang='lat' dir='ltr'><strong>Erit</strong></span> <span class='ocrx_word' id='word_1_502' title='bbox 2147 2513 2334 2580; x_wconf 86' lang='lat' dir='ltr'><strong>utique</strong></span> <span class='ocrx_word' id='word_1_503' title='bbox 2368 2526 2546 2576; x_wconf 87' lang='lat' dir='ltr'><strong>nemo,</strong></span> <span class='ocrx_word' id='word_1_504' title='bbox 2580 2512 2682 2567; x_wconf 82' lang='lat' dir='ltr'><strong>nisi</strong></span> <span class='ocrx_word' id='word_1_505' title='bbox 2708 2514 2934 2566; x_wconf 89' lang='lat' dir='ltr'><strong>stolidus</strong></span> <span class='ocrx_word' id='word_1_506' title='bbox 2964 2515 3054 2567; x_wconf 87' lang='lat' dir='ltr'><strong>ille</strong></span> <span class='ocrx_word' id='word_1_507' title='bbox 3086 2518 3158 2568; x_wconf 91' lang='lat' dir='ltr'><strong>sit</strong></span> <span class='ocrx_word' id='word_1_508' title='bbox 3201 2524 3257 2566; x_wconf 90' lang='lat' dir='ltr'><strong>et</strong></span> <span class='ocrx_word' id='word_1_509' title='bbox 3296 2516 3452 2582; x_wconf 87' lang='lat' dir='ltr'><strong>plane</strong></span> <span class='ocrx_word' id='word_1_510' title='bbox 3485 2516 3581 2569; x_wconf 84' lang='lat' dir='ltr'><strong>de-</strong></span> 
     </span>
    </p>
   </div>
   <div class='ocr_carea' id='block_1_72' title="bbox 1990 2589 3582 2676">
    <p class='ocr_par' dir='ltr' id='par_1_72' title="bbox 1990 2589 3582 2676">
     <span class='ocr_line' id='line_1_72' title="bbox 1990 2589 3582 2676; baseline 0.002 -17"><span class='ocrx_word' id='word_1_511' title='bbox 1990 2619 2172 2671; x_wconf 85' lang='lat' dir='ltr'><strong>mens,</strong></span> <span class='ocrx_word' id='word_1_512' title='bbox 2199 2604 2502 2674; x_wconf 86' lang='lat' dir='ltr'><strong>cujustnodi</strong></span> <span class='ocrx_word' id='word_1_513' title='bbox 2533 2620 2655 2660; x_wconf 86' lang='lat' dir='ltr'><strong>esse</strong></span> <span class='ocrx_word' id='word_1_514' title='bbox 2687 2605 2839 2658; x_wconf 92' lang='lat' dir='ltr'><strong>multi</strong></span> <span class='ocrx_word' id='word_1_515' title='bbox 2867 2589 3060 2659; x_wconf 85' lang='lat' dir='ltr'><strong>solent.</strong></span> <span class='ocrx_word' id='word_1_516' title='bbox 3089 2604 3239 2676; x_wconf 80' lang='lat' dir='ltr'><strong>Rogo</strong></span> <span class='ocrx_word' id='word_1_517' title='bbox 3277 2622 3397 2669; x_wconf 85' lang='lat' dir='ltr'><strong>vos,</strong></span> <span class='ocrx_word' id='word_1_518' title='bbox 3420 2606 3582 2662; x_wconf 82' lang='lat' dir='ltr'><strong>dicite</strong></span> 
     </span>
    </p>
   </div>
   <div class='ocr_carea' id='block_1_73' title="bbox 1989 2695 3580 2770">
    <p class='ocr_par' dir='ltr' id='par_1_73' title="bbox 1989 2695 3580 2770">
     <span class='ocr_line' id='line_1_73' title="bbox 1989 2695 3580 2770; baseline 0 -17"><span class='ocrx_word' id='word_1_519' title='bbox 1989 2712 2087 2768; x_wconf 87' lang='lat' dir='ltr'><strong>per</strong></span> <span class='ocrx_word' id='word_1_520' title='bbox 2137 2695 2330 2760; x_wconf 90' lang='lat' dir='ltr'><strong>Deum,</strong></span> <span class='ocrx_word' id='word_1_521' title='bbox 2389 2697 2606 2766; x_wconf 87' lang='lat' dir='ltr'><strong>quando</strong></span> <span class='ocrx_word' id='word_1_522' title='bbox 2659 2700 2872 2750; x_wconf 86' lang='lat' dir='ltr'><strong>tandem</strong></span> <span class='ocrx_word' id='word_1_523' title='bbox 2929 2712 3022 2751; x_wconf 89' lang='lat' dir='ltr'><strong>vos</strong></span> <span class='ocrx_word' id='word_1_524' title='bbox 3064 2697 3354 2764; x_wconf 76' lang='lat' dir='ltr'><strong>iucundius</strong></span> <span class='ocrx_word' id='word_1_525' title='bbox 3409 2701 3580 2770; x_wconf 88' lang='lat' dir='ltr'><strong>patria</strong></span> 
     </span>
    </p>
   </div>
   <div class='ocr_carea' id='block_1_74' title="bbox 1991 2789 3582 2861">
    <p class='ocr_par' dir='ltr' id='par_1_74' title="bbox 1991 2789 3582 2861">
     <span class='ocr_line' id='line_1_74' title="bbox 1991 2789 3582 2861; baseline 0 -15"><span class='ocrx_word' id='word_1_526' title='bbox 1991 2792 2310 2861; x_wconf 84' lang='lat' dir='ltr'><strong>conspiciet,</strong></span> <span class='ocrx_word' id='word_1_527' title='bbox 2339 2800 2519 2844; x_wconf 91' lang='lat' dir='ltr'><strong>utrum</strong></span> <span class='ocrx_word' id='word_1_528' title='bbox 2548 2805 2668 2844; x_wconf 88' lang='lat' dir='ltr'><strong>cum</strong></span> <span class='ocrx_word' id='word_1_529' title='bbox 2695 2789 2943 2844; x_wconf 80' lang='lat' dir='ltr'><strong>universa</strong></span> <span class='ocrx_word' id='word_1_530' title='bbox 2977 2790 3088 2858; x_wconf 91' lang='lat' dir='ltr'><strong>jam</strong></span> <span class='ocrx_word' id='word_1_531' title='bbox 3123 2790 3272 2844; x_wconf 87' lang='lat' dir='ltr'><strong>Italia</strong></span> <span class='ocrx_word' id='word_1_532' title='bbox 3309 2800 3363 2844; x_wconf 88' lang='lat' dir='ltr'><strong>et</strong></span> <span class='ocrx_word' id='word_1_533' title='bbox 3396 2791 3582 2846; x_wconf 85' lang='lat' dir='ltr'><strong>Sicilia</strong></span> 
     </span>
    </p>
   </div>
   <div class='ocr_carea' id='block_1_75' title="bbox 1993 2882 3581 2954">
    <p class='ocr_par' dir='ltr' id='par_1_75' title="bbox 1993 2882 3581 2954">
     <span class='ocr_line' id='line_1_75' title="bbox 1993 2882 3581 2954; baseline 0.001 -17"><span class='ocrx_word' id='word_1_534' title='bbox 1993 2886 2045 2937; x_wconf 91' lang='lat' dir='ltr'><strong>iu</strong></span> <span class='ocrx_word' id='word_1_535' title='bbox 2082 2894 2324 2938; x_wconf 89' lang='lat' dir='ltr'><strong>nostram</strong></span> <span class='ocrx_word' id='word_1_536' title='bbox 2379 2882 2616 2937; x_wconf 87' lang='lat' dir='ltr'><strong>redactis</strong></span> <span class='ocrx_word' id='word_1_537' title='bbox 2658 2887 3006 2951; x_wconf 86' lang='lat' dir='ltr'><strong>potestatem,</strong></span> <span class='ocrx_word' id='word_1_538' title='bbox 3042 2885 3283 2949; x_wconf 75' lang='lat' dir='ltr'><strong>przeclari</strong></span> <span class='ocrx_word' id='word_1_539' title='bbox 3318 2885 3581 2954; x_wconf 67' lang='lat' dir='ltr'><strong>praeclare</strong></span> 
     </span>
    </p>
   </div>
   <div class='ocr_carea' id='block_1_76' title="bbox 1991 2974 3584 3032">
    <p class='ocr_par' dir='ltr' id='par_1_76' title="bbox 1991 2974 3584 3032">
     <span class='ocr_line' id='line_1_76' title="bbox 1991 2974 3584 3032; baseline 0.002 -3"><span class='ocrx_word' id='word_1_540' title='bbox 1991 2977 2114 3029; x_wconf 88' lang='lat' dir='ltr'><strong>imle</strong></span> <span class='ocrx_word' id='word_1_541' title='bbox 2145 2992 2170 3029; x_wconf 80' lang='grc' dir='ltr'><strong>ο</strong></span> <span class='ocrx_word' id='word_1_542' title='bbox 2195 2977 2570 3030; x_wconf 85' lang='lat' dir='ltr'><strong>conterraneis</strong></span> <span class='ocrx_word' id='word_1_543' title='bbox 2592 2974 2805 3028; x_wconf 87' lang='lat' dir='ltr'><strong>liberati</strong></span> <span class='ocrx_word' id='word_1_544' title='bbox 2835 2975 3072 3030; x_wconf 74' lang='lat' dir='ltr'><strong>illustres</strong></span> <span class='ocrx_word' id='word_1_545' title='bbox 3097 2974 3323 3028; x_wconf 81' lang='lat' dir='ltr'><strong>Romani</strong></span> <span class='ocrx_word' id='word_1_546' title='bbox 3344 2977 3584 3032; x_wconf 82' lang='lat' dir='ltr'><strong>nominis</strong></span> 
     </span>
    </p>
   </div>
   <div class='ocr_carea' id='block_1_77' title="bbox 1992 3068 3580 3137">
    <p class='ocr_par' dir='ltr' id='par_1_77' title="bbox 1992 3068 3580 3137">
     <span class='ocr_line' id='line_1_77' title="bbox 1992 3068 3580 3137; baseline 0.003 -15"><span class='ocrx_word' id='word_1_547' title='bbox 1992 3069 2253 3131; x_wconf 87' lang='lat' dir='ltr'><strong>vindices,</strong></span> <span class='ocrx_word' id='word_1_548' title='bbox 2282 3069 2650 3137; x_wconf 75' lang='lat' dir='ltr'><strong>gratissimum</strong></span> <span class='ocrx_word' id='word_1_549' title='bbox 2680 3068 2976 3137; x_wconf 68' lang='lat' dir='ltr'><strong>:equalibus</strong></span> <span class='ocrx_word' id='word_1_550' title='bbox 2999 3071 3192 3123; x_wconf 84' lang='lat' dir='ltr'><strong>vestris</strong></span> <span class='ocrx_word' id='word_1_551' title='bbox 3215 3070 3580 3136; x_wconf 86' lang='lat' dir='ltr'><strong>spectaculum</strong></span> 
     </span>
    </p>
   </div>
   <div class='ocr_carea' id='block_1_78' title="bbox 1990 3160 3582 3232">
    <p class='ocr_par' dir='ltr' id='par_1_78' title="bbox 1990 3160 3582 3232">
     <span class='ocr_line' id='line_1_78' title="bbox 1990 3160 3582 3232; baseline 0.002 -17"><span class='ocrx_word' id='word_1_552' title='bbox 1990 3161 2306 3226; x_wconf 81' lang='lat' dir='ltr'><strong>exbibituri,</strong></span> <span class='ocrx_word' id='word_1_553' title='bbox 2348 3160 2668 3232; x_wconf 80' lang='lat' dir='ltr'><strong>Byzantiqu</strong></span> <span class='ocrx_word' id='word_1_554' title='bbox 2715 3161 3012 3215; x_wconf 85' lang='lat' dir='ltr'><strong>veneritis?</strong></span> <span class='ocrx_word' id='word_1_555' title='bbox 3060 3164 3139 3214; x_wconf 77' lang='lat' dir='ltr'><strong>An</strong></span> <span class='ocrx_word' id='word_1_556' title='bbox 3188 3178 3316 3216; x_wconf 81' lang='lat' dir='ltr'><strong>vero</strong></span> <span class='ocrx_word' id='word_1_557' title='bbox 3362 3164 3405 3217; x_wconf 88' lang='lat' dir='ltr'><strong>si</strong></span> <span class='ocrx_word' id='word_1_558' title='bbox 3447 3163 3582 3218; x_wconf 86' lang='lat' dir='ltr'><strong>nihil</strong></span> 
     </span>
    </p>
   </div>
   <div class='ocr_carea' id='block_1_79' title="bbox 1988 3253 3580 3325">
    <p class='ocr_par' dir='ltr' id='par_1_79' title="bbox 1988 3253 3580 3325">
     <span class='ocr_line' id='line_1_79' title="bbox 1988 3253 3580 3325; baseline 0.003 -17"><span class='ocrx_word' id='word_1_559' title='bbox 1988 3265 2084 3308; x_wconf 90' lang='lat' dir='ltr'><strong>aut</strong></span> <span class='ocrx_word' id='word_1_560' title='bbox 2113 3255 2304 3308; x_wconf 81' lang='lat' dir='ltr'><strong>dantes</strong></span> <span class='ocrx_word' id='word_1_561' title='bbox 2343 3262 2434 3306; x_wconf 87' lang='lat' dir='ltr'><strong>aut</strong></span> <span class='ocrx_word' id='word_1_562' title='bbox 2485 3253 2840 3321; x_wconf 83' lang='lat' dir='ltr'><strong>accipientes,</strong></span> <span class='ocrx_word' id='word_1_563' title='bbox 2885 3264 2997 3306; x_wconf 89' lang='lat' dir='ltr'><strong>uta</strong></span> <span class='ocrx_word' id='word_1_564' title='bbox 3038 3254 3188 3307; x_wconf 77' lang='lat' dir='ltr'><strong>vobis</strong></span> <span class='ocrx_word' id='word_1_565' title='bbox 3222 3255 3580 3325; x_wconf 87' lang='lat' dir='ltr'><strong>jurejurando</strong></span> 
     </span>
    </p>
   </div>
   <div class='ocr_carea' id='block_1_80' title="bbox 1989 3343 3580 3416">
    <p class='ocr_par' dir='ltr' id='par_1_80' title="bbox 1989 3343 3580 3416">
     <span class='ocr_line' id='line_1_80' title="bbox 1989 3343 3580 3416; baseline 0.002 -18"><span class='ocrx_word' id='word_1_566' title='bbox 1989 3344 2198 3398; x_wconf 87' lang='lat' dir='ltr'><strong>sancita</strong></span> <span class='ocrx_word' id='word_1_567' title='bbox 2232 3343 2440 3408; x_wconf 77' lang='lat' dir='ltr'><strong>volunt,</strong></span> <span class='ocrx_word' id='word_1_568' title='bbox 2476 3359 2568 3398; x_wconf 89' lang='lat' dir='ltr'><strong>vos</strong></span> <span class='ocrx_word' id='word_1_569' title='bbox 2621 3346 3095 3399; x_wconf 73' lang='lat' dir='ltr'><strong>revocaret-imus?</strong></span> <span class='ocrx_word' id='word_1_570' title='bbox 3143 3364 3160 3397; x_wconf 81' lang='grc' dir='ltr'><strong>ι</strong></span> <span class='ocrx_word' id='word_1_571' title='bbox 3210 3345 3333 3399; x_wconf 68' lang='lat' dir='ltr'><strong>Haec</strong></span> <span class='ocrx_word' id='word_1_572' title='bbox 3364 3347 3580 3416; x_wconf 87' lang='lat' dir='ltr'><strong>quidem</strong></span> 
     </span>
    </p>
   </div>
   <div class='ocr_carea' id='block_1_81' title="bbox 1988 3436 3575 3507">
    <p class='ocr_par' dir='ltr' id='par_1_81' title="bbox 1988 3436 3575 3507">
     <span class='ocr_line' id='line_1_81' title="bbox 1988 3436 3575 3507; baseline 0.001 -15"><span class='ocrx_word' id='word_1_573' title='bbox 1988 3436 2212 3507; x_wconf 85' lang='lat' dir='ltr'><strong>scripsit</strong></span> <span class='ocrx_word' id='word_1_574' title='bbox 2254 3436 2552 3502; x_wconf 79' lang='lat' dir='ltr'><strong>Romanis;</strong></span> <span class='ocrx_word' id='word_1_575' title='bbox 2597 3436 2866 3490; x_wconf 87' lang='lat' dir='ltr'><strong>Gulielmo</strong></span> <span class='ocrx_word' id='word_1_576' title='bbox 2918 3445 3096 3490; x_wconf 85' lang='lat' dir='ltr'><strong>autem</strong></span> <span class='ocrx_word' id='word_1_577' title='bbox 3143 3440 3195 3491; x_wconf 91' lang='lat' dir='ltr'><strong>in</strong></span> <span class='ocrx_word' id='word_1_578' title='bbox 3245 3438 3360 3492; x_wconf 65' lang='lat' dir='ltr'><strong>hinc</strong></span> <span class='ocrx_word' id='word_1_579' title='bbox 3391 3439 3575 3494; x_wconf 86' lang='lat' dir='ltr'><strong>verba.</strong></span> 
     </span>
    </p>
   </div>
   <div class='ocr_carea' id='block_1_82' title="bbox 1996 3529 3582 3598">
    <p class='ocr_par' dir='ltr' id='par_1_82' title="bbox 1996 3529 3582 3598">
     <span class='ocr_line' id='line_1_82' title="bbox 1996 3529 3582 3598; baseline 0.004 -16"><span class='ocrx_word' id='word_1_580' title='bbox 1996 3548 2014 3582; x_wconf 80' lang='grc' dir='ltr'><strong>ι</strong></span> <span class='ocrx_word' id='word_1_581' title='bbox 2042 3529 2121 3585; x_wconf 80' lang='lat' dir='ltr'><strong>Ne</strong></span> <span class='ocrx_word' id='word_1_582' title='bbox 2149 3530 2317 3585; x_wconf 85' lang='lat' dir='ltr'><strong>latere</strong></span> <span class='ocrx_word' id='word_1_583' title='bbox 2345 3537 2444 3582; x_wconf 78' lang='lat' dir='ltr'><strong>nos</strong></span> <span class='ocrx_word' id='word_1_584' title='bbox 2477 3539 2652 3596; x_wconf 88' lang='lat' dir='ltr'><strong>putes,</strong></span> <span class='ocrx_word' id='word_1_585' title='bbox 2686 3544 2719 3582; x_wconf 90' lang='grc' dir='ltr'><strong>ο</strong></span> <span class='ocrx_word' id='word_1_586' title='bbox 2750 3543 3010 3598; x_wconf 74' lang='lat' dir='ltr'><strong>generose</strong></span> <span class='ocrx_word' id='word_1_587' title='bbox 3045 3529 3146 3592; x_wconf 84' lang='lat' dir='ltr'><strong>vir,</strong></span> <span class='ocrx_word' id='word_1_588' title='bbox 3177 3544 3435 3598; x_wconf 87' lang='lat' dir='ltr'><strong>quorsum</strong></span> <span class='ocrx_word' id='word_1_589' title='bbox 3464 3531 3582 3588; x_wconf 75' lang='lat' dir='ltr'><strong>lucc</strong></span> 
     </span>
    </p>
   </div>
   <div class='ocr_carea' id='block_1_83' title="bbox 1992 3618 3582 3692">
    <p class='ocr_par' dir='ltr' id='par_1_83' title="bbox 1992 3618 3582 3692">
     <span class='ocr_line' id='line_1_83' title="bbox 1992 3618 3582 3692; baseline -0.001 -13"><span class='ocrx_word' id='word_1_590' title='bbox 1992 3639 2021 3679; x_wconf 89' lang='lat' dir='ltr'><strong>a</strong></span> <span class='ocrx_word' id='word_1_591' title='bbox 2052 3618 2206 3678; x_wconf 80' lang='lat' dir='ltr'><strong>vobis</strong></span> <span class='ocrx_word' id='word_1_592' title='bbox 2237 3633 2540 3686; x_wconf 84' lang='lat' dir='ltr'><strong>struantur,</strong></span> <span class='ocrx_word' id='word_1_593' title='bbox 2580 3630 2634 3677; x_wconf 86' lang='lat' dir='ltr'><strong>et</strong></span> <span class='ocrx_word' id='word_1_594' title='bbox 2679 3630 2735 3674; x_wconf 93' lang='lat' dir='ltr'><strong>ut</strong></span> <span class='ocrx_word' id='word_1_595' title='bbox 2777 3623 2842 3675; x_wconf 87' lang='lat' dir='ltr'><strong>iis</strong></span> <span class='ocrx_word' id='word_1_596' title='bbox 2878 3636 2998 3690; x_wconf 77' lang='lat' dir='ltr'><strong>qua:</strong></span> <span class='ocrx_word' id='word_1_597' title='bbox 3031 3636 3127 3692; x_wconf 87' lang='lat' dir='ltr'><strong>per</strong></span> <span class='ocrx_word' id='word_1_598' title='bbox 3167 3623 3273 3676; x_wconf 72' lang='lat' dir='ltr'><strong>vim</strong></span> <span class='ocrx_word' id='word_1_599' title='bbox 3322 3624 3458 3678; x_wconf 73' lang='lat' dir='ltr'><strong>fiunt</strong></span> <span class='ocrx_word' id='word_1_600' title='bbox 3495 3625 3582 3679; x_wconf 81' lang='lat' dir='ltr'><strong>iu—</strong></span> 
     </span>
    </p>
   </div>
   <div class='ocr_carea' id='block_1_84' title="bbox 1993 3713 3579 3785">
    <p class='ocr_par' dir='ltr' id='par_1_84' title="bbox 1993 3713 3579 3785">
     <span class='ocr_line' id='line_1_84' title="bbox 1993 3713 3579 3785; baseline 0 -13"><span class='ocrx_word' id='word_1_601' title='bbox 1993 3717 2216 3784; x_wconf 75' lang='lat' dir='ltr'><strong>dulgere</strong></span> <span class='ocrx_word' id='word_1_602' title='bbox 2263 3715 2434 3769; x_wconf 80' lang='lat' dir='ltr'><strong>soleat</strong></span> <span class='ocrx_word' id='word_1_603' title='bbox 2478 3716 2797 3771; x_wconf 85' lang='lat' dir='ltr'><strong>necessitas.</strong></span> <span class='ocrx_word' id='word_1_604' title='bbox 2833 3713 3066 3769; x_wconf 83' lang='lat' dir='ltr'><strong>Proinde</strong></span> <span class='ocrx_word' id='word_1_605' title='bbox 3108 3731 3448 3785; x_wconf 86' lang='lat' dir='ltr'><strong>nequaquam</strong></span> <span class='ocrx_word' id='word_1_606' title='bbox 3483 3719 3579 3773; x_wconf 90' lang='lat' dir='ltr'><strong>tibi</strong></span> 
     </span>
    </p>
   </div>
   <div class='ocr_carea' id='block_1_85' title="bbox 1995 3806 3580 3878">
    <p class='ocr_par' dir='ltr' id='par_1_85' title="bbox 1995 3806 3580 3878">
     <span class='ocr_line' id='line_1_85' title="bbox 1995 3806 3580 3878; baseline 0.003 -18"><span class='ocrx_word' id='word_1_607' title='bbox 1995 3806 2278 3878; x_wconf 76' lang='lat' dir='ltr'><strong>profutura</strong></span> <span class='ocrx_word' id='word_1_608' title='bbox 2301 3816 2449 3869; x_wconf 83' lang='lat' dir='ltr'><strong>sunt,</strong></span> <span class='ocrx_word' id='word_1_609' title='bbox 2481 3823 2598 3876; x_wconf 76' lang='lat' dir='ltr'><strong>qua:</strong></span> <span class='ocrx_word' id='word_1_610' title='bbox 2627 3821 2657 3861; x_wconf 92' lang='lat' dir='ltr'><strong>a</strong></span> <span class='ocrx_word' id='word_1_611' title='bbox 2684 3807 2911 3875; x_wconf 85' lang='lat' dir='ltr'><strong>captivis</strong></span> <span class='ocrx_word' id='word_1_612' title='bbox 2944 3807 3052 3862; x_wconf 86' lang='lat' dir='ltr'><strong>illis</strong></span> <span class='ocrx_word' id='word_1_613' title='bbox 3079 3809 3208 3861; x_wconf 90' lang='lat' dir='ltr'><strong>viris</strong></span> <span class='ocrx_word' id='word_1_614' title='bbox 3237 3818 3580 3865; x_wconf 86' lang='lat' dir='ltr'><strong>sacramento</strong></span> 
     </span>
    </p>
   </div>
   <div class='ocr_carea' id='block_1_86' title="bbox 1998 3896 3580 3970">
    <p class='ocr_par' dir='ltr' id='par_1_86' title="bbox 1998 3896 3580 3970">
     <span class='ocr_line' id='line_1_86' title="bbox 1998 3896 3580 3970; baseline 0.001 -17"><span class='ocrx_word' id='word_1_615' title='bbox 1998 3901 2210 3953; x_wconf 83' lang='lat' dir='ltr'><strong>tirmata</strong></span> <span class='ocrx_word' id='word_1_616' title='bbox 2245 3908 2392 3954; x_wconf 87' lang='lat' dir='ltr'><strong>sunt.</strong></span> <span class='ocrx_word' id='word_1_617' title='bbox 2425 3896 2611 3968; x_wconf 86' lang='lat' dir='ltr'><strong>Neque</strong></span> <span class='ocrx_word' id='word_1_618' title='bbox 2634 3898 2775 3952; x_wconf 89' lang='lat' dir='ltr'><strong>enim</strong></span> <span class='ocrx_word' id='word_1_619' title='bbox 2806 3899 2873 3952; x_wconf 87' lang='lat' dir='ltr'><strong>ab</strong></span> <span class='ocrx_word' id='word_1_620' title='bbox 2903 3899 3220 3953; x_wconf 85' lang='lat' dir='ltr'><strong>incesseuda</strong></span> <span class='ocrx_word' id='word_1_621' title='bbox 3245 3898 3393 3953; x_wconf 85' lang='lat' dir='ltr'><strong>italia</strong></span> <span class='ocrx_word' id='word_1_622' title='bbox 3426 3901 3580 3970; x_wconf 82' lang='lat' dir='ltr'><strong>prius</strong></span> 
     </span>
    </p>
   </div>
   <div class='ocr_carea' id='block_1_87' title="bbox 1992 3990 3580 4058">
    <p class='ocr_par' dir='ltr' id='par_1_87' title="bbox 1992 3990 3580 4058">
     <span class='ocr_line' id='line_1_87' title="bbox 1992 3990 3580 4058; baseline -0.001 -11"><span class='ocrx_word' id='word_1_623' title='bbox 1992 3992 2262 4048; x_wconf 85' lang='lat' dir='ltr'><strong>desistent</strong></span> <span class='ocrx_word' id='word_1_624' title='bbox 2295 3991 2548 4055; x_wconf 74' lang='lat' dir='ltr'><strong>Romani,</strong></span> <span class='ocrx_word' id='word_1_625' title='bbox 2585 4005 2744 4058; x_wconf 87' lang='lat' dir='ltr'><strong>quam</strong></span> <span class='ocrx_word' id='word_1_626' title='bbox 2777 4000 2828 4044; x_wconf 90' lang='lat' dir='ltr'><strong>et</strong></span> <span class='ocrx_word' id='word_1_627' title='bbox 2853 3990 2994 4044; x_wconf 85' lang='lat' dir='ltr'><strong>illam</strong></span> <span class='ocrx_word' id='word_1_628' title='bbox 3024 4002 3076 4046; x_wconf 90' lang='lat' dir='ltr'><strong>et</strong></span> <span class='ocrx_word' id='word_1_629' title='bbox 3111 3991 3338 4044; x_wconf 84' lang='lat' dir='ltr'><strong>insulam</strong></span> <span class='ocrx_word' id='word_1_630' title='bbox 3365 3996 3580 4048; x_wconf 82' lang='lat' dir='ltr'><strong>univer-</strong></span> 
     </span>
    </p>
   </div>
   <div class='ocr_carea' id='block_1_88' title="bbox 1993 4081 3579 4152">
    <p class='ocr_par' dir='ltr' id='par_1_88' title="bbox 1993 4081 3579 4152">
     <span class='ocr_line' id='line_1_88' title="bbox 1993 4081 3579 4152; baseline -0.001 -13"><span class='ocrx_word' id='word_1_631' title='bbox 1993 4099 2132 4146; x_wconf 80' lang='lat' dir='ltr'><strong>sam,</strong></span> <span class='ocrx_word' id='word_1_632' title='bbox 2169 4093 2225 4136; x_wconf 92' lang='lat' dir='ltr'><strong>ut</strong></span> <span class='ocrx_word' id='word_1_633' title='bbox 2270 4083 2442 4150; x_wconf 84' lang='lat' dir='ltr'><strong>prius,</strong></span> <span class='ocrx_word' id='word_1_634' title='bbox 2495 4082 2743 4152; x_wconf 81' lang='lat' dir='ltr'><strong>potestati</strong></span> <span class='ocrx_word' id='word_1_635' title='bbox 2785 4093 2985 4135; x_wconf 77' lang='lat' dir='ltr'><strong>nostra:</strong></span> <span class='ocrx_word' id='word_1_636' title='bbox 3033 4081 3381 4149; x_wconf 69' lang='lat' dir='ltr'><strong>subiecerint.</strong></span> <span class='ocrx_word' id='word_1_637' title='bbox 3426 4101 3444 4133; x_wconf 81' lang='grc' dir='ltr'><strong>ι</strong></span> <span class='ocrx_word' id='word_1_638' title='bbox 3484 4083 3579 4138; x_wconf 88' lang='lat' dir='ltr'><strong>His</strong></span> 
     </span>
    </p>
   </div>
   <div class='ocr_carea' id='block_1_89' title="bbox 1998 4173 3576 4246">
    <p class='ocr_par' dir='ltr' id='par_1_89' title="bbox 1998 4173 3576 4246">
     <span class='ocr_line' id='line_1_89' title="bbox 1998 4173 3576 4246; baseline -0.001 -18"><span class='ocrx_word' id='word_1_639' title='bbox 1998 4175 2475 4246; x_wconf 89' lang='lat' dir='ltr'><strong>acceptislitteris,</strong></span> <span class='ocrx_word' id='word_1_640' title='bbox 2509 4175 2558 4226; x_wconf 92' lang='lat' dir='ltr'><strong>in</strong></span> <span class='ocrx_word' id='word_1_641' title='bbox 2581 4177 2717 4228; x_wconf 84' lang='lat' dir='ltr'><strong>hanc</strong></span> <span class='ocrx_word' id='word_1_642' title='bbox 2753 4173 2922 4227; x_wconf 80' lang='lat' dir='ltr'><strong>ferme</strong></span> <span class='ocrx_word' id='word_1_643' title='bbox 2956 4175 3277 4228; x_wconf 84' lang='lat' dir='ltr'><strong>sententiam</strong></span> <span class='ocrx_word' id='word_1_644' title='bbox 3304 4174 3576 4242; x_wconf 86' lang='lat' dir='ltr'><strong>rescripsit</strong></span> 
     </span>
    </p>
   </div>
   <div class='ocr_carea' id='block_1_90' title="bbox 1995 4265 3576 4334">
    <p class='ocr_par' dir='ltr' id='par_1_90' title="bbox 1995 4265 3576 4334">
     <span class='ocr_line' id='line_1_90' title="bbox 1995 4265 3576 4334; baseline -0.004 -10"><span class='ocrx_word' id='word_1_645' title='bbox 1995 4266 2319 4324; x_wconf 85' lang='lat' dir='ltr'><strong>Gulielmus.</strong></span> <span class='ocrx_word' id='word_1_646' title='bbox 2365 4284 2384 4318; x_wconf 78' lang='grc' dir='ltr'><strong>ι</strong></span> <span class='ocrx_word' id='word_1_647' title='bbox 2417 4267 2473 4322; x_wconf 85' lang='lat' dir='ltr'><strong>Si</strong></span> <span class='ocrx_word' id='word_1_648' title='bbox 2510 4266 2602 4320; x_wconf 89' lang='lat' dir='ltr'><strong>tibi</strong></span> <span class='ocrx_word' id='word_1_649' title='bbox 2639 4267 2690 4319; x_wconf 88' lang='lat' dir='ltr'><strong>in</strong></span> <span class='ocrx_word' id='word_1_650' title='bbox 2734 4266 2914 4319; x_wconf 89' lang='lat' dir='ltr'><strong>animo</strong></span> <span class='ocrx_word' id='word_1_651' title='bbox 2943 4274 3044 4327; x_wconf 89' lang='lat' dir='ltr'><strong>est,</strong></span> <span class='ocrx_word' id='word_1_652' title='bbox 3079 4267 3309 4319; x_wconf 82' lang='lat' dir='ltr'><strong>maxime</strong></span> <span class='ocrx_word' id='word_1_653' title='bbox 3341 4265 3576 4334; x_wconf 54' lang='lat' dir='ltr'><strong>impera.</strong></span> 
     </span>
    </p>
   </div>
   <div class='ocr_carea' id='block_1_91' title="bbox 2001 4357 3578 4428">
    <p class='ocr_par' dir='ltr' id='par_1_91' title="bbox 2001 4357 3578 4428">
     <span class='ocr_line' id='line_1_91' title="bbox 2001 4357 3578 4428; baseline -0.002 -15"><span class='ocrx_word' id='word_1_654' title='bbox 2001 4371 2105 4426; x_wconf 92' lang='lat' dir='ltr'><strong>tor,</strong></span> <span class='ocrx_word' id='word_1_655' title='bbox 2136 4373 2324 4428; x_wconf 56' lang='lat' dir='ltr'><strong>paruas</strong></span> <span class='ocrx_word' id='word_1_656' title='bbox 2358 4361 2597 4428; x_wconf 70' lang='lat' dir='ltr'><strong>iri-ngare</strong></span> <span class='ocrx_word' id='word_1_657' title='bbox 2644 4357 2800 4410; x_wconf 86' lang='lat' dir='ltr'><strong>nobis</strong></span> <span class='ocrx_word' id='word_1_658' title='bbox 2831 4360 2899 4412; x_wconf 93' lang='lat' dir='ltr'><strong>ob</strong></span> <span class='ocrx_word' id='word_1_659' title='bbox 2922 4372 2983 4410; x_wconf 86' lang='lat' dir='ltr'><strong>ca</strong></span> <span class='ocrx_word' id='word_1_660' title='bbox 3019 4371 3138 4424; x_wconf 71' lang='grc' dir='ltr'>(ιιιιε</span> <span class='ocrx_word' id='word_1_661' title='bbox 3175 4359 3438 4411; x_wconf 90' lang='lat' dir='ltr'><strong>adversus</strong></span> <span class='ocrx_word' id='word_1_662' title='bbox 3467 4373 3578 4410; x_wconf 84' lang='lat' dir='ltr'><strong>nia-</strong></span> 
     </span>
    </p>
   </div>
   <div class='ocr_carea' id='block_1_92' title="bbox 302 4448 1890 4524">
    <p class='ocr_par' dir='ltr' id='par_1_92' title="bbox 302 4448 1886 4523">
     <span class='ocr_line' id='line_1_92' title="bbox 302 4448 1886 4523; baseline -0.004 -20"><span class='ocrx_word' id='word_1_663' title='bbox 302 4453 624 4522; x_wconf 82' lang='grc' dir='ltr'>γράμματα</span> <span class='ocrx_word' id='word_1_664' title='bbox 646 4451 965 4522; x_wconf 77' lang='grc' dir='ltr'>ἀμείϐονται</span> <span class='ocrx_word' id='word_1_665' title='bbox 990 4448 1091 4506; x_wconf 80' lang='grc' dir='ltr'>ὦδε</span> <span class='ocrx_word' id='word_1_666' title='bbox 1118 4469 1133 4484; x_wconf 78' lang='grc' dir='ltr'><strong>ο</strong></span> <span class='ocrx_word' id='word_1_667' title='bbox 1164 4471 1182 4505; x_wconf 81' lang='grc' dir='ltr'><strong>ι</strong></span> <span class='ocrx_word' id='word_1_668' title='bbox 1204 4454 1268 4505; x_wconf 86' lang='grc' dir='ltr'>Εί</span> <span class='ocrx_word' id='word_1_669' title='bbox 1303 4452 1400 4522; x_wconf 78' lang='grc' dir='ltr'><strong>μὲν</strong></span> <span class='ocrx_word' id='word_1_670' title='bbox 1423 4453 1532 4504; x_wconf 83' lang='grc' dir='ltr'><strong>τῶν</strong></span> <span class='ocrx_word' id='word_1_671' title='bbox 1561 4453 1660 4523; x_wconf 67' lang='grc' dir='ltr'>ἤδη</span> <span class='ocrx_word' id='word_1_672' title='bbox 1698 4453 1886 4521; x_wconf 78' lang='grc' dir='ltr'>πρότε.</span> 
     </span>
    </p>
   </div>
   <div class='ocr_carea' id='block_1_93' title="bbox 1995 4448 3574 4524">
    <p class='ocr_par' dir='ltr' id='par_1_93' title="bbox 1997 4448 3574 4524">
     <span class='ocr_line' id='line_1_93' title="bbox 1997 4448 3574 4524; baseline -0.001 -19"><span class='ocrx_word' id='word_1_673' title='bbox 1997 4453 2246 4524; x_wconf 81' lang='lat' dir='ltr'><strong>jestaletn</strong></span> <span class='ocrx_word' id='word_1_674' title='bbox 2267 4459 2414 4503; x_wconf 87' lang='lat' dir='ltr'><strong>tuam</strong></span> <span class='ocrx_word' id='word_1_675' title='bbox 2443 4451 2672 4504; x_wconf 89' lang='lat' dir='ltr'><strong>antcbac</strong></span> <span class='ocrx_word' id='word_1_676' title='bbox 2695 4448 2853 4518; x_wconf 70' lang='grc'><strong>174</strong></span> <span class='ocrx_word' id='word_1_677' title='bbox 2877 4449 3268 4513; x_wconf 87' lang='lat' dir='ltr'><strong>commisimus,</strong></span> <span class='ocrx_word' id='word_1_678' title='bbox 3297 4448 3406 4515; x_wconf 86' lang='lat' dir='ltr'><strong>jam</strong></span> <span class='ocrx_word' id='word_1_679' title='bbox 3430 4458 3574 4503; x_wconf 80' lang='lat' dir='ltr'><strong>certe</strong></span> 
     </span>
    </p>
   </div>
   <div class='ocr_carea' id='block_1_94' title="bbox 306 4540 1890 4614">
    <p class='ocr_par' dir='ltr' id='par_1_94' title="bbox 306 4540 1890 4614">
     <span class='ocr_line' id='line_1_94' title="bbox 306 4540 1890 4614; baseline 0.003 -24"><span class='ocrx_word' id='word_1_680' title='bbox 306 4557 403 4608; x_wconf 80' lang='grc' dir='ltr'><strong>ρον</strong></span> <span class='ocrx_word' id='word_1_681' title='bbox 450 4543 510 4603; x_wconf 80' lang='grc' dir='ltr'>ἐς</span> <span class='ocrx_word' id='word_1_682' title='bbox 565 4541 628 4592; x_wconf 85' lang='grc' dir='ltr'>τὸ</span> <span class='ocrx_word' id='word_1_683' title='bbox 673 4540 876 4612; x_wconf 85' lang='grc' dir='ltr'>κράτος</span> <span class='ocrx_word' id='word_1_684' title='bbox 917 4542 1327 4614; x_wconf 74' lang='grc' dir='ltr'>ἡμαρτημένων</span> <span class='ocrx_word' id='word_1_685' title='bbox 1362 4543 1423 4595; x_wconf 85' lang='grc' dir='ltr'><strong>τὸ</strong></span> <span class='ocrx_word' id='word_1_686' title='bbox 1455 4547 1545 4595; x_wconf 71' lang='grc' dir='ltr'><strong>σον</strong></span> <span class='ocrx_word' id='word_1_687' title='bbox 1578 4543 1732 4607; x_wconf 81' lang='grc' dir='ltr'>δίκας</span> <span class='ocrx_word' id='word_1_688' title='bbox 1759 4546 1890 4613; x_wconf 79' lang='grc' dir='ltr'>ἡμῖν</span> 
     </span>
    </p>
   </div>
   <div class='ocr_carea' id='block_1_95' title="bbox 308 4630 1891 4707">
    <p class='ocr_par' dir='ltr' id='par_1_95' title="bbox 308 4630 1891 4707">
     <span class='ocr_line' id='line_1_95' title="bbox 308 4630 1891 4707; baseline 0.004 -25"><span class='ocrx_word' id='word_1_689' title='bbox 308 4630 618 4686; x_wconf 80' lang='grc' dir='ltr'>ἐπιτιθέναι</span> <span class='ocrx_word' id='word_1_690' title='bbox 645 4631 849 4702; x_wconf 78' lang='grc' dir='ltr'>βούλει,</span> <span class='ocrx_word' id='word_1_691' title='bbox 891 4637 1153 4705; x_wconf 81' lang='grc' dir='ltr'>κράτιστε</span> <span class='ocrx_word' id='word_1_692' title='bbox 1183 4635 1428 4706; x_wconf 81' lang='grc' dir='ltr'>βασιλεῦ,</span> <span class='ocrx_word' id='word_1_693' title='bbox 1473 4635 1616 4706; x_wconf 77' lang='grc' dir='ltr'>ἔχεις</span> <span class='ocrx_word' id='word_1_694' title='bbox 1649 4637 1750 4707; x_wconf 64' lang='grc' dir='ltr'><strong>Ιήδη</strong></span> <span class='ocrx_word' id='word_1_695' title='bbox 1799 4639 1891 4690; x_wconf 78' lang='grc' dir='ltr'><strong>καὶ</strong></span> 
     </span>
    </p>
   </div>
   <div class='ocr_carea' id='block_1_96' title="bbox 308 4725 1893 4798">
    <p class='ocr_par' dir='ltr' id='par_1_96' title="bbox 308 4725 1893 4798">
     <span class='ocr_line' id='line_1_96' title="bbox 308 4725 1893 4798; baseline 0.003 -21"><span class='ocrx_word' id='word_1_696' title='bbox 308 4725 454 4795; x_wconf 84' lang='grc' dir='ltr'>ὑπὲρ</span> <span class='ocrx_word' id='word_1_697' title='bbox 483 4725 511 4775; x_wconf 82' lang='grc' dir='ltr'>ὃ</span> <span class='ocrx_word' id='word_1_698' title='bbox 545 4726 716 4796; x_wconf 73' lang='grc' dir='ltr'>ἐχρῆν</span> <span class='ocrx_word' id='word_1_699' title='bbox 739 4725 982 4778; x_wconf 69' lang='grc' dir='ltr'>’Ἰταλίαν</span> <span class='ocrx_word' id='word_1_700' title='bbox 1007 4729 1302 4795; x_wconf 79' lang='grc' dir='ltr'>μετελθών.</span> <span class='ocrx_word' id='word_1_701' title='bbox 1339 4731 1528 4791; x_wconf 70' lang='grc' dir='ltr'>Πόλεις</span> <span class='ocrx_word' id='word_1_702' title='bbox 1557 4745 1615 4780; x_wconf 88' lang='grc' dir='ltr'><strong>τε</strong></span> <span class='ocrx_word' id='word_1_703' title='bbox 1642 4731 1748 4798; x_wconf 73' lang='grc' dir='ltr'><strong>γὰρ</strong></span> <span class='ocrx_word' id='word_1_704' title='bbox 1775 4747 1893 4798; x_wconf 72' lang='grc' dir='ltr'>τριο</span> 
     </span>
    </p>
   </div>
   <div class='ocr_carea' id='block_1_97' title="bbox 309 4817 1888 4890">
    <p class='ocr_par' dir='ltr' id='par_1_97' title="bbox 309 4817 1888 4890">
     <span class='ocr_line' id='line_1_97' title="bbox 309 4817 1888 4890; baseline 0.003 -23"><span class='ocrx_word' id='word_1_705' title='bbox 309 4818 551 4868; x_wconf 78' lang='grc' dir='ltr'>ακοείων</span> <span class='ocrx_word' id='word_1_706' title='bbox 592 4818 692 4868; x_wconf 79' lang='grc' dir='ltr'><strong>οὐκ</strong></span> <span class='ocrx_word' id='word_1_707' title='bbox 721 4817 978 4881; x_wconf 74' lang='grc' dir='ltr'>ἐλάττους</span> <span class='ocrx_word' id='word_1_708' title='bbox 1001 4818 1095 4870; x_wconf 71' lang='grc' dir='ltr'>ἐπὶ</span> <span class='ocrx_word' id='word_1_709' title='bbox 1123 4819 1298 4890; x_wconf 78' lang='grc' dir='ltr'>μέσης</span> <span class='ocrx_word' id='word_1_710' title='bbox 1329 4820 1500 4888; x_wconf 75' lang='grc' dir='ltr'>αὐτῆς</span> <span class='ocrx_word' id='word_1_711' title='bbox 1535 4823 1888 4888; x_wconf 74' lang='grc' dir='ltr'>παρεστήσω,</span> 
     </span>
    </p>
   </div>
   <div class='ocr_carea' id='block_1_98' title="bbox 307 4903 1891 4982">
    <p class='ocr_par' dir='ltr' id='par_1_98' title="bbox 307 4903 1891 4982">
     <span class='ocr_line' id='line_1_98' title="bbox 307 4903 1891 4982; baseline 0.004 -22"><span class='ocrx_word' id='word_1_712' title='bbox 307 4911 546 4978; x_wconf 78' lang='grc' dir='ltr'>πρᾶγμα</span> <span class='ocrx_word' id='word_1_713' title='bbox 581 4910 812 4973; x_wconf 85' lang='grc' dir='ltr'>παλαιὸς</span> <span class='ocrx_word' id='word_1_714' title='bbox 845 4910 906 4974; x_wconf 68' lang='grc' dir='ltr'><strong>εξ</strong></span> <span class='ocrx_word' id='word_1_715' title='bbox 935 4903 998 4963; x_wconf 77' lang='grc' dir='ltr'>οὗ</span> <span class='ocrx_word' id='word_1_716' title='bbox 1038 4913 1228 4981; x_wconf 79' lang='grc' dir='ltr'>χρόνος</span> <span class='ocrx_word' id='word_1_717' title='bbox 1255 4912 1353 4980; x_wconf 80' lang='grc' dir='ltr'>τὴν</span> <span class='ocrx_word' id='word_1_718' title='bbox 1397 4912 1688 4982; x_wconf 85' lang='grc' dir='ltr'>Ῥωμαίων</span> <span class='ocrx_word' id='word_1_719' title='bbox 1717 4914 1891 4982; x_wconf 67' lang='grc' dir='ltr'>ἀρχὴν</span> 
     </span>
    </p>
   </div>
   <div class='ocr_carea' id='block_1_99' title="bbox 307 5001 1891 5074">
    <p class='ocr_par' dir='ltr' id='par_1_99' title="bbox 307 5001 1891 5074">
     <span class='ocr_line' id='line_1_99' title="bbox 307 5001 1891 5074; baseline 0.003 -22"><span class='ocrx_word' id='word_1_720' title='bbox 307 5001 676 5064; x_wconf 78' lang='grc' dir='ltr'>ἑπιλελοιπὸς,</span> <span class='ocrx_word' id='word_1_721' title='bbox 703 5002 797 5054; x_wconf 72' lang='grc' dir='ltr'>καὶ</span> <span class='ocrx_word' id='word_1_722' title='bbox 830 5001 984 5065; x_wconf 82' lang='grc' dir='ltr'>κλέος</span> <span class='ocrx_word' id='word_1_723' title='bbox 1005 5004 1271 5074; x_wconf 79' lang='grc' dir='ltr'>ἀνεδήσω,</span> <span class='ocrx_word' id='word_1_724' title='bbox 1291 5003 1317 5055; x_wconf 75' lang='grc' dir='ltr'>ὅ</span> <span class='ocrx_word' id='word_1_725' title='bbox 1338 5005 1476 5072; x_wconf 85' lang='grc' dir='ltr'>μετὰ</span> <span class='ocrx_word' id='word_1_726' title='bbox 1516 5005 1891 5057; x_wconf 63' lang='grc' dir='ltr'>Ἰουστινιανζν</span> 
     </span>
    </p>
   </div>
   <div class='ocr_carea' id='block_1_100' title="bbox 308 5093 1892 5166">
    <p class='ocr_par' dir='ltr' id='par_1_100' title="bbox 308 5093 1892 5166">
     <span class='ocr_line' id='line_1_100' title="bbox 308 5093 1892 5166; baseline 0.003 -21"><span class='ocrx_word' id='word_1_727' title='bbox 308 5097 539 5162; x_wconf 77' lang='grc' dir='ltr'>ἀρχαῖον</span> <span class='ocrx_word' id='word_1_728' title='bbox 579 5093 872 5162; x_wconf 85' lang='grc' dir='ltr'>Ῥωμαίων</span> <span class='ocrx_word' id='word_1_729' title='bbox 902 5096 1283 5166; x_wconf 78' lang='grc' dir='ltr'>αὐτοκράτορα</span> <span class='ocrx_word' id='word_1_730' title='bbox 1333 5097 1507 5148; x_wconf 72' lang='grc' dir='ltr'>οὐδενὶ</span> <span class='ocrx_word' id='word_1_731' title='bbox 1568 5096 1676 5148; x_wconf 82' lang='grc' dir='ltr'>τῶν</span> <span class='ocrx_word' id='word_1_732' title='bbox 1717 5099 1892 5150; x_wconf 79' lang='grc' dir='ltr'>ἄλλων</span> 
     </span>
    </p>
   </div>
   <div class='ocr_carea' id='block_1_101' title="bbox 312 5186 1892 5260">
    <p class='ocr_par' dir='ltr' id='par_1_101' title="bbox 312 5186 1892 5260">
     <span class='ocr_line' id='line_1_101' title="bbox 312 5186 1892 5260; baseline 0.003 -22"><span class='ocrx_word' id='word_1_733' title='bbox 312 5187 580 5257; x_wconf 76' lang='grc' dir='ltr'>ὑπῆρξεν,</span> <span class='ocrx_word' id='word_1_734' title='bbox 599 5187 679 5238; x_wconf 78' lang='grc' dir='ltr'><strong>ὅτι</strong></span> <span class='ocrx_word' id='word_1_735' title='bbox 705 5188 791 5258; x_wconf 68' lang='grc' dir='ltr'><strong>[Ρ.</strong></span> <span class='ocrx_word' id='word_1_736' title='bbox 827 5186 944 5259; x_wconf 86' lang='grc'><strong>101]</strong></span> <span class='ocrx_word' id='word_1_737' title='bbox 961 5191 1034 5258; x_wconf 82' lang='grc' dir='ltr'>μὴ</span> <span class='ocrx_word' id='word_1_738' title='bbox 1056 5189 1130 5259; x_wconf 80' lang='grc' dir='ltr'><strong>τῷ</strong></span> <span class='ocrx_word' id='word_1_739' title='bbox 1161 5191 1352 5260; x_wconf 81' lang='grc' dir='ltr'>κράτε.</span> <span class='ocrx_word' id='word_1_740' title='bbox 1375 5189 1452 5259; x_wconf 78' lang='grc' dir='ltr'>τῷ</span> <span class='ocrx_word' id='word_1_741' title='bbox 1472 5189 1570 5260; x_wconf 81' lang='grc' dir='ltr'><strong>σῷ.</strong></span> <span class='ocrx_word' id='word_1_742' title='bbox 1610 5189 1892 5258; x_wconf 81' lang='grc' dir='ltr'>’Δξιοῦμεν</span> 
     </span>
    </p>
   </div>
   <div class='ocr_carea' id='block_1_102' title="bbox 310 5280 1892 5355">
    <p class='ocr_par' dir='ltr' id='par_1_102' title="bbox 310 5280 1892 5355">
     <span class='ocr_line' id='line_1_102' title="bbox 310 5280 1892 5355; baseline 0 -19"><span class='ocrx_word' id='word_1_743' title='bbox 310 5284 419 5352; x_wconf 75' lang='grc' dir='ltr'>γὰρ</span> <span class='ocrx_word' id='word_1_744' title='bbox 481 5280 704 5344; x_wconf 78' lang='grc' dir='ltr'>ἀντίθες</span> <span class='ocrx_word' id='word_1_745' title='bbox 765 5282 1022 5352; x_wconf 79' lang='grc' dir='ltr'>ἀγνόημα</span> <span class='ocrx_word' id='word_1_746' title='bbox 1068 5285 1130 5334; x_wconf 78' lang='grc' dir='ltr'>τὸ</span> <span class='ocrx_word' id='word_1_747' title='bbox 1170 5284 1323 5355; x_wconf 86' lang='grc' dir='ltr'>ἡμῶν</span> <span class='ocrx_word' id='word_1_748' title='bbox 1357 5284 1523 5354; x_wconf 78' lang='grc' dir='ltr'>(λέγω</span> <span class='ocrx_word' id='word_1_749' title='bbox 1555 5285 1620 5353; x_wconf 81' lang='grc' dir='ltr'><strong>δὴ</strong></span> <span class='ocrx_word' id='word_1_750' title='bbox 1655 5285 1892 5353; x_wconf 81' lang='grc' dir='ltr'>ὁπηνίκα</span> 
     </span>
    </p>
   </div>
   <div class='ocr_carea' id='block_1_103' title="bbox 315 5377 1891 5451">
    <p class='ocr_par' dir='ltr' id='par_1_103' title="bbox 315 5377 1891 5451">
     <span class='ocr_line' id='line_1_103' title="bbox 315 5377 1891 5451; baseline -0.001 -20"><span class='ocrx_word' id='word_1_751' title='bbox 315 5377 582 5448; x_wconf 77' lang='grc' dir='ltr'>Κόρινθόν</span> <span class='ocrx_word' id='word_1_752' title='bbox 638 5394 696 5429; x_wconf 88' lang='grc' dir='ltr'><strong>τε</strong></span> <span class='ocrx_word' id='word_1_753' title='bbox 754 5381 848 5430; x_wconf 69' lang='grc' dir='ltr'><strong>καὶ</strong></span> <span class='ocrx_word' id='word_1_754' title='bbox 903 5377 1136 5430; x_wconf 79' lang='grc' dir='ltr'>Εὗϐοιαν</span> <span class='ocrx_word' id='word_1_755' title='bbox 1176 5383 1575 5451; x_wconf 81' lang='grc' dir='ltr'>κατετρέχομεν</span> <span class='ocrx_word' id='word_1_756' title='bbox 1629 5380 1728 5451; x_wconf 83' lang='grc' dir='ltr'>τὴν</span> <span class='ocrx_word' id='word_1_757' title='bbox 1768 5378 1891 5450; x_wconf 79' lang='grc' dir='ltr'>σὴν)</span> 
     </span>
    </p>
   </div>
   <div class='ocr_carea' id='block_1_104' title="bbox 313 5469 1894 5544">
    <p class='ocr_par' dir='ltr' id='par_1_104' title="bbox 313 5469 1894 5544">
     <span class='ocr_line' id='line_1_104' title="bbox 313 5469 1894 5544; baseline 0.001 -20"><span class='ocrx_word' id='word_1_758' title='bbox 313 5474 409 5525; x_wconf 82' lang='grc' dir='ltr'>καὶ</span> <span class='ocrx_word' id='word_1_759' title='bbox 427 5472 528 5534; x_wconf 82' lang='grc' dir='ltr'><strong>τὰς</strong></span> <span class='ocrx_word' id='word_1_760' title='bbox 565 5469 857 5540; x_wconf 82' lang='grc' dir='ltr'>Ῥωμαίων</span> <span class='ocrx_word' id='word_1_761' title='bbox 908 5472 965 5524; x_wconf 82' lang='grc' dir='ltr'>ὲν</span> <span class='ocrx_word' id='word_1_762' title='bbox 996 5471 1200 5543; x_wconf 76' lang='grc' dir='ltr'>Ἰταλίᾳ.</span> <span class='ocrx_word' id='word_1_763' title='bbox 1230 5473 1410 5538; x_wconf 88' lang='grc' dir='ltr'>νίκας,</span> <span class='ocrx_word' id='word_1_764' title='bbox 1464 5473 1516 5527; x_wconf 77' lang='grc' dir='ltr'>οἶ</span> <span class='ocrx_word' id='word_1_765' title='bbox 1543 5473 1606 5544; x_wconf 81' lang='grc' dir='ltr'>δὴ</span> <span class='ocrx_word' id='word_1_766' title='bbox 1639 5472 1894 5526; x_wconf 82' lang='grc' dir='ltr'>τοσοῦτον</span> 
     </span>
    </p>
   </div>
   <div class='ocr_carea' id='block_1_105' title="bbox 313 5563 1892 5638">
    <p class='ocr_par' dir='ltr' id='par_1_105' title="bbox 313 5563 1892 5638">
     <span class='ocr_line' id='line_1_105' title="bbox 313 5563 1892 5638; baseline -0.003 -16"><span class='ocrx_word' id='word_1_767' title='bbox 313 5563 413 5634; x_wconf 67' lang='grc' dir='ltr'>ήδη</span> <span class='ocrx_word' id='word_1_768' title='bbox 452 5563 647 5633; x_wconf 55' lang='grc' dir='ltr'>χρόνον</span> <span class='ocrx_word' id='word_1_769' title='bbox 685 5564 879 5630; x_wconf 73' lang='grc' dir='ltr'>ἄγουσί</span> <span class='ocrx_word' id='word_1_770' title='bbox 911 5581 970 5618; x_wconf 89' lang='grc' dir='ltr'><strong>τε</strong></span> <span class='ocrx_word' id='word_1_771' title='bbox 1006 5567 1100 5618; x_wconf 72' lang='grc' dir='ltr'>καὶ</span> <span class='ocrx_word' id='word_1_772' title='bbox 1131 5567 1360 5638; x_wconf 84' lang='grc' dir='ltr'>φέρουσι</span> <span class='ocrx_word' id='word_1_773' title='bbox 1413 5569 1480 5620; x_wconf 79' lang='grc' dir='ltr'><strong>τα</strong></span> <span class='ocrx_word' id='word_1_774' title='bbox 1519 5565 1776 5629; x_wconf 77' lang='grc' dir='ltr'>ἐνταῦθα,</span> <span class='ocrx_word' id='word_1_775' title='bbox 1806 5565 1892 5618; x_wconf 74' lang='grc' dir='ltr'><strong>αἱ·</strong></span> 
     </span>
    </p>
   </div>
   <div class='ocr_carea' id='block_1_106' title="bbox 319 5656 1894 5729">
    <p class='ocr_par' dir='ltr' id='par_1_106' title="bbox 319 5656 1894 5729">
     <span class='ocr_line' id='line_1_106' title="bbox 319 5656 1894 5729; baseline 0 -21"><span class='ocrx_word' id='word_1_776' title='bbox 319 5656 504 5726; x_wconf 82' lang='grc' dir='ltr'>μάτων</span> <span class='ocrx_word' id='word_1_777' title='bbox 532 5657 655 5729; x_wconf 75' lang='grc' dir='ltr'>τρὶς</span> <span class='ocrx_word' id='word_1_778' title='bbox 682 5656 954 5709; x_wconf 88' lang='grc' dir='ltr'>τοσούτων</span> <span class='ocrx_word' id='word_1_779' title='bbox 993 5659 1196 5728; x_wconf 77' lang='grc' dir='ltr'>μᾶλλον</span> <span class='ocrx_word' id='word_1_780' title='bbox 1223 5659 1280 5711; x_wconf 75' lang='grc' dir='ltr'>δὲ</span> <span class='ocrx_word' id='word_1_781' title='bbox 1314 5659 1600 5719; x_wconf 80' lang='grc' dir='ltr'>πλεονάκις</span> <span class='ocrx_word' id='word_1_782' title='bbox 1621 5657 1894 5709; x_wconf 84' lang='grc' dir='ltr'>τοσούτων</span> 
     </span>
    </p>
   </div>
   <div class='ocr_carea' id='block_1_107' title="bbox 315 5746 1890 5821">
    <p class='ocr_par' dir='ltr' id='par_1_107' title="bbox 315 5746 1890 5821">
     <span class='ocr_line' id='line_1_107' title="bbox 315 5746 1890 5821; baseline -0.002 -17"><span class='ocrx_word' id='word_1_783' title='bbox 315 5746 412 5818; x_wconf 80' lang='grc' dir='ltr'><strong>τὴν</strong></span> <span class='ocrx_word' id='word_1_784' title='bbox 445 5748 575 5819; x_wconf 82' lang='grc' dir='ltr'>τῇδε</span> <span class='ocrx_word' id='word_1_785' title='bbox 631 5747 1022 5819; x_wconf 79' lang='grc' dir='ltr'>πληρώσαντες</span> <span class='ocrx_word' id='word_1_786' title='bbox 1065 5751 1191 5821; x_wconf 80' lang='grc' dir='ltr'>γῆν,</span> <span class='ocrx_word' id='word_1_787' title='bbox 1222 5752 1315 5804; x_wconf 78' lang='grc' dir='ltr'><strong>καὶ</strong></span> <span class='ocrx_word' id='word_1_788' title='bbox 1355 5751 1538 5813; x_wconf 73' lang='grc' dir='ltr'>πόλεις</span> <span class='ocrx_word' id='word_1_789' title='bbox 1569 5752 1630 5804; x_wconf 84' lang='grc' dir='ltr'>οὑ</span> <span class='ocrx_word' id='word_1_790' title='bbox 1666 5749 1890 5804; x_wconf 76' lang='grc' dir='ltr'>διασκυ-</span> 
     </span>
    </p>
   </div>
   <div class='ocr_carea' id='block_1_108' title="bbox 1999 4541 3575 4610">
    <p class='ocr_par' dir='ltr' id='par_1_108' title="bbox 1999 4541 3575 4610">
     <span class='ocr_line' id='line_1_108' title="bbox 1999 4541 3575 4610; baseline -0.003 -11"><span class='ocrx_word' id='word_1_791' title='bbox 1999 4542 2162 4599; x_wconf 88' lang='lat' dir='ltr'><strong>etiam</strong></span> <span class='ocrx_word' id='word_1_792' title='bbox 2195 4557 2356 4610; x_wconf 89' lang='lat' dir='ltr'><strong>supra</strong></span> <span class='ocrx_word' id='word_1_793' title='bbox 2391 4557 2548 4610; x_wconf 88' lang='lat' dir='ltr'><strong>quam</strong></span> <span class='ocrx_word' id='word_1_794' title='bbox 2586 4545 2825 4610; x_wconf 86' lang='lat' dir='ltr'><strong>oportuit</strong></span> <span class='ocrx_word' id='word_1_795' title='bbox 2862 4541 3062 4593; x_wconf 85' lang='lat' dir='ltr'><strong>Italiam</strong></span> <span class='ocrx_word' id='word_1_796' title='bbox 3100 4542 3242 4595; x_wconf 91' lang='lat' dir='ltr'><strong>ultus</strong></span> <span class='ocrx_word' id='word_1_797' title='bbox 3264 4555 3344 4596; x_wconf 89' lang='lat' dir='ltr'><strong>cs.</strong></span> <span class='ocrx_word' id='word_1_798' title='bbox 3372 4541 3575 4595; x_wconf 83' lang='lat' dir='ltr'><strong>Civita-</strong></span> 
     </span>
    </p>
   </div>
   <div class='ocr_carea' id='block_1_109' title="bbox 1999 4634 3574 4702">
    <p class='ocr_par' dir='ltr' id='par_1_109' title="bbox 1999 4634 3574 4702">
     <span class='ocr_line' id='line_1_109' title="bbox 1999 4634 3574 4702; baseline -0.004 -11"><span class='ocrx_word' id='word_1_799' title='bbox 1999 4647 2080 4691; x_wconf 91' lang='lat' dir='ltr'><strong>tes</strong></span> <span class='ocrx_word' id='word_1_800' title='bbox 2106 4637 2248 4690; x_wconf 87' lang='lat' dir='ltr'><strong>enim</strong></span> <span class='ocrx_word' id='word_1_801' title='bbox 2280 4637 2330 4688; x_wconf 91' lang='lat' dir='ltr'><strong>in</strong></span> <span class='ocrx_word' id='word_1_802' title='bbox 2370 4635 2541 4688; x_wconf 88' lang='lat' dir='ltr'><strong>media</strong></span> <span class='ocrx_word' id='word_1_803' title='bbox 2579 4635 2667 4686; x_wconf 88' lang='lat' dir='ltr'><strong>illa</strong></span> <span class='ocrx_word' id='word_1_804' title='bbox 2705 4649 2808 4686; x_wconf 78' lang='lat' dir='ltr'><strong>non</strong></span> <span class='ocrx_word' id='word_1_805' title='bbox 2863 4634 3039 4686; x_wconf 87' lang='lat' dir='ltr'><strong>minus</strong></span> <span class='ocrx_word' id='word_1_806' title='bbox 3091 4641 3360 4688; x_wconf 87' lang='lat' dir='ltr'><strong>trecentas</strong></span> <span class='ocrx_word' id='word_1_807' title='bbox 3404 4647 3574 4702; x_wconf 81' lang='lat' dir='ltr'><strong>expu-</strong></span> 
     </span>
    </p>
   </div>
   <div class='ocr_carea' id='block_1_110' title="bbox 2002 4723 3576 4801">
    <p class='ocr_par' dir='ltr' id='par_1_110' title="bbox 2002 4723 3576 4801">
     <span class='ocr_line' id='line_1_110' title="bbox 2002 4723 3576 4801; baseline -0.003 -19"><span class='ocrx_word' id='word_1_808' title='bbox 2002 4729 2201 4801; x_wconf 82' lang='lat' dir='ltr'><strong>gnasti,</strong></span> <span class='ocrx_word' id='word_1_809' title='bbox 2239 4729 2378 4798; x_wconf 89' lang='lat' dir='ltr'><strong>quod</strong></span> <span class='ocrx_word' id='word_1_810' title='bbox 2408 4727 2680 4796; x_wconf 87' lang='lat' dir='ltr'><strong>prioribus</strong></span> <span class='ocrx_word' id='word_1_811' title='bbox 2716 4726 2922 4794; x_wconf 88' lang='lat' dir='ltr'><strong>imperii</strong></span> <span class='ocrx_word' id='word_1_812' title='bbox 2967 4723 3082 4778; x_wconf 69' lang='lat' dir='ltr'><strong>lion</strong></span> <span class='ocrx_word' id='word_1_813' title='bbox 3108 4727 3195 4778; x_wconf 86' lang='lat' dir='ltr'><strong>ani</strong></span> <span class='ocrx_word' id='word_1_814' title='bbox 3249 4727 3576 4792; x_wconf 88' lang='lat' dir='ltr'><strong>temporibus</strong></span> 
     </span>
    </p>
   </div>
   <div class='ocr_carea' id='block_1_111' title="bbox 2000 4817 3572 4888">
    <p class='ocr_par' dir='ltr' id='par_1_111' title="bbox 2000 4817 3572 4888">
     <span class='ocr_line' id='line_1_111' title="bbox 2000 4817 3572 4888; baseline -0.004 -14"><span class='ocrx_word' id='word_1_815' title='bbox 2000 4834 2272 4888; x_wconf 89' lang='lat' dir='ltr'><strong>nunquam</strong></span> <span class='ocrx_word' id='word_1_816' title='bbox 2341 4820 2598 4871; x_wconf 85' lang='lat' dir='ltr'><strong>hactenus</strong></span> <span class='ocrx_word' id='word_1_817' title='bbox 2665 4817 2866 4870; x_wconf 82' lang='lat' dir='ltr'><strong>factum</strong></span> <span class='ocrx_word' id='word_1_818' title='bbox 2919 4831 2934 4870; x_wconf 88' lang='lat'><strong>:</strong></span> <span class='ocrx_word' id='word_1_819' title='bbox 2997 4817 3200 4886; x_wconf 78' lang='lat' dir='ltr'><strong>tibique</strong></span> <span class='ocrx_word' id='word_1_820' title='bbox 3253 4817 3572 4885; x_wconf 68' lang='lat' dir='ltr'><strong>comparasti</strong></span> 
     </span>
    </p>
   </div>
   <div class='ocr_carea' id='block_1_112' title="bbox 2000 4907 3576 4982">
    <p class='ocr_par' dir='ltr' id='par_1_112' title="bbox 2000 4907 3576 4982">
     <span class='ocr_line' id='line_1_112' title="bbox 2000 4907 3576 4982; baseline -0.001 -18"><span class='ocrx_word' id='word_1_821' title='bbox 2000 4913 2249 4982; x_wconf 80' lang='lat' dir='ltr'><strong>gloriam,</strong></span> <span class='ocrx_word' id='word_1_822' title='bbox 2281 4911 2455 4979; x_wconf 83' lang='lat' dir='ltr'><strong>qualis</strong></span> <span class='ocrx_word' id='word_1_823' title='bbox 2484 4919 2602 4979; x_wconf 88' lang='lat' dir='ltr'><strong>post</strong></span> <span class='ocrx_word' id='word_1_824' title='bbox 2632 4920 2862 4963; x_wconf 82' lang='lat' dir='ltr'><strong>veterem</strong></span> <span class='ocrx_word' id='word_1_825' title='bbox 2902 4909 3048 4963; x_wconf 89' lang='lat' dir='ltr'><strong>illttm</strong></span> <span class='ocrx_word' id='word_1_826' title='bbox 3075 4907 3434 4962; x_wconf 82' lang='lat' dir='ltr'><strong>Justinianum</strong></span> <span class='ocrx_word' id='word_1_827' title='bbox 3469 4910 3576 4962; x_wconf 69' lang='lat' dir='ltr'><strong>llo-</strong></span> 
     </span>
    </p>
   </div>
   <div class='ocr_carea' id='block_1_113' title="bbox 2002 5005 3577 5074">
    <p class='ocr_par' dir='ltr' id='par_1_113' title="bbox 2002 5005 3577 5074">
     <span class='ocr_line' id='line_1_113' title="bbox 2002 5005 3577 5074; baseline -0.005 -12"><span class='ocrx_word' id='word_1_828' title='bbox 2002 5023 2290 5062; x_wconf 87' lang='lat' dir='ltr'><strong>tnanorum</strong></span> <span class='ocrx_word' id='word_1_829' title='bbox 2343 5007 2726 5074; x_wconf 85' lang='lat' dir='ltr'><strong>imperatorem</strong></span> <span class='ocrx_word' id='word_1_830' title='bbox 2760 5005 2886 5056; x_wconf 92' lang='lat' dir='ltr'><strong>nulli</strong></span> <span class='ocrx_word' id='word_1_831' title='bbox 2918 5005 3034 5068; x_wconf 87' lang='lat' dir='ltr'><strong>alii,</strong></span> <span class='ocrx_word' id='word_1_832' title='bbox 3077 5012 3429 5072; x_wconf 72' lang='lat' dir='ltr'><strong>praeterquam</strong></span> <span class='ocrx_word' id='word_1_833' title='bbox 3465 5018 3577 5055; x_wconf 80' lang='lat' dir='ltr'><strong>nia-</strong></span> 
     </span>
    </p>
   </div>
   <div class='ocr_carea' id='block_1_114' title="bbox 1993 5094 3576 5168">
    <p class='ocr_par' dir='ltr' id='par_1_114' title="bbox 1993 5094 3576 5168">
     <span class='ocr_line' id='line_1_114' title="bbox 1993 5094 3576 5168; baseline -0.002 -15"><span class='ocrx_word' id='word_1_834' title='bbox 1993 5100 2178 5168; x_wconf 84' lang='lat' dir='ltr'><strong>jestati</strong></span> <span class='ocrx_word' id='word_1_835' title='bbox 2229 5111 2354 5163; x_wconf 60' lang='lat' dir='ltr'><strong>tum,</strong></span> <span class='ocrx_word' id='word_1_836' title='bbox 2402 5099 2648 5166; x_wconf 81' lang='lat' dir='ltr'><strong>contigit.</strong></span> <span class='ocrx_word' id='word_1_837' title='bbox 2677 5094 2875 5150; x_wconf 81' lang='lat' dir='ltr'><strong>Confer</strong></span> <span class='ocrx_word' id='word_1_838' title='bbox 2908 5097 3090 5166; x_wconf 78' lang='lat' dir='ltr'><strong>igitur,</strong></span> <span class='ocrx_word' id='word_1_839' title='bbox 3121 5099 3346 5150; x_wconf 87' lang='lat' dir='ltr'><strong>obsecro</strong></span> <span class='ocrx_word' id='word_1_840' title='bbox 3375 5105 3448 5162; x_wconf 80' lang='lat' dir='ltr'><strong>te,</strong></span> <span class='ocrx_word' id='word_1_841' title='bbox 3479 5096 3576 5150; x_wconf 87' lang='lat' dir='ltr'><strong>de-</strong></span> 
     </span>
    </p>
   </div>
   <div class='ocr_carea' id='block_1_115' title="bbox 1999 5187 3573 5252">
    <p class='ocr_par' dir='ltr' id='par_1_115' title="bbox 1999 5187 3573 5252">
     <span class='ocr_line' id='line_1_115' title="bbox 1999 5187 3573 5252; baseline -0.004 -6"><span class='ocrx_word' id='word_1_842' title='bbox 1999 5193 2186 5246; x_wconf 87' lang='lat' dir='ltr'><strong>lictum</strong></span> <span class='ocrx_word' id='word_1_843' title='bbox 2212 5198 2479 5252; x_wconf 84' lang='lat' dir='ltr'><strong>nostrum,</strong></span> <span class='ocrx_word' id='word_1_844' title='bbox 2503 5204 2626 5242; x_wconf 90' lang='lat' dir='ltr'><strong>cum</strong></span> <span class='ocrx_word' id='word_1_845' title='bbox 2649 5188 2906 5241; x_wconf 83' lang='lat' dir='ltr'><strong>nimirum</strong></span> <span class='ocrx_word' id='word_1_846' title='bbox 2937 5187 3253 5241; x_wconf 81' lang='lat' dir='ltr'><strong>Corinthum</strong></span> <span class='ocrx_word' id='word_1_847' title='bbox 3287 5189 3573 5242; x_wconf 69' lang='lat' dir='ltr'><strong>Eubmatll-</strong></span> 
     </span>
    </p>
   </div>
   <div class='ocr_carea' id='block_1_116' title="bbox 2001 5280 3574 5352">
    <p class='ocr_par' dir='ltr' id='par_1_116' title="bbox 2001 5280 3574 5352">
     <span class='ocr_line' id='line_1_116' title="bbox 2001 5280 3574 5352; baseline 0 -18"><span class='ocrx_word' id='word_1_848' title='bbox 2001 5299 2103 5352; x_wconf 86' lang='lat' dir='ltr'><strong>que</strong></span> <span class='ocrx_word' id='word_1_849' title='bbox 2132 5295 2274 5336; x_wconf 91' lang='lat' dir='ltr'><strong>tuam</strong></span> <span class='ocrx_word' id='word_1_850' title='bbox 2305 5281 2718 5344; x_wconf 84' lang='lat' dir='ltr'><strong>incursavimus,</strong></span> <span class='ocrx_word' id='word_1_851' title='bbox 2755 5289 2806 5334; x_wconf 89' lang='lat' dir='ltr'><strong>et</strong></span> <span class='ocrx_word' id='word_1_852' title='bbox 2838 5290 3019 5346; x_wconf 87' lang='lat' dir='ltr'><strong>partas</strong></span> <span class='ocrx_word' id='word_1_853' title='bbox 3053 5281 3102 5332; x_wconf 91' lang='lat' dir='ltr'><strong>in</strong></span> <span class='ocrx_word' id='word_1_854' title='bbox 3134 5281 3279 5332; x_wconf 88' lang='lat' dir='ltr'><strong>italia</strong></span> <span class='ocrx_word' id='word_1_855' title='bbox 3321 5280 3574 5334; x_wconf 77' lang='lat' dir='ltr'><strong>victorias</strong></span> 
     </span>
    </p>
   </div>
   <div class='ocr_carea' id='block_1_117' title="bbox 2002 5372 3576 5443">
    <p class='ocr_par' dir='ltr' id='par_1_117' title="bbox 2002 5372 3576 5443">
     <span class='ocr_line' id='line_1_117' title="bbox 2002 5372 3576 5443; baseline -0.004 -12"><span class='ocrx_word' id='word_1_856' title='bbox 2002 5393 2030 5431; x_wconf 84' lang='lat' dir='ltr'><strong>a</strong></span> <span class='ocrx_word' id='word_1_857' title='bbox 2067 5377 2346 5438; x_wconf 82' lang='lat' dir='ltr'><strong>Romanis,</strong></span> <span class='ocrx_word' id='word_1_858' title='bbox 2381 5376 2470 5442; x_wconf 88' lang='lat' dir='ltr'><strong>qui</strong></span> <span class='ocrx_word' id='word_1_859' title='bbox 2509 5374 2668 5443; x_wconf 77' lang='lat' dir='ltr'><strong>IOngo</strong></span> <span class='ocrx_word' id='word_1_860' title='bbox 2700 5372 2806 5426; x_wconf 89' lang='lat' dir='ltr'><strong>illic</strong></span> <span class='ocrx_word' id='word_1_861' title='bbox 2832 5373 2940 5439; x_wconf 82' lang='lat' dir='ltr'><strong>jam</strong></span> <span class='ocrx_word' id='word_1_862' title='bbox 2970 5386 3208 5440; x_wconf 86' lang='lat' dir='ltr'><strong>tempore</strong></span> <span class='ocrx_word' id='word_1_863' title='bbox 3237 5387 3576 5426; x_wconf 83' lang='lat' dir='ltr'><strong>commoran-</strong></span> 
     </span>
    </p>
   </div>
   <div class='ocr_carea' id='block_1_118' title="bbox 2003 5465 3573 5536">
    <p class='ocr_par' dir='ltr' id='par_1_118' title="bbox 2003 5465 3573 5536">
     <span class='ocr_line' id='line_1_118' title="bbox 2003 5465 3573 5536; baseline -0.006 -10"><span class='ocrx_word' id='word_1_864' title='bbox 2003 5483 2108 5536; x_wconf 88' lang='lat' dir='ltr'><strong>tur,</strong></span> <span class='ocrx_word' id='word_1_865' title='bbox 2137 5469 2426 5536; x_wconf 81' lang='lat' dir='ltr'><strong>ouiniaquc</strong></span> <span class='ocrx_word' id='word_1_866' title='bbox 2451 5467 2575 5520; x_wconf 88' lang='lat' dir='ltr'><strong>inde</strong></span> <span class='ocrx_word' id='word_1_867' title='bbox 2606 5466 2860 5519; x_wconf 70' lang='lat' dir='ltr'><strong>auferunt</strong></span> <span class='ocrx_word' id='word_1_868' title='bbox 2889 5467 3230 5535; x_wconf 85' lang='lat' dir='ltr'><strong>rapiuntque,</strong></span> <span class='ocrx_word' id='word_1_869' title='bbox 3261 5474 3314 5519; x_wconf 91' lang='lat' dir='ltr'><strong>et</strong></span> <span class='ocrx_word' id='word_1_870' title='bbox 3351 5465 3573 5535; x_wconf 77' lang='lat' dir='ltr'><strong>sangui-</strong></span> 
     </span>
    </p>
   </div>
   <div class='ocr_carea' id='block_1_119' title="bbox 2001 5556 3571 5629">
    <p class='ocr_par' dir='ltr' id='par_1_119' title="bbox 2001 5556 3571 5629">
     <span class='ocr_line' id='line_1_119' title="bbox 2001 5556 3571 5629; baseline -0.006 -11"><span class='ocrx_word' id='word_1_871' title='bbox 2001 5579 2091 5629; x_wconf 87' lang='lat' dir='ltr'><strong>ne,</strong></span> <span class='ocrx_word' id='word_1_872' title='bbox 2141 5563 2294 5614; x_wconf 85' lang='lat' dir='ltr'><strong>tertia</strong></span> <span class='ocrx_word' id='word_1_873' title='bbox 2347 5560 2464 5629; x_wconf 91' lang='lat' dir='ltr'><strong>plus</strong></span> <span class='ocrx_word' id='word_1_874' title='bbox 2506 5569 2676 5625; x_wconf 86' lang='lat' dir='ltr'><strong>parte,</strong></span> <span class='ocrx_word' id='word_1_875' title='bbox 2716 5557 2823 5610; x_wconf 88' lang='lat' dir='ltr'><strong>imo</strong></span> <span class='ocrx_word' id='word_1_876' title='bbox 2867 5556 3118 5623; x_wconf 87' lang='lat' dir='ltr'><strong>amplius,</strong></span> <span class='ocrx_word' id='word_1_877' title='bbox 3169 5569 3363 5610; x_wconf 82' lang='lat' dir='ltr'><strong>terrain</strong></span> <span class='ocrx_word' id='word_1_878' title='bbox 3413 5557 3571 5610; x_wconf 85' lang='lat' dir='ltr'><strong>istam</strong></span> 
     </span>
    </p>
   </div>
   <div class='ocr_carea' id='block_1_120' title="bbox 2003 5647 3569 5723">
    <p class='ocr_par' dir='ltr' id='par_1_120' title="bbox 2003 5647 3569 5723">
     <span class='ocr_line' id='line_1_120' title="bbox 2003 5647 3569 5723; baseline -0.007 -14"><span class='ocrx_word' id='word_1_879' title='bbox 2003 5656 2289 5723; x_wconf 83' lang='lat' dir='ltr'><strong>implerunt</strong></span> <span class='ocrx_word' id='word_1_880' title='bbox 2319 5667 2334 5716; x_wconf 87' lang='lat'><strong>;</strong></span> <span class='ocrx_word' id='word_1_881' title='bbox 2368 5653 2456 5718; x_wconf 86' lang='lat' dir='ltr'><strong>qui</strong></span> <span class='ocrx_word' id='word_1_882' title='bbox 2491 5653 2652 5703; x_wconf 74' lang='lat' dir='ltr'><strong>urbes</strong></span> <span class='ocrx_word' id='word_1_883' title='bbox 2677 5650 2906 5715; x_wconf 85' lang='lat' dir='ltr'><strong>denique</strong></span> <span class='ocrx_word' id='word_1_884' title='bbox 2935 5664 3037 5700; x_wconf 85' lang='grc' dir='ltr'>ιιοιι</span> <span class='ocrx_word' id='word_1_885' title='bbox 3068 5649 3363 5715; x_wconf 82' lang='lat' dir='ltr'><strong>spoliarunt</strong></span> <span class='ocrx_word' id='word_1_886' title='bbox 3390 5647 3569 5708; x_wconf 85' lang='lat' dir='ltr'><strong>modo,</strong></span> 
     </span>
    </p>
   </div>
   <div class='ocr_carea' id='block_1_121' title="bbox 2003 5740 3573 5806">
    <p class='ocr_par' dir='ltr' id='par_1_121' title="bbox 2003 5740 3573 5806">
     <span class='ocr_line' id='line_1_121' title="bbox 2003 5740 3573 5806; baseline -0.008 0"><span class='ocrx_word' id='word_1_887' title='bbox 2003 5751 2094 5806; x_wconf 85' lang='lat' dir='ltr'><strong>sed</strong></span> <span class='ocrx_word' id='word_1_888' title='bbox 2130 5761 2182 5803; x_wconf 82' lang='lat' dir='ltr'><strong>et</strong></span> <span class='ocrx_word' id='word_1_889' title='bbox 2209 5747 2425 5801; x_wconf 83' lang='lat' dir='ltr'><strong>easdem</strong></span> <span class='ocrx_word' id='word_1_890' title='bbox 2465 5742 2640 5798; x_wconf 85' lang='lat' dir='ltr'><strong>lcccre</strong></span> <span class='ocrx_word' id='word_1_891' title='bbox 2676 5742 2776 5797; x_wconf 89' lang='lat' dir='ltr'><strong>sibi</strong></span> <span class='ocrx_word' id='word_1_892' title='bbox 2809 5742 3090 5796; x_wconf 76' lang='lat' dir='ltr'><strong>obnoxias.</strong></span> <span class='ocrx_word' id='word_1_893' title='bbox 3126 5740 3314 5797; x_wconf 89' lang='lat' dir='ltr'><strong>Utrum</strong></span> <span class='ocrx_word' id='word_1_894' title='bbox 3360 5740 3451 5796; x_wconf 88' lang='lat' dir='ltr'><strong>tibi</strong></span> <span class='ocrx_word' id='word_1_895' title='bbox 3494 5740 3573 5794; x_wconf 82' lang='lat' dir='ltr'><strong>vi-</strong></span> 
     </span>
    </p>
   </div>
  </div>
