3960 6164
177 285 252 348 585
333 306 340 313 '

1312 270 1848 332 HISTORIARUM
1892 273 2036 332 LIB.
2080 275 2142 336 V.

3264 281 3372 344 586

175 417 217 450 re
235 395 394 466 χώραν
436 390 693 446 ἀπεδίδου
715 395 807 444 και
827 390 1173 461 παράκλησιν
1217 388 1461 457 προσῆγε
1495 384 1696 455 μηκέτι

1830 387 2054 457 ιιοῖιιοψε
2091 389 2229 443 bello
2275 389 2541 459 dirempto
2585 390 2638 443 in
2685 388 2958 444 Romanos
2999 404 3165 461 prope
3213 393 3369 446 rediit

173 490 382 558 Στεφάνῳ
423 486 566 539 κατὰ
595 487 693 555 τῆς
725 483 992 554 Οὑννικῆς
1023 483 1236 551 ἐφιέναι
1269 479 1585 550 στρατεύειν
1623 477 1699 546 τῷ

1803 479 1956 535 fines.
1994 479 2327 550 Stephanum
2356 492 2538 536 autem
2574 482 2818 538 hortatus
2854 490 2935 535 est
2965 482 3279 552 imperator,
3311 495 3369 538 ut

177 583 288 652 θείῳ.
313 580 378 633 Ἀ
391 595 493 648 περ
531 578 557 630 6
580 576 834 646 βασιλεὺς
864 574 1326 646 προσδεξάμενος,
1352 570 1446 623 τὸν
1469 571 1702 636 πόλεμον

1836 584 1852 624 ι
1884 574 1998 643 ipse
2029 574 2094 628 ab
2122 571 2392 643 linngaria
2425 575 2729 638 excederet,
2761 577 2935 644 utqui
2968 590 3156 630 revera
3187 577 3371 632 odium

172 673 300 734 λύσας
328 670 402 732 ὡς
437 671 532 721 ἐπὶ
573 669 672 737 τὴν
732 666 1022 738 Ῥωμαίων
1068 664 1376 735 μετεϐαινε,
1449 659 1704 729 Στεφάνῳ

172 783 216 818 τε
245 761 461 833 παρῄνει
503 759 956 815 ἀπαλλάσσεσθαι
1017 759 1118 828 ἤδη
1166 757 1261 824 τῆς
1307 755 1572 824 υὺννικῆς
1611 752 1705 804 καὶ

173 857 298 910 αῶτὺν
341 854 439 907 ἅτε
485 852 656 925 πείρᾳ⁴
702 851 944 922 μαθόντα
978 849 1039 903 τὸ
1086 851 1213 918 περὶ
1273 847 1436 925 αὑτδν
1482 844 1704 898 δύσνουν

172 949 252 1002 τῶν
279 923 593 1016 ὁμοφύλων.
633 923 874 997 ΫΠείθειν
920 942 962 995 δ’
988 943 1087 996 οὐκ
1119 941 1258 1012 ἔχων
1299 923 1392 992 τὸν
1417 937 1707 1007 ἄνθρωπον

174 1060 188 1091 ι
226 1038 344 1105 Ἐγὼ
384 1038 484 1108 μὲν
513 1078 527 1102 ,
567 1035 694 1106 ἔφη,
739 1035 938 1105 ἄπειμι
971 1034 1103 1104 ἧδη⁴
1145 1029 1555 1099 ἀνασωσαμένῳ
1597 1027 1707 1097 γὰρ

173 1150 239 1202 μοι
268 1133 352 1202 τὴν
380 1133 565 1202 χώραν
589 1131 668 1199 τῷ
698 1130 838 1202 Βελᾷ
887 1129 1066 1200 μάχης
1100 1129 1184 1182 ὅτι
1216 1127 1291 1198 μὴ
1325 1126 1515 1179 ἀδίκου
1550 1123 1708 1191 λόγος

168 1224 516 1276 ὑπολέλειπται
545 1221 721 1286 οὐδείς
742 1238 756 1253 ·
786 1221 850 1273 σὺ
877 1220 932 1273 δὲ
960 1221 1059 1273 οὐκ
1088 1221 1165 1282 είς
1191 1218 1408 1290 μακρὰν
1436 1219 1545 1272 ῐσθι
1571 1236 1710 1290 προ-

171 1312 508 1382 δοθησόμενος
563 1314 675 1376 τοῖς
723 1310 956 1382 ἐχθροῖς.
1013 1311 1073 1364 El
1117 1311 1295 1382 βούλει
1354 1311 1432 1374 δὲ,
1481 1313 1576 1365 καὶ
1629 1313 1710 1376 είς

163 1406 259 1474 ὄψιν
285 1405 405 1476 ἄρτι
435 1403 494 1456 τὸ
518 1401 756 1476 πρᾶγμά
779 1419 862 1455 σοι
887 1404 1232 1473 παραστήσω
1256 1403 1411 1455 Ἐττι
1439 1420 1522 1456 σοι
1553 1402 1709 1456 ἀδελ-

167 1497 316 1566 φιδοῦς
347 1497 630 1567 Στέφανος
668 1496 782 1566 (88)
815 1495 1056 1566 τοσούτῳ
1093 1496 1160 1547 τὰ
1190 1495 1266 1557 εἰς
1299 1498 1516 1566 μορφὴν
1544 1497 1712 1565 ἐμφε-

167 1592 265 1658 ρὴς,
292 1590 400 1658 ὅσῳ
422 1591 534 1651 τοῖς
559 1587 914 1657 ἀπεριέργως
949 1588 1007 1650 ὲς
1031 1587 1176 1657 ὑμᾶς
1206 1585 1373 1654 ὁρῶσι
1409 1586 1711 1658 πράγματα

167 1678 279 1734 εἶναι
329 1680 568 1751 θατέρου
620 1678 951 1747 διαιρεῖσθαι
1010 1677 1102 1730 τὸν
1141 1677 1350 1748 ἕτερον.
1404 1676 1606 1730 Τοῦτον
1643 1677 1708 1744 δὴ

164 1771 318 1835 ὅπλοις
370 1774 485 1834 τοῖς
527 1768 726 1823 σαδτοῦ
775 1770 1058 1839 κοσμήσας
1108 1767 1366 1821 κέλευσον
1418 1770 1479 1819 τὸ
1511 1767 1617 1821 ὑπό
1649 1785 1710 1819 σε

165 1861 545 1931 ἀναλαϐόμενον
572 1859 888 1931 στράτευμα
914 1860 1005 1912 ἐπὶ
1022 1861 1147 1922 τοὺς
1176 1858 1469 1929 πολεμίους
1492 1861 1711 1930 χωρεῖν.

164 1953 221 2005 Σὺ
255 1953 304 2005 δὲ
337 1950 578 2004 ἐνταῦθα
623 1968 726 2004 που
761 1948 1260 2020 κατακρυψάμενος
1309 1949 1505 2001 ἑαυτὸν
1534 1951 1714 2018 τήρει,

161 2052 236 2099 καὶ
289 2046 475 2116 γνώσῃ
524 2045 722 2099 αὐτίκα
786 2045 934 2107 ὅπως
986 2043 1117 2095 ποτέ
1169 2059 1251 2096 σοι
1315 2040 1716 2114 προσφέρονται

161 2132 344 2190 Οὖννοι.
369 2156 389 2188 ι
436 2137 496 2188 Ὀ
531 2135 632 2204 μὲν
662 2130 754 2188 οὖν
781 2133 1064 2203 σκαφίδιον
1089 2133 1262 2203 ἐμϐὰς
1297 2132 1425 2202 περί
1473 2149 1588 2185 που
1619 2132 1717 2194 τὰς

156 2229 234 2281 τοῦ
266 2230 484 2297 Ἴστρου
517 2226 796 2280 λανθάνων
833 2226 1090 2280 ἐσάλευεν
1131 2225 1318 2295 ὄχθας,
1351 2225 1378 2276 6
1407 2223 1462 2276 δὲ
1495 2223 1737 2292 ἁδελφι-·

159 2321 261 2383 δοῦς
301 2320 469 2374 αὑτοῦ
523 2321 793 2387 Στέφανος
836 2319 953 2388 ἅμα
987 2322 1100 2381 τοῖς
1130 2319 1261 2389 περὶ
1300 2317 1464 2370 αὑτὸν
1499 2315 1721 2380 υῦννοις

157 2414 394 2484 Στεφάνῳ
425 2411 503 2483 τῷ
547 2413 678 2483 ρηγὶ
719 2409 1214 2481 συμπλακήσεσθαι
1248 2408 1559 2484 ἠπείγετο.-
1581 2407 1721 2463 Ἀλλ’

157 2506 286 2558 οῧπω
315 2509 372 2569 ἐς
410 2506 607 2558 ταυτὸν
639 2503 888 2572 ἀλλήλοις
911 2503 1164 2570 ἐγένοντο
1202 2501 1268 2556 τὰ
1313 2481 1723 2573 στρατεύματα,

157 2601 236 2652 καὶ
269 2600 316 2650 οἱ
359 2599 458 2651 σὺν
499 2596 577 2667 τῷ
630 2597 887 2665 Στεφάνῳ
935 2592 1128 2648 Οὗννοι
1157 2596 1342 2666 χεῖρας
1376 2592 1726 2656 ὲπιόαλόντες

166 2690 300 2760 αὐτῷ
335 2691 411 2752 ὼς
446 2688 610 2741 αὑτὸν
637 2689 728 2740 τὸν
763 2686 1132 2758 πρεσὸύτερον
1165 2686 1439 2754 Στέφανον
1467 2685 1546 2754 τῷ
1595 2685 1726 2755 ρηἴὶ

155 2781 505 2851 παρετίθεσαν
544 2779 833 2850 φέροντες.
875 2779 998 2842 Τοῖς
1019 2779 1118 2850 μὲν
1141 2777 1363 2841 Οῠννοις
1396 2779 1429 2848 ἡ
1464 2777 1642 2846 πλάνη
1670 2778 1730 2829 ὲν

158 2872 276 2942 τῷδε
298 2873 577 2925 ἐτελεύταο
619 2871 874 2941 βασιλεὺς
902 2870 958 2924 δὲ
987 2869 1296 2939 πυθόμενος
1316 2867 1493 2922 ταῦτα
1524 2868 1730 2938 παραί“

155 2982 286 3018 νεσιν
336 2965 592 3033 Στεφάνῳ
624 2965 924 3033 προσῆγεν,
957 2981 976 3015 ι
1012 2962 1274 3033 Ἀπόχρη,
1318 2961 1514 3031 λέγων,
1542 2957 1586 3015 ὧ
1640 2962 1734 3017 ἄν·

1739 1740 1786 1798 Β

1801 678 1928 732 erga
1959 680 2018 719 se
2045 665 2582 738 indignationemque
2604 668 2988 722 contribulium
3016 680 3160 724 esset
3184 683 3372 738 exper-

1808 765 1914 808 tus.
1943 752 2047 808 Sed
2077 771 2198 809 cum
2229 756 2282 810 id
2311 755 2514 810 homini
2548 755 2874 826 persuadere
2902 757 3040 810 haud
3069 757 3328 824 potuisset
3355 774 3368 811 :

1806 847 1918 917 Ego
1957 847 2197 917 quidem,
2231 847 2428 917 inquit,
2463 863 2605 902 nunc
2645 851 2868 916 recedo;
2913 848 3036 902 Beia
3077 849 3275 918 quippe
3319 850 3370 902 in

1808 943 2072 1012 integrum
2129 943 2412 1006 restituto,
2453 941 2597 995 nulla
2643 942 2768 996 mihi
2819 941 3052 1012 amplius
3097 943 3218 997 belli
3271 943 3374 997 nisi

1807 1033 1991 1103 injusti
2028 1035 2163 1089 ratio
2196 1033 2539 1103 relinquitur.
2567 1031 2646 1086 Tu
2679 1049 2806 1088 vero
2839 1050 2935 1104 pro
2968 1047 3118 1089 certo
3151 1037 3292 1090 scias
3325 1045 3375 1090 ιε

1810 1127 1956 1179 brevi
1995 1125 2229 1181 inimicis
2265 1126 2373 1181 tttis
2409 1127 2742 1194 prodendum
2779 1142 2928 1190 case;
2968 1139 3016 1180 et
3056 1133 3098 1182 si
3138 1126 3373 1191 videtur,

1809 1218 2079 1287 quomodo
2110 1218 2161 1271 id
2190 1217 2436 1272 futurum
2469 1217 2538 1272 sit
2563 1217 2864 1272 ostendam.
2897 1217 3085 1272 Et.tibi
3119 1233 3183 1273 ex
3212 1219 3377 1273 fratre

1812 1325 1976 1378 nepos
2023 1311 2350 1381 Stephanus,
2388 1313 2522 1366 adeo
2560 1310 2705 1363 vultu
2745 1319 2798 1366 et
2838 1310 3000 1381 225
3041 1310 3379 1367 lineamentis

1815 1400 1916 1454 tibi
1953 1401 2168 1462 similis,
2202 1410 2258 1454 ut
2292 1401 2395 1455 nisi
2431 1410 2636 1457 attente
2671 1402 2960 1456 admodum
2995 1418 3092 1457 vos
3123 1403 3381 1458 intuenti-

1816 1497 1914 1548 bus
1954 1494 2097 1548 haud
2143 1492 2297 1548 facile
2343 1495 2414 1548 sit
2454 1495 2680 1547 alterum
2726 1494 2793 1547 ab
2840 1493 3008 1547 altero
3047 1492 3379 1548 discernere.

1815 1586 1972 1642 Hunc
2001 1587 2108 1642 tuis
2139 1586 2385 1641 indutum
2419 1588 2584 1640 armis
2611 1585 2741 1654 jube
2777 1597 2865 1640 tuo
2898 1601 3017 1639 cum
3056 1584 3292 1640 exercitu
3327 1586 3381 1640 in

1819 1683 2023 1735 hostem
2061 1679 2140 1733 ire
2178 1696 2192 1733 :
2233 1689 2287 1734 tu
2319 1693 2447 1733 vero
2485 1679 2687 1734 interea
2725 1687 2776 1733 te
2810 1680 2862 1733 in
2896 1678 3110 1733 occulto
3148 1686 3298 1743 lene,
3330 1690 3384 1732 et

1817 1786 2008 1827 nosces
2035 1771 2292 1826 continuo
2318 1770 2492 1840 qualis
2522 1773 2591 1826 sit
2615 1787 2738 1841 erga
2772 1783 2823 1826 te
2851 1769 3227 1840 Hungarorum
3256 1769 3387 1824 atre-

1815 1874 1957 1920 ctus.
2002 1883 2019 1916 ι
2072 1863 2166 1919 ille
2210 1863 2376 1934 igitur
2423 1862 2677 1932 scapham
2721 1862 3016 1933 ingressus,
3055 1863 3192 1916 clam
3240 1862 3386 1918 circa

1817 1960 1941 2016 lstri
1978 1959 2125 2028 ripas
2157 1956 2449 2026 obnavigat
2484 1973 2498 2008 :
2543 1956 2745 2011 interea
2779 1959 2902 2010 dum
2939 1955 3084 2010 illius
3118 1972 3187 2011 ex
3219 1954 3387 2010 fratre

1820 2065 1988 2119 nepos
2051 2047 2357 2117 Stephanus
2414 2061 2537 2101 cum
2592 2045 2915 2116 Huugaricis
2970 2062 3102 2115 quas
3156 2046 3389 2102 habebat

1823 2141 1994 2208 copiis
2027 2155 2148 2193 cum
2183 2153 2309 2208 rege
2342 2137 2616 2207 Stephano
2649 2136 2891 2205 praelium
2927 2133 3161 2191 initurus
3197 2137 3390 2206 depro-

1824 2241 1993 2303 perat.
2025 2231 2127 2287 Sed
2157 2231 2393 2286 nondum
2426 2232 2663 2286 coiverat
2695 2239 2920 2299 uterque
2947 2229 3239 2294 exercitus,
3266 2245 3388 2286 cum

1825 2324 1916 2394 qui
1965 2323 2298 2394 Stephanum
2349 2323 2744 2378 comitabantur
2787 2319 3058 2393 Ilungari,
3095 2335 3288 2376 manus
3335 2320 3392 2374 in

1825 2415 1973 2470 illum
2027 2415 2308 2485 injiciunt,
2345 2424 2400 2471 et
2447 2423 2702 2486 tanquam
2752 2423 2896 2468 esset
2944 2411 3253 2482 Stephanus
3303 2411 3395 2466 ilio

1826 2509 2042 2573 senior,
2092 2522 2275 2562 coram
2331 2521 2455 2576 rege
2507 2521 2631 2560 eum
2679 2505 2901 2559 sistunt.
2948 2504 3005 2570 in
3065 2506 3131 2560 iis
3177 2504 3395 2574 quidem

1828 2601 2206 2668 Hungarorum
2259 2612 2414 2654 error
2461 2597 2642 2652 desiit.
2687 2596 2976 2666 Postquam
3031 2613 3093 2652 ea
3145 2596 3398 2666 princeps

1830 2691 2124 2757 intellexit,
2157 2690 2352 2745 iterum
2400 2673 2684 2743 admonuit
2727 2688 3057 2757 Stephanum
3108 2704 3124 2743 :
3179 2704 3198 2740 ι
3247 2687 3399 2742 Nunc

1834 2785 2072 2851 tandem,
2102 2783 2374 2854 inquiens,
2403 2781 2619 2848 suﬂicit,
2650 2781 2723 2836 mi
2754 2784 2935 2838 homo.
2965 2780 3035 2837 Ut
3063 2782 3205 2836 enim
3237 2782 3402 2837 rebus

1831 2895 1890 2935 se
1919 2879 2173 2935 intricare
2203 2893 2308 2932 non
2341 2875 2664 2931 necessariis
2692 2875 3074 2946 periculosum,
3104 2875 3174 2928 ita
3207 2875 3403 2929 intem-

1833 2973 2038 3043 pestiva
2071 2969 2288 3041 aggredi
2320 2968 2545 3025 stultum
2575 2978 2681 3023 est.
2715 2968 2851 3022 Ecce
2878 2967 2988 3035 jam
3025 2968 3108 3021 bis
3140 2966 3398 3031 didicisti,

153 3054 350 3124 θρωπε.
393 3055 482 3118 Ὠς
513 3055 622 3126 γὰρ
647 3054 720 3124 τῷ
752 3053 840 3126 [Ρ.
862 3053 986 3126 ιδι]
1038 3053 1113 3125 μὴ
1150 3055 1378 3109 ὲνδέοντι
1412 3054 1726 3108 ἀναπίπτειν

1835 3075 2036 3139 quanta
2064 3065 2158 3120 tibi
2187 3062 2601 3132 unumquodque
2626 3076 2691 3115 ex
2722 3060 2787 3114 iis
2816 3060 3081 3130 paraverit
3113 3059 3254 3113 mala
3288 3074 3304 3112 :
3335 3073 3403 3113 no

152 3148 459 3218 ἐπισφαλὲς,
495 3150 634 3202 οὕτω
675 3148 739 3219 δὴ
782 3147 844 3202 τὸ
891 3147 1232 3219 παρακαίρια
1263 3147 1469 3219 τολμᾷν
1500 3148 1730 3219 ἀμαθές.

169 3240 286 3296 Ἰδοὺ
342 3242 425 3305 δὶς
494 3241 640 3311 ἔχεις
698 3241 885 3311 μαθὼν
918 3241 1092 3294 ὁπόσα
1129 3257 1211 3293 σοι
1236 3241 1297 3293 τὸ
1340 3241 1466 3294 καθ’
1495 3241 1732 3295 ἕκαστον

153 3334 516 3405 προύξένησεν
557 3333 658 3404 ήδη
708 3332 880 3390 κακά.
917 3331 1010 3402 Μὴ
1049 3333 1144 3386 καὶ
1176 3331 1368 3403 τρίτην
1407 3333 1731 3405 ἀναμείνῃς,

153 3419 192 3477 ὢ
219 3426 486 3495 βέλτιστε,
534 3428 754 3495 πεῖραν.
802 3424 958 3495 Τάχα
991 3423 1100 3495 γὰρ
1137 3423 1258 3476 οὐδὲ
1283 3423 1624 3490 διορθοῦσθαι
1652 3441 1732 3477 σοι

156 3514 460 3588 βουλομένῳ
483 3518 754 3572 ἐνέσται.»
777 3515 1039 3580 Βασιλεὺς
1072 3517 1170 3588 μὲν
1187 3515 1423 3570 τοσαῦτα
1451 3516 1637 3585 ἔλεγεν
1660 3532 1673 3546 ·
1705 3520 1734 3571 6

147 3609 224 3673 δὲ,
248 3626 268 3659 ι
295 3610 409 3664 Νῦν
437 3608 658 3679 μᾶλλον,
681 3605 854 3674 εἶπεν,
893 3608 1202 3662 αἰδέσονται
1234 3625 1302 3678 με
1337 3607 1546 3675 Οὗννοι,
1571 3608 1731 3661 ὁπότε

161 3702 608 3774 κακουργοῦντες
646 3703 749 3773 ἤδη
777 3701 1185 3773 πεφώρανται.»
1256 3699 1411 3754 Οὕτω
1446 3701 1590 3772 ψυχὴ
1636 3719 1736 3754 κα..

155 3794 337 3862 θὰπαξ
375 3796 694 3866 ἐπιθυμίαις
743 3796 947 3850 ἁλοῦσα
994 3796 1170 3849 πάντα
1222 3795 1379 3863 λόγον
1435 3798 1516 3860 εἰς
1559 3795 1736 3860 αὑτὰς

159 3892 452 3962 μεταφέρει
483 3891 580 3945 καὶ
612 3889 882 3961 βιάζεται.
931 3889 1049 3959 Ἐφ’
1103 3885 1185 3952 οἷς
1221 3889 1542 3960 ἀπειρηκὼς
1585 3892 1736 3959 βασι-

153 3983 275 4048 λεὺς
301 3982 612 4055 Νικηφόρον
644 3984 742 4054 μὲν
763 3983 853 4038 τὸν
879 3981 1174 4054 Χαλούφην
1208 3984 1376 4036 αὐτοῦ
1405 3983 1587 4035 ἔλιπεν
1620 3983 1736 4052 ἅμα

162 4076 560 4147 στρατεύματι,
601 4074 1094 4145 συμπαρεσόμενόν
1152 4092 1212 4127 τε
1246 4073 1325 4144 τῷ
1354 4074 1610 4144 Στεφάνῳ
1640 4076 1738 4128 καὶ

160 4170 223 4221 τὰ
252 4169 684 4238 παραπίπτοντα
725 4168 1260 4236 συνδιοικησόμενον.
1310 4167 1369 4220 Ὀ
1415 4167 1470 4219 δὲ
1511 4167 1602 4219 ἐπὶ
1639 4167 1738 4236 τὴν

167 4254 457 4326 Ῥωμαίων
488 4250 676 4328 ἦλθεν.
713 4255 788 4308 Οὐ
826 4255 960 4308 πολὺ
1007 4256 1067 4308 τὸ
1104 4256 1329 4324 μεταξὺ,
1367 4258 1460 4308 καὶ
1494 4256 1737 4327 πυθόμε-

157 4362 246 4409 νος
271 4348 301 4398 ὁ
346 4347 450 4400 τῶν
466 4346 687 4401 Οῠννων
720 4346 820 4418 ρὴξ
849 4346 941 4400 ἐπὶ
973 4347 1240 4416 Οὑννικῆς
1269 4348 1540 4417 Στέφανον
1569 4349 1736 4402 είσέτι

1835 3170 1887 3216 et
1921 3158 2102 3228 tertio,
2130 3157 2271 3212 bone
2298 3156 2403 3219 vir,
2438 3153 2616 3209 facere
2650 3153 2949 3222 periculum
2986 3150 3118 3206 velis
3155 3168 3169 3205 :
3207 3148 3404 3204 fortaso

1835 3253 1912 3309 sis
1939 3249 2084 3305 enim
2117 3241 2469 3304 emendanda:
2504 3243 2673 3314 culpae
2703 3241 2928 3299 facultas
2961 3257 3064 3295 non
3099 3242 3340 3296 daretur.
3376 3259 3394 3292 ι

1837 3338 1960 3394 Haec
1987 3336 2203 3408 quidem
2237 3335 2560 3405 imperator;
2594 3334 2682 3389 ille
2706 3349 2832 3387 vero
2865 3348 2878 3384 :
2913 3351 2932 3383 ‹
2965 3332 3032 3386 At
3065 3347 3204 3387 nunc
3233 3333 3405 3388 multo

1837 3432 2030 3502 magis,
2067 3430 2264 3500 inquit,
2298 3445 2383 3484 me
2415 3431 2804 3483 reverebuntur
2831 3425 3090 3496 Hungari,
3119 3424 3244 3494 quia
3283 3441 3405 3497 per-

1839 3539 2022 3593 peram
2067 3523 2247 3593 egisse
2284 3519 2603 3589 deprehensi
2651 3527 2800 3574 sunt.
2840 3537 2859 3570 ι
2909 3518 2985 3572 ita
3030 3518 3204 3572 victus
3240 3519 3410 3572 seme.‘

1837 3617 2220 3686 cupiditatibus
2266 3615 2480 3669 animus
2521 3627 2712 3669 omnes
2754 3627 2820 3669 eo
2866 3612 3126 3668 transfert
3165 3611 3406 3682 rapitque

1837 3711 2211 3780 Cogitationes.
2244 3707 2538 3777 imperator
2561 3707 2724 3775 igitur
2749 3706 3024 3760 hominem
3049 3702 3408 3774 persuadendi

1839 3820 1990 3873 Spem
2054 3815 2272 3856 omnem
2332 3799 2591 3868 abjicieus
2653 3797 3014 3868 Nicephorum
3079 3797 3408 3868 Chaluphem

1838 3894 2002 3965 226
2031 3893 2103 3947 ibi
2134 3909 2254 3947 cum
2290 3891 2527 3946 exercitu
2562 3889 2833 3960 relinquit,
2861 3898 2916 3943 ut
2949 3890 3226 3957 Stephano
3257 3891 3407 3944 ades-

1839 3999 1943 4052 set,
1978 3997 2030 4041 et
2071 3993 2232 4054 prout
2275 4000 2360 4039 res
2407 3983 2744 4054 postularent
2781 3982 2990 4052 negotia
3033 3997 3136 4035 una
3179 3997 3301 4035 cum
3347 3998 3411 4036 co

1839 4079 2139 4149 expediret.
2171 4076 2292 4147 ipse
2335 4077 2548 4130 interim
2589 4076 2641 4128 in
2677 4075 2809 4132 fines
2842 4074 3207 4155 Rornanorum
3241 4075 3410 4129 venit.

1839 4167 1956 4221 Non
2021 4167 2190 4221 multo
2253 4176 2407 4235 post,
2464 4164 2552 4218 ubi
2620 4165 2827 4234 accepit
2885 4162 3260 4232 Hungarorum
3318 4179 3410 4218 rex

1843 4261 2181 4332 Stephanum
2227 4257 2404 4313 adhuc
2447 4257 2502 4312 in
2547 4254 2820 4328 Hungaria
2866 4256 3088 4323 morari,
3122 4257 3412 4327 majoribus

1838 4352 2137 4409 contractis
2177 4351 2372 4421 copiis,
2410 4365 2523 4406 rem
2573 4360 2739 4406 totam
2780 4350 2918 4405 bello
2963 4351 3256 4406 decernere
3299 4361 3415 4406 sta-

159 4437 445 4511 διατριὸὴν
489 4439 786 4507 ποιεῖσθαι,
827 4440 1084 4510 δυνάμεις
1128 4439 1207 4493 ἔτι
1254 4441 1455 4511 μᾶλλον
1503 4441 1726 4511 ἀγείρας

1845 4446 1968 4501 tuit.
2004 4446 2211 4499 Interea
2247 4443 2432 4498 multis
2465 4443 2664 4511 ubique
2691 4444 2756 4497 de
2787 4441 3046 4512 Stephani
3081 4444 3319 4498 exercitu
3349 4444 3414 4495 ad

162 4528 387 4599 πολέμῳ
405 4531 465 4583 τὸ
486 4533 592 4584 πᾶν
612 4531 884 4600 διακρῖναι
902 4531 1175 4600 ἠπείγετο.
1216 4530 1304 4584 Ἐν
1334 4532 1390 4584 δὲ
1412 4532 1584 4602 τούτῳ
1609 4530 1738 4585 πολ-

163 4620 242 4672 λοὶ
291 4620 403 4674 τῶν
445 4623 542 4676 σὺν
580 4622 838 4692 Στεφάνῳ
869 4624 962 4675 ἐπὶ
1022 4623 1111 4677 τὸν
1163 4624 1309 4695 ρἧα
1376 4624 1734 4694 μετατιθέμε-

163 4729 242 4764 νοι
290 4712 545 4780 ἑκάστοτε
600 4713 885 4783 ψιλοῦσθαι
931 4715 1118 4768 τοῦτον
1147 4717 1384 4770 ἐποίουν.
1426 4717 1490 4769 ’⁸0
1516 4717 1674 4785 γνοὺς
1709 4715 1738 4767 6

167 4805 454 4877 Χαλούφης
477 4806 674 4878 βουλὴν
705 4810 980 4878 προσῆγεν
1008 4809 1157 4879 αὑτῷ
1183 4808 1280 4877 τῆς
1301 4810 1567 4879 Οὑννικῆς
1604 4812 1738 4862 ἁποο

168 4899 417 4969 σχομένῳ
450 4903 541 4953 ἐπὶ
601 4899 824 4972 Σίρμιον
855 4902 1171 4970 ἀφικέσθαι.
1203 4904 1314 4974 Τῆς
1365 4906 1475 4972 γὰρ
1503 4903 1735 4957 ἐνταῦθα

169 4990 359 5061 χώρας
385 4992 481 5046 ὑπὸ
507 4994 715 5065 βασιλεί
748 4995 1010 5064 κειμένης
1039 4995 1244 5058 ἐξεῖναι
1280 4996 1430 5067 αὐτῷ
1449 4995 1599 5064 ἔλεγε
1625 4996 1742 5048 κατ’

169 5083 416 5148 ἐξουσίαν
430 5081 507 5150 οἷς
524 5086 589 5140 ἂν
608 5085 850 5156 βούλοιτο
863 5088 1154 5156 ἐγχειρεῖν.
1183 5086 1269 5151 Ὠς
1286 5088 1330 5141 δ’
1353 5089 1471 5158 ξσχυ
1483 5089 1586 5157 pd);
1608 5089 1749 5141 ἐκεῖ·

170 5190 264 5239 νος
282 5177 552 5246 ἀνένευεν,
587 5182 616 5232 6
666 5177 722 5232 δὲ
739 5179 918 5233 τοιάδε
943 5181 1165 5235 ἐνενόει,
1197 5181 1551 5251 Σκηψάμενος
1572 5185 1751 5252 γράμ-

1845 4553 2027 4611 regem
2069 4536 2478 4601 deficientibus,
2513 4537 2891 4590 minuebantur
2925 4537 3068 4591 illius
3103 4537 3277 4602 vires;
3311 4552 3414 4607 quo

1845 4633 2096 4701 cognito,
2126 4630 2433 4700 Chaluphes
2480 4631 2769 4684 consilium
2814 4632 2861 4684 ei
2910 4631 3088 4696 dedit,
3127 4641 3187 4685 ut
3227 4631 3414 4687 relicta

1849 4723 2120 4794 llungaria
2147 4725 2200 4776 in
2232 4723 2582 4776 Sirmiensem
2618 4738 2802 4791 agrum
2835 4722 3159 4778 concederet
3187 4741 3200 4777 :
3235 4725 3287 4780 in
3318 4727 3415 4778 ἱςι·ι

1849 4819 1994 4874 enim
2022 4817 2244 4886 regione
2277 4816 2590 4884 imperatori
2620 4817 2862 4880 subdita,
2886 4831 3042 4884 posse
3069 4817 3214 4871 illum
3241 4819 3415 4873 aiebat

1854 4927 1952 4984 pro
1987 4912 2212 4964 arbitrio
2245 4926 2361 4979 quae
2397 4910 2556 4963 vellet
2588 4910 2784 4963 moliri.
2814 4909 2918 4966 Sed
2957 4911 3048 4966 illo
3088 4913 3415 4981 pertinacius

1854 5015 2132 5066 renuente,
2169 5004 2274 5057 tale
2312 5004 2440 5072 quid
2484 5002 2939 5058 comminiscitur.
2976 5003 3206 5059 Litteras
3247 5006 3416 5074 impe-

1855 5095 2048 5150 ratoris
2079 5095 2282 5163 fingens
2312 5094 2412 5150 sibi
2443 5109 2566 5148 esse
2599 5095 2816 5159 allatas,
2846 5109 3038 5150 versus
3068 5092 3261 5148 Istrum
3293 5112 3419 5163 pro-

1858 5187 2029 5241 fectus
2075 5196 2175 5249 est,
2213 5196 2272 5239 ut
2318 5201 2411 5241 eos
2457 5187 2548 5253 qui
2591 5185 2708 5239 illas
2747 5184 3045 5241 attulerant
3087 5187 3266 5255 ibique
3311 5202 3417 5252 νινςε

1535 5327 1629 5385 Du
1664 5327 1881 5406 Cangii
1920 5334 2101 5386 notio.

252 5436 374 5517 (882
408 5438 1154 5517 'A6€.lgr6_o_ﬁc__£tép_aroc.
1180 5443 1264 5496 An
1305 5441 1559 5498 Vindislai
1615 5448 1722 5513 regi

1852 5457 2082 5511 constat,
2129 5448 2300 5512 ipsum
2355 5447 2687 5517 Stephanum
2723 5450 2866 5502 vultu
2905 5455 2960 5502 et
2994 5464 3089 5502 ore
3135 5449 3268 5501 adeo
3307 5465 3419 5503 ex-

181 5508 328 5581 filius
353 5507 374 5560 Ἰ
404 5525 541 5565 certe
569 5507 640 5565 ile
666 5507 1230 5581 Vladisiai'Stephani
1266 5517 1450 5567 fratris
1485 5507 1754 5570 connubio

180 5578 352 5651 silent
373 5583 670 5651 scriptores.
707 5583 811 5638 Sed
842 5600 939 5638 nec
963 5578 1137 5637 snnile
1169 5585 1381 5639 videtur
1407 5601 1554 5651 vero,
1587 5586 1748 5639 filium

183 5645 651 5726 Yladislai,"rujns
673 5656 909 5726 nuptias,
933 5656 978 5709 si
1010 5669 1146 5724 quas
1175 5655 1314 5722 iniit,
1341 5667 1460 5726 post
1487 5645 1752 5722 Stephani

186 5718 376 5774 fratris
427 5718 574 5776 cunt'
609 5718 775 5778 Maria
833 5718 1110 5779 Conmena
1189 5718 1516 5782 connnhium
1580 5718 1752 5783 factas

496 5819 760 5881 ΡΑτιιοι..
819 5821 935 5882 Gn.
983 5822 1298 5884 CXXXIII.

1855 5519 2144 5584 pressisse,
2195 5520 2286 5584 qui
2347 5528 2504 5584 .etate
2564 5521 2731 5572 multo
2782 5519 3004 5572 inferior
3055 5528 3192 5572 erat.
3245 5519 3424 5573 Malim

1854 5589 2016 5659 igitur
2045 5604 2138 5652 per
2180 5589 2496 5657 ἀδελφιδοῦν
2549 5589 2792 5658 Μιχαὴλ
2840 5591 3144 5659 quempiam
3196 5589 3359 5642 altum
3398 5605 3428 5644 υ

1851 5658 2022 5726 stirpe
2057 5659 2198 5725 regia
2235 5661 2499 5728 Stephani
2553 5664 2779 5714 senioris
2831 5662 3285 5729 rnnsznignint‘um
3337 5660 3420 5713 in.

1851 5729 2182 5784 intellexisse
2213 5731 2557 5799 Cinnatnum,
2590 5734 2835 5801 quisquis
2866 5732 2953 5783 ille
2994 5732 3095 5782 fuit

2950 5820 3018 5883 19
