3960 6164
535 291 642 358 587

1825 286 2148 350 JOANNIS
2189 287 2508 349 CINNAMI

3659 48 3913 116 ιιι-πη

3677 285 3771 348 588

531 407 910 478 ilungarorum
959 409 1100 454 tnetu
1150 399 1536 465 substiterant,
1576 405 1914 456 conveniret.
1950 402 2107 457 Post-

2227 418 2362 469 ματα
2382 402 2444 453 ὲκ
2478 399 2739 470 βασιλέως
2761 400 2916 474 ἥκειν
2942 396 3093 466 αὐτῷ
3112 398 3202 451 ἐπὶ
3221 396 3312 451 τὸν
3335 395 3542 467 Ἴστρον
3566 397 3772 470 ἐχώρει»

534 515 698 570 quam
731 513 794 551 eo
825 499 1088 565 pervenit,
1113 495 1164 548 in
1199 493 1548 551 Sirmiensem
1579 494 1848 563 regionem
1879 493 2106 564 trajecit.

538 573 647 644 Nec
676 587 842 642 multo
875 595 995 654 post
1023 587 1334 654 Stephanus
1363 600 1483 640 eum
1511 599 1677 654 prope
1705 585 1894 639 fuisset
1922 596 2108 655 captus

538 686 606 736 ab
640 679 915 746 hostibus,
949 679 1159 748 fugiens
1193 678 1256 732 ad
1289 677 1437 732 illum
1471 678 1719 732 accessit.
1749 676 1850 732 Ubi
1884 678 1997 733 hate
2026 693 2111 733 re-

539 774 696 829 scivit
725 774 993 843 princeps,
1025 772 1274 826 idoneum
1308 775 1604 826 exercitum
1636 769 1892 826 Sirmium
1927 771 2108 836 mittit,

540 879 651 924 tum
689 877 744 922 ut
779 877 1124 920 conservaret
1159 865 1256 918 sibi
1294 865 1565 933 regionem
1603 864 1758 918 istam
1805 867 2113 934 (verebatur

538 961 681 1020 enim
731 959 961 1013 maxime
1007 971 1077 1012 ne
1123 957 1358 1028 Hungari
1404 957 1598 1010 iterum
1646 974 1728 1011 res
1770 955 2109 1027 innovarent)

541 1064 653 1109 tum
712 1061 766 1107 ut
813 1050 1151 1106 subditorum
1204 1050 1479 1104 securitati
1531 1057 1584 1102 et
1637 1049 1900 1119 Stephani
1951 1050 2112 1105 saluti

541 1146 871 1204 consuleret.
897 1142 1133 1199 Prmerat
1160 1141 1276 1196 istis
1305 1141 1471 1210 cepiis
1498 1140 1726 1196 Michael
1756 1151 2114 1213 cognomento

542 1241 772 1303 Gahras,
803 1238 890 1307 qui
925 1246 978 1291 et
1009 1237 1120 1305 ipse
1155 1249 1219 1288 ex
1254 1233 1420 1287 fratre
1458 1235 1717 1290 Manuelis
1752 1237 1951 1304 neptim
1979 1252 2115 1290 uxo-

545 1349 656 1386 rem
683 1333 931 1392 duxerat,
959 1339 1008 1382 et
1038 1328 1235 1382 sebasti
1264 1328 1467 1381 honore
1489 1341 1612 1380 eum
1641 1325 1920 1396 Chaluphe
1941 1327 2118 1381 fuerat

545 1426 795 1479 donatus.
855 1421 1108 1488 Princeps
1166 1435 1290 1474 vero
1345 1416 1593 1489 Procopii
1651 1419 1810 1489 227
1867 1419 2117 1490 martyris

548 1533 788 1583 manum,
819 1529 981 1584 quam
1017 1529 1078 1566 ex
1117 1513 1314 1566 Sirmio
1350 1511 1490 1566 forte
1524 1514 1843 1574 abstulerat,
1876 1512 1929 1566 in
1972 1511 2114 1565 Naisi

551 1612 804 1681 templum
837 1611 1076 1671 allatam,
1106 1607 1314 1676 reliquo
1349 1606 1580 1660 reddidit
1611 1605 1844 1675 corpori,
1873 1621 1993 1659 cum
2031 1619 2116 1667 ea,

549 1719 709 1773 quam
754 1703 1000 1756 dicturus
1047 1717 1188 1766 sum,
1222 1700 1287 1754 de
1334 1713 1493 1752 causa
1541 1700 1607 1751 ah
1656 1713 1720 1752 eo
1762 1697 1887 1750 olim
1935 1696 2120 1749 fuiSset

2213 499 2320 558 τοῖς
2335 493 2507 548 ταῦτα
2522 494 2843 563 κομίζουσιν
2859 492 3242 562 ἐντευξόμενος
3264 490 3496 544 ἐνταῦθά
3513 508 3611 543 που
3637 492 3775 561 παρᾶ

2211 589 2302 642 τὸν
2333 589 2545 657 Ἴστρον
2567 588 2674 641 δέει
2712 587 2790 658 τῷ
2811 589 2875 640 ὲκ
2906 586 3013 640 τῶν
3035 585 3250 639 Οϋννων
3281 583 3565 654 διατριϐὴν
3600 602 3776 637 ποιου-

2216 682 2418 752 μένοις.
2451 681 2668 750 ⁹Επειδή
2693 698 2750 733 τε
2784 679 3020 734 ἐνταῦθα
3066 679 3304 746 ἐγένετο,
3340 676 3779 746 περαιωσάμενος

2215 776 2307 829 ἐπὶ
2337 775 2563 846 Σίρμιον
2601 770 2787 845 ἦλθεν.
2834 771 3030 842 Ὀλίγῳ
3063 771 3118 824 δὲ
3155 770 3376 839 ὕστερον
3429 769 3522 821 καὶ
3580 769 3777 838 Στέφα-

2213 885 2302 929 νος
2342 867 2508 935 ἐγγὺς
2551 865 2756 920 ἁλῶναι
2803 867 2915 926 τοῖς
2964 863 3248 934 πολεμίοις
3291 862 3460 916 ἐλθὼν
3516 863 3693 932 φυγὰς
3729 868 3780 926 ἐς

2215 961 2375 1013 αὑτὸν
2409 959 2792 1026 παραγίνεται.
2819 955 3040 1009 Τούτων
3074 955 3312 1017 ἀκούσας
3341 954 3592 1024 βασιλεὺς
3627 957 3781 1025 στρὰ-

2216 1071 2395 1124 τευμα
2422 1054 2582 1120 λόγου
2625 1052 2775 1116 ἄξιον
2803 1050 2896 1104 ἐπὶ
2936 1052 3161 1120 Σίρμιον
3191 1049 3427 1120 ἔπεμψε,
3487 1049 3548 1100 τὺ
3593 1050 3688 1118 μέν
3737 1067 3780 1100 τι

2215 1149 2313 1220 τὴν
2337 1149 2520 1220 χώραν
2547 1148 2696 1217 αὐτῷ
2732 1148 2971 1218 τηρῆσον
3007 1147 3237 1218 (ὑποψίᾳ
3275 1146 3383 1218 γὰρ
3419 1149 3474 1209 ἐς
3506 1147 3632 1207 τοὺς
3662 1145 3784 1197 Οὕν-

2216 1258 2340 1304 νους
2371 1241 2569 1313 ἐχρῆτο
2601 1242 2767 1312 πολλῇ
2798 1244 2872 1311 μή
2920 1259 2974 1293 τι
3019 1241 3111 1294 καὶ
3165 1239 3326 1293 πάλιν
3371 1237 3782 1308 νεωτερίσειεν),

2218 1333 2278 1385 τὸ
2305 1332 2360 1385 δὲ
2388 1333 2481 1385 καὶ
2507 1333 2584 1402 τῷ
2612 1333 2953 1404 εὑπροσώπφ
2976 1333 3074 1398 τῆς
3102 1332 3212 1386 τῶν
3248 1332 3462 1384 οἰκείων
3499 1331 3785 1396 ἀσφαλείας

2220 1427 2316 1481 καὶ
2388 1428 2646 1509 Στεφάνῳ
2705 1431 2803 1498 τὴν
2877 1425 3150 1494 σωτηρίαν
3215 1423 3786 1494 πραγματευτὸμενον.

2221 1514 2398 1589 Ἶίρχε
2436 1519 2492 1571 δὲ
2557 1519 2788 1589 ταυτησὶ
2832 1520 2928 1587 τῆς
2965 1517 3222 1587 στρατιᾶς
3260 1515 3479 1586 Μιχαὴλ
3513 1516 3787 1584 ἐπίκληςιν

2221 1612 2437 1683 Γαϐρᾶς
2467 1611 2604 1681 (89),
2637 1611 2694 1674 ὃς
2722 1611 2816 1665 καὶ
2855 1611 3018 1672 αὐτὸς
3063 1609 3330 1680 βασιλέως
3359 1611 3544 1680 γήμας
3587 1607 3791 1675 ἀδελφι-

2221 1702 2321 1772 δῆν
2364 1703 2624 1766 σεϐαστός
2657 1705 2753 1756 σὺν
2782 1703 2860 1773 τῷ
2885 1701 3147 1774 Χαλούφῃ
3183 1701 3500 1771 τετίμηται.
3536 1699 3784 1762 Βασιλεὺς

549 1797 751 1851 avulsa.
786 1795 1161 1864 [inrigat-orum
1213 1807 1343 1862 gens
1388 1807 1529 1861 saepe
1573 1791 1938 1846 Romanorum
1984 1788 2117 1843 lines

2227 1765 2286 1846 ei
2306 1795 2371 1865 ἢν
2398 1796 2460 1847 ὲκ
2489 1793 2584 1847 τοῦ
2614 1765 2845 1865 Σιρμίου
2892 1765 3197 1864 Προκοπίου
3234 1765 3324 1844 tofi
3372 1765 3649 1862 μάρτυρος
3688 1788 3787 1863 (90)

549 1888 870 1951 incursavit,
901 1900 953 1940 et
993 1886 1152 1954 paulo
1195 1895 1320 1939 ante
1361 1900 1518 1953 Quam
1567 1887 1854 1952 imperaret
1898 1884 2116 1938 Alexius

549 1982 880 2044 Conmenus,
911 1976 1170 2031 Sirmium
1204 1978 1344 2044 cepit
1380 1975 1667 2046 multisque
1697 1976 2116 2031 Transistrianis

551 2073 773 2127 urbibus
804 2070 1126 2140 expugnatis
1163 2068 1383 2122 Naisum
1430 2082 1600 2138 usque
1641 2070 1903 2139 pervenit.
1938 2067 2013 2123 lbi
2062 2072 2112 2123 in

549 2177 792 2220 sanctum
829 2165 972 2219 illius
1008 2165 1262 2234 martyris
1299 2163 1599 2216 incidentes
1631 2161 1913 2225 feretrum,
1943 2173 2116 2216 totum

548 2263 762 2330 quidem
810 2259 935 2313 inde
978 2273 1174 2324 corpus
1219 2257 1433 2309 auferre
1475 2256 1852 2321 inhumanum,
1883 2269 1938 2312 ut
1969 2258 2118 2310 arbi-

548 2368 683 2416 tror,
713 2350 1109 2416 existimantes,
1142 2350 1254 2404 sola
1289 2364 1445 2402 tnanu
1485 2348 1663 2402 ablata
1699 2365 1977 2404 recessere
2014 2369 2026 2404 :
2064 2359 2117 2402 et

551 2447 810 2499 Sirmium
837 2443 1062 2504 reversi,
1084 2458 1199 2496 eam
1227 2444 1527 2511 deposuere
1558 2441 1611 2496 in
1643 2445 1838 2512 templo
1865 2441 2116 2498 [tetrietrii

553 2536 830 2606 martyris,
859 2533 1001 2603 quod
1036 2533 1244 2600 pridem
1273 2541 1619 2586 esstruxerat
1653 2532 1698 2587 is
1727 2534 1816 2605 qui
1849 2531 2120 2603 Illyrii-um

552 2626 840 2698 praefectus
867 2625 1106 2695 regebat.
1136 2623 1268 2678 Eam
1303 2625 1463 2692 igitur
1494 2623 1603 2679 illic
1636 2624 1906 2704 inventam
1943 2641 2123 2681 sustu-

548 2723 610 2777 lit
656 2721 778 2776 inde
821 2720 1113 2789 imperator
1153 2729 1204 2771 et
1253 2717 1481 2787 reliquo,
1513 2729 1568 2774 ut
1605 2719 1866 2785 diximus,
1893 2721 2122 2774 reddidit

549 2813 784 2883 corpori.
1657 2845 1659 2848 ι
1923 2814 1927 2818 ’

2231 1888 2555 1959 ἀνελόμενος
2591 1889 2745 1956 ἔτυχε
2771 1889 2925 1957 χεῖρα
2952 1887 3045 1938 ἐπὶ
3070 1884 3160 1937 τὸν
3179 1885 3234 1936 ἐν
3263 1882 3449 1950 Ναῐσῷ
3478 1881 3616 1936 νεὼν
3656 1882 3790 1951 ἄγων

2221 1981 2299 2054 τῷ
2324 1979 2493 2051 λοιπῴ
2521 1982 2722 2050 ταύτην
2758 1980 3005 2033 ἀπέδωκε
3031 1977 3262 2048 σώματι,
3289 1975 3520 2029 παλαιοῦ
3555 1975 3651 2030 eos
3679 1975 3790 2046 χρό-

2223 2092 2314 2128 νου
2337 2077 2431 2128 ἀπ*
2464 2075 2641 2138 αἰτίας
2667 2075 3076 2146 ἀπορραγεῖσαν
3095 2071 3329 2124 τοιᾶσδε.
3365 2069 3437 2122 Τὸ
3457 2070 3564 2122 τῶν
3590 2069 3789 2122 Οὖννων

2225 2169 2375 2234 ἔθνος
2399 2170 2568 2222 πολλὰ
2605 2170 2704 2238 μὲν
2735 2168 2994 2230 πολλάκις
3034 2167 3133 2237 τὴν
3174 2165 3461 2234 Ῥωμαίων
3491 2165 3788 2233 κατέδραμε

2225 2264 2351 2330 γῆν,
2392 2261 2559 2331 ὀλίγῳ
2611 2262 2666 2314 δὲ
2693 2261 3002 2332 ἔμπροσθεν
3036 2260 3134 2328 τῆς
3176 2257 3414 2323 Ἀλεξίου
3464 2257 3559 2310 τοῦ
3589 2258 3792 2326 Κομνη-

2227 2354 2318 2408 νοῦ
2345 2355 2623 2424 βασιλείας
2667 2355 2892 2424 Σίρμιόν
2938 2370 2998 2406 τε
3031 2346 3140 2404 εἷλε
3174 2351 3270 2404 καὶ
3297 2348 3497 2414 πολλὰς
3540 2348 3651 2402 τῶν
3695 2350 3788 2403 Ih-

2239 2447 2497 2517 ριστρίων
2556 2446 3092 2518 ἀνδραποδισάμενος
3154 2444 3362 2497 πόλεων
3414 2443 3541 2514 ἄχρι
3594 2441 3688 2496 καὶ
3711 2442 3790 2494 ἐπὶ

2220 2539 2427 2593 Ναῖσὸν
2472 2537 2656 2610 ἦλθεν.
2721 2538 2891 2592 Ἐνῡα
2933 2542 2995 2608 τῇ
3035 2537 3126 2592 τοῦ
3163 2537 3437 2608 μάρτυρος
3485 2537 3641 2589 τοῦδε
3685 2536 3788 2605 ἱερᾷ

2229 2631 2726 2702 περιτετυχηκότες
2795 2625 2940 2701 σορῷ
2994 2631 3114 2684 ὅλον
3185 2631 3283 2698 μὲν
3336 2630 3692 2699 ἀφαιρεῖσθαι
3741 2628 3790 2679 τὸ

2223 2726 2382 2795 σῶμα
2417 2724 2766 2797 κεκρίκασιν,
2793 2720 2968 2793 οἶμαι,
3021 2723 3416 2795 ἀπάνθρωπον,
3463 2725 3562 2794 τήν
3605 2739 3666 2790 γε
3698 2721 3788 2792 μὴν

2224 2819 2380 2890 χεῖρα
2420 2818 2722 2888 διελόμενοι
2768 2817 3168 2888 ἀπεχώρησαν
3207 2819 3263 2870 ἐν
3322 2816 3534 2888 Σιρμίῳ
3566 2815 3622 2870 δὲ
3646 2833 3789 2885 γεγο·

548 2904 699 2967 νότες
728 2905 820 2956 ἐπὶ
849 2902 944 2956 τὸν
987 2904 1110 2974 τῇδε
1150 2901 1244 2956 τοῦ
1315 2904 1592 2974 μάρτυρος
1652 2905 1964 2975 Δημητρίου
2014 2906 2308 2961 κατέθεντο
2341 2909 2459 2962 νεὸν
2509 2909 2641 2980 (91),
2675 2909 2734 2961 ὃν
2783 2909 2840 2961 ὲν
2907 2910 3021 2989 τοῖς
3093 2909 3204 2962 ἄνω
3250 2909 3464 2980 χρόνοις
3497 2911 3525 2962 ό
3554 2909 3657 2980 τὴν
3709 2905 3791 2962 τοῦ

559 2996 860 3067 Ἰλλυρικοῦ
902 2996 1099 3049 διέπων
1142 2995 1445 3066 ὲδομήσατο
1483 2994 1677 3066 ἀρχὴν.
1713 2995 1797 3065 (Ρ.
1822 2996 1947 3066 152)
1986 2996 2155 3056 Ἔνθα
2195 2999 2402 3071 ταύτην
2453 2999 2920 3073 εὑρὼνβασιλεὺς
2955 2999 3185 3055 ἀνέλαϐέ
3231 3017 3292 3055 τε
3359 3000 3569 3054 ἐκεῖθεν
3607 2998 3790 3068 καὶτῷ

547 3083 740 3158 λοιπῷ,
758 3090 1028 3161 Γκαθάπερ
1049 3090 1286 3161 εἴρηται,
1316 3088 1500 3161 φέρων
1520 3088 1771 3143 ἀπέδωκε
1806 3089 2044 3160 σώματι.

617 3187 672 3242 9.
721 3189 897 3255 Atque
947 3189 1060 3241 haec
1109 3185 1221 3240 fere
1270 3195 1430 3249 sunt,
1487 3201 1607 3254 qua:
1653 3201 1718 3241 eo
1763 3201 1904 3241 anno
1938 3197 2119 3242 contra

2305 3190 2414 3243 Καὶ
2452 3188 2518 3242 τὰ
2543 3189 2643 3260 μὲν
2668 3191 2747 3253 είς
2781 3191 2959 3244 έκεῖνο
2990 3190 3050 3244 τὸ
3085 3189 3205 3256 ἔτος
3225 3192 3368 3246 κατὰ
3438 3191 3658 3246 Οὖννων
3722 3191 3788 3260 τῷ

555 3281 832 3349 liungaros
858 3280 1020 3350 gessit
1049 3277 1318 3348 princeps.
1347 3277 1592 3332 Alexium
1620 3277 1815 3332 deinde
1841 3280 2122 3334 domestici

551 3375 737 3437 filium,
769 3372 857 3443 qui
896 3370 1269 3442 protonotarii,
1311 3379 1366 3423 ut
1410 3372 1604 3438 smptus
1643 3385 1673 3422 a
1725 3386 1809 3425 me
1843 3381 2119 3425 narratum

549 3477 656 3534 est,
688 3480 910 3520 munere
958 3464 1297 3530 fungebatur,
1347 3477 1542 3529 magno
1581 3464 1900 3516 instructum
1951 3479 2120 3534 appa.

556 3571 674 3616 ratu
707 3561 765 3613 in
791 3557 1028 3612 Ciliciam
1067 3557 1208 3607 misit
1238 3566 1288 3607 et
1317 3570 1583 3608 summum
1621 3555 1734 3623 ejus
1773 3557 1891 3610 belli
1927 3557 2118 3611 ducem

555 3651 854 3707 constituit.
913 3649 1117 3717 Quippe
1171 3647 1473 3702 Nuradinus
1540 3647 1807 3702 Berrheete
1877 3650 2123 3706 sultanus

556 3745 824 3816 prioribus
859 3744 1030 3797 elatus
1078 3742 1317 3794 \irturiis
1371 3741 1641 3812 potiundae
1685 3756 1841 3809 quam
1892 3743 2119 3811 primum

557 3837 789 3894 civitatis
825 3835 1168 3888 Antiochenm
1207 3848 1354 3902 spem
1387 3843 1723 3900 conceperat,
1763 3844 1812 3887 et
1857 3833 2118 3898 Torosus,

556 3933 644 4003 qui
673 3941 779 3984 tum
805 3930 1078 3983 Armeniis
1103 3925 1416 3994 imperabat,
1445 3925 1936 3995 pluritnaslsauria:
1959 3927 2121 3984 urbes

556 4025 786 4096 principi
816 4025 1071 4078 obnoxias
1111 4021 1233 4074 dolo
1262 4029 1499 4088 ceperat,
1535 4018 1843 4074 Andronico
1881 4019 2121 4089 Eupber-

555 4117 694 4172 bene
718 4115 979 4184 principis
1007 4112 1172 4181 228
1196 4117 1447 4179 cognato,
1471 4109 1678 4164 Ciliciae
1709 4122 1814 4163 tum
1850 4114 2122 4179 prazfecto,

555 4210 816 4266 infensus.
860 4208 991 4262 Nam
1041 4205 1286 4275 plurimis
1321 4205 1440 4258 aliis
1474 4220 1595 4258 eum
1629 4205 1949 4260 criminibus
1982 4204 2126 4258 inse-

556 4305 836 4366 ctabatur,
888 4317 950 4356 ac
1002 4301 1124 4357 ctesi
1177 4300 1408 4353 maxime
1444 4297 1626 4351 fratris
1676 4298 1728 4351 in
1762 4314 1882 4351 eum
1914 4299 2124 4364 culpant

556 4395 841 4454 referebat.
869 4395 996 4451 Haec
1028 4403 1138 4448 tum
1171 4393 1240 4448 ibi
1270 4399 1418 4461 gesta
1453 4399 1598 4448 sunt.
1631 4389 1919 4446 Frederieo
1949 4399 2126 4444 autem

2235 3282 2442 3350 βασιλεί
2479 3283 2848 3352 πεπραγμένα
2882 3283 3060 3340 τοιάδε
3082 3283 3205 3337 τινὰ
3223 3279 3386 3353 ἦσαν.
3459 3285 3520 3338 Ὀ
3551 3285 3605 3337 δὲ
3656 3285 3785 3337 Ἀλέ-

2234 3375 2345 3438 ξιον
2373 3374 2465 3428 τὸν
2491 3374 2585 3428 τοῦ
2623 3374 2949 3442 δομεστίκου
2968 3377 3106 3442 υἱέα,
3139 3376 3196 3441 ὃς
3224 3377 3323 3449 τὴν
3341 3379 3786 3449 πρωτονοταρῐου,

2233 3464 2420 3536 ὥσπερ
2454 3482 2545 3535 μοι
2582 3465 3516 3540 πολλάκιςὲρῤέθηςδιεῖπενάρχὴν,
3544 3472 3636 3523 σὺν
3679 3468 3790 3540 dii;

2228 3555 2386 3625 λόγου
2412 3562 2733 3630 παρασκευῇ
2761 3560 2853 3613 ἐπὶ
2906 3560 3006 3632 τὴν
3038 3561 3276 3615 Κιλίκων
3302 3561 3646 3629 ἐξαπέστειλε
3680 3563 3787 3631 γῆν,

2231 3650 2534 3718 στρατηγὸν
2558 3650 2934 3721 αὐτοκράτορα
2962 3650 3058 3705 τοῦ
3091 3651 3327 3721 πολέμου
3362 3651 3513 3706 τοῦδε
3541 3669 3789 3720 καταστη-

2233 3742 2486 3812 σάμενος.
2516 3743 2784 3813 Νουραδίν
2801 3759 2860 3795 τε
2887 3744 2993 3814 γὰρ
3023 3745 3049 3796 ό
3087 3745 3400 3816 Βερροιαῐος
3424 3745 3704 3816 σατράπης
3724 3744 3792 3795 νί-

2230 3853 2352 3899 καις
2386 3838 2504 3898 ταῖς
2540 3836 2937 3906 προλαεούσαις
2963 3838 3224 3908 ἐπαρθεὶς
3247 3838 3462 3892 ἐλπίσιν
3489 3838 3783 3909 ὼχεῐτοπό-

2229 3929 2366 3989 λεως
2393 3931 2490 3981 οὐκ
2522 3930 2597 3992 είς
2634 3930 2851 4000 μακρὰν
2892 3931 3304 4003 περιγεγονέναι
3337 3933 3682 4003 Ἀντιοχείας,
3709 3930 3791 3984 καὶ

2240 4021 2478 4092 Τερὸζης
2524 4022 2582 4085 ὂς
2635 4023 2938 4093 Ἀρμενίων
2967 4023 3284 4078 ἐδυνάστευε
3326 4024 3445 4077 τότε
3479 4026 3669 4087 πολλὰς
3697 4024 3789 4077 τῶν

2235 4114 2446 4185 βασιλεῖ
2499 4115 2783 4184 κατηκόων
2818 4113 3001 4178 πόλεις
3057 4116 3364 4185 Ίσαυρικὰς
3403 4117 3537 4186 δόλῳ
3573 4118 3789 4187 ἥρπαῖε,

2234 4206 2309 4278 τῷ
2339 4209 2598 4279 Φερδηνῷ
2651 4207 3021 4276 δυσμεναίνων
3065 4209 3386 4280 Ἀνδρονίκῳ
3433 4211 3513 4282 τῷ
3553 4211 3790 4281 βασιλέως

2235 4298 2514 4368 ὲξαδέλφῳ
2545 4301 2636 4352 καὶ
2663 4299 2906 4352 Κιλίκων
2933 4301 3328 4370 στρατηγοῦντι
3358 4302 3435 4371 τῷ
3465 4304 3604 4358 τότε.
3641 4302 3788 4356 ’Δλὶα

2236 4407 2294 4444 τε
2337 4391 2444 4461 γὰρ
2493 4390 2721 4444 πλεῖστα
2786 4391 3048 4446 ἐπεκάλει
3077 4392 3256 4461 τούτῳ
3322 4396 3417 4447 καὶ
3474 4393 3538 4465 δὴ
3593 4392 3786 4461 καὶτῆς

1932 4514 2026 4572 Du
2055 4509 2277 4590 Cangii
2311 4519 2499 4574 notae.

628 4642 740 4714 (89)
793 4637 1312 4710 ΜιχαὴλΓαόρᾶς.
1364 4637 1616 4714 Nicetes,
1658 4637 1696 4691 ι.
1728 4652 1778 4703 ν,
1833 4652 1884 4692 n.
1943 4637 1996 4690 δ.
2069 4635 2131 4689 v.

554 4713 791 4774 stemma
824 4713 1087 4767 Comnen.

630 4784 741 4857 (90)
793 4784 1129 4857 Προκοπίρυ
1185 4780 1291 4835 τοῦ
1357 4781 1680 4857 μάρτυρος.
1741 4779 1820 4857 A_n
1876 4777 2132 4857 Procopii

560 4849 851 4924 martyris,
875 4857 1028 4924 cujus
1053 4854 1246 4924 festum
1279 4849 1447 4923 agunt
1469 4852 1642 4924 Greeci
1671 4864 1733 4903 ac
1771 4849 1944 4924 Latini
1975 4851 2014 4924 ‘8
2049 4852 2126 4924 id.

557 4917 726 4985 Julii?
765 4917 834 4979 At
865 4917 985 4979 cuin
1013 4927 1057 4979 is
1088 4925 1186 4976 sub
1231 4917 1558 4976 Diocletiano
1587 4922 1843 4975 Czcsarea:
1877 4921 1924 4972 in
1974 4922 2136 4976 l’alac-

559 5003 700 5056 stina
762 4996 1076 5065 martyrium
1127 4993 1426 5062 pertulerit,
1478 4993 1691 5061 quando
1739 4992 1880 5065 illius
1932 5005 2129 5061 corpus

560 5071 782 5126 Naisum
815 5063 1136 5120 translatum
1172 5066 1295 5117 inde
1333 5065 1514 5125 fuerit,
1549 5079 1729 5124 nemo,
1765 5063 1979 5129 Opinor,
2014 5073 2126 5115 tra-

563 5143 716 5197 didit.
743 5139 894 5194 xEdis
919 5139 1041 5190 divo
1064 5137 1146 5190 isti
1179 5135 1370 5187 dicatae
1405 5135 1456 5188 in
1490 5135 1882 5202 Peloponneso,
1910 5144 1965 5185 ut
1990 5135 2129 5187 vide-

565 5225 671 5275 tur,
711 5211 952 5263 meminit
1006 5217 1193 5260 auctor
1230 5203 1357 5258 Viue
1406 5207 1462 5260 S.
1505 5205 1661 5258 Luca-
1691 5202 1958 5275 Juuioris,
1990 5218 2039 5275 ς.
2071 5205 2125 5270 5,

565 5303 620 5339 ti.
649 5273 736 5338 '57.
775 5279 988 5332 Exstitit
1017 5278 1119 5330 alia
1148 5287 1401 5346 pra-terea
1434 5278 1575 5346 miles
1606 5280 1656 5329 d.
1691 5274 1936 5342 Procopii
1983 5273 2127 5328 Con-

565 5350 938 5418 stantinopoli,
969 5365 1126 5418 quam
1151 5344 1443 5401 renovavit
1492 5344 1641 5400 Zeno
1687 5346 1929 5418 Isaurus,
1957 5355 2131 5418 utest

567 5441 621 5478 tn
654 5416 927 5478 Chronico
977 5416 1360 5482 Alexandrino,
1399 5434 1459 5471 ae
1494 5419 1689 5471 deinde
1721 5416 1986 5468 Antooina
2031 5416 2126 5470 Be-

558 5496 728 5550 -lisarii
773 5509 906 5544 uxor
949 5492 1103 5560 apud.
1132 5491 1452 5560 scriptorem
1498 5488 1750 5542 Ultronici
1797 5490 1947 5556 tpol.
2009 5490 2129 5557 Agit

565 5569 728 5622 etiam
761 5564 827 5615 de
863 5559 1025 5616 hocce
1054 5559 1249 5627 templo
1277 5560 1490 5615 Suidas.
1519 5605 1526 5611 .

638 5638 750 5706 (Di)
789 5633 899 5686 Ίόῦ
944 5632 1244 5706 μάρτυρα-ς
1269 5632 1603 5706 Δημητρίου
1635 5633 1814 5706 νεών,
1845 5632 1995 5698 Quod
2045 5629 2130 5683 hic

561 5701 796 5762 habetur
827 5705 1080 5770 templum
1107 5701 1167 5755 υ.
1203 5703 1480 5764 Demetrii,
1521 5705 1728 5758 videtur
1766 5705 1892 5759 illud
1920 5716 2071 5765 .esse,
2101 5721 2125 5753 a

567 5795 670 5850 quo
698 5777 951 5846 oppidum
986 5775 1044 5830 D.
1084 5773 1339 5831 Demetrii
1382 5775 1446 5829 ad
1483 5774 1678 5830 Savum
1716 5791 1928 5831 amnem
1967 5774 2126 5828 situm

2168 4647 2213 4706 ι)
2244 4650 2438 4690 nomen
2493 4636 2745 4705 accepit,
2791 4636 2948 4690 hodie
2997 4635 3056 4693 S.
3122 4637 3362 4692 Demeter
3409 4637 3630 4703 dictum,
3665 4638 3786 4689 hami

2243 4707 2428 4775 procul
2458 4710 2522 4760 ah
2560 4710 2778 4776 antiquo
2805 4707 3024 4762 Sirmio.
3057 4709 3208 4773 Quod
3243 4722 3372 4762 vero
3408 4711 3651 4776 templum
3676 4708 3784 4760 illud

2243 4781 2294 4830 in
2347 4777 2548 4848 Sirmio
2591 4789 2802 4832 exstare
2856 4780 2930 4831 ait
2980 4779 3294 4842 Cinnamus,
3340 4779 3390 4831 id
3441 4780 3784 4848 accipiendum

2234 4857 2370 4917 .puto
2404 4863 2501 4915 pro
2532 4847 2818 4904 Sirmicnsi
2866 4865 2992 4916 agro
3021 4866 3033 4902 :
3068 4865 3186 4901 nam
3234 4849 3461 4917 Σίρμιον
3492 4847 3592 4903 non
3641 4847 3782 4901 semel

2248 4923 2292 4970 is
2320 4920 2519 4971 dicitur
2549 4921 2720 4972 eidem
2754 4921 3030 4988 scriptori.
3067 4919 3258 4986 Oppidi
3296 4934 3423 4973 vero
3466 4921 3524 4974 S.
3555 4917 3783 4973 Demetrii

2242 4990 2486 5042 meminit
2523 4989 2799 5043 Bonlinius
2836 4991 2955 5043 deo.
2993 4991 3048 5052 5,
3083 4992 3114 5041 Ι.
3148 5005 3222 5054 tv,
3256 4998 3523 5046 extremo.

2311 5060 2423 5129 (92)
2472 5060 2755 5128 Ἀδελφοῦ
2789 5061 3115 5128 Στεφάνου.
3145 5058 3261 5113 Jam
3297 5062 3455 5113 modo
3491 5057 3785 5129 percrpimus

2239 5135 2359 5197 quis
2414 5132 2576 5185 fuerit
2629 5131 2953 5198 Stephanus,
3012 5131 3166 5200 cujus
3215 5131 3358 5184 filius
3403 5130 3566 5185 fuisse
3609 5131 3784 5184 dicitur

2241 5201 2368 5253 Liro
2395 5217 2482 5255 seu
2517 5203 2654 5263 Leo,
2690 5205 2895 5269 primus
2932 5204 3201 5256 Armeniae
3229 5215 3344 5266 rex,
3379 5201 3432 5254 in
3467 5201 3609 5253 Bulla
3639 5212 3780 5252 aurea

2239 5286 2329 5324 seu
2368 5272 2667 5339 Diplomate
2691 5287 2784 5324 an.
2822 5272 2978 5335 1⁸210,
3006 5273 3146 5341 quod
3182 5269 3419 5324 Manesci
3450 5273 3500 5324 in
3535 5269 3781 5339 provincia

2240 5347 2378 5408 apud
2435 5344 2952 5405 Ιίιιιιοδοιγιιιὶιιιηυδ
3001 5343 3207 5410 equites
3241 5357 3574 5406 asset-vatur,
3614 5342 3786 5407 inquo

2238 5411 2340 5464 Leo
2393 5413 2535 5477 ﬁlius
2571 5414 2773 5466 domini
2819 5412 3069 5477 Stephani
3130 5414 3277 5465 bona:
3328 5415 3590 5466 memoria:
3628 5412 3707 5463 Dei
3737 5419 3780 5459 et

2237 5486 2438 5551 imperti
2497 5484 2721 5537 Romani
2755 5488 2924 5552 gratia
2966 5499 3054 5536 rex
3103 5483 3362 5536 Armenia:
3407 5487 3634 5552 dicitur,
3662 5479 3781 5552 ilittc

2237 5560 2398 5607 etiam
2442 5565 2586 5624 patet
2648 5551 2844 5608 Leonis
2899 5556 3066 5622 ipsius
3127 5553 3402 5618 Milonem,
3462 5556 3551 5622 qui
3603 5551 3779 5624 Tureso

2240 5627 2390 5679 fratri
2419 5621 2468 5681 in
2493 5628 2762 5679 Armenia:
2785 5621 3142 5694 principatum
3176 5626 3464 5689 successit,
3482 5621 3776 5678 avunculum

2240 5706 2383 5750 recte
2432 5698 2684 5764 appellari
2733 5693 2799 5749 ab
2837 5695 3148 5750 Innocentio
3192 5694 3256 5746 Ill
3319 5709 3432 5763 pp.,
3463 5697 3496 5750 l.
3535 5710 3592 5759 ιι,
3628 5693 3775 5814 EpiSt.

2240 5787 2290 5814 n-
2327 5767 2447 5814 536-
2483 5767 2819 5814 l’mimleoue
2872 5782 2899 5814 a
2950 5767 3273 5814 scrintorum
3341 5765 3622 5814 plerisque.
3687 5759 3775 5812 “tit-

2239 5787 2290 5840 p.
2327 5759 2819 5837 556.'l"ioindequc
2872 5782 2899 5820 a
2950 5767 3273 5836 scriptorum
3305 5759 3622 5836 .‘plerisque,
3664 5759 3776 5814 ‘t‘iu-
