3960 6164
211 314 290 378 589
1392 311 1441 370 ll
1457 308 1935 370 ISTOR‘IARUM
1973 307 2120 367 LIB.
2163 309 2229 369 V.

3318 306 3425 371 590

217 426 292 481 τοῦ
314 423 528 493 ἀδελφοῦ
562 423 836 491 Στεφάνου
873 421 981 494 (99.)
1022 424 1213 493 ᾐτιᾶτο
1266 425 1502 493 σφαγῆς.
1558 423 1730 476 Ταῦτα

1853 423 2278 476 Alemannorum
2311 433 2421 490 regi
2458 434 2511 473 tn
2544 420 2659 473 dies
2691 417 2990 489 augebatur
3019 415 3070 470 in
3101 415 3424 474 immensum

209 516 390 589 μὲνοῦν
429 516 554 587 τῇδε
597 515 925 587 ἐπράσσετο.
996 516 1415 588 Φρεδερίκῳ-δὲ
1475 516 1553 586 τῷ
1617 517 1743 588 ρηγὶ

213 595 499 682 Ἆλαμανῶν
527 611 621 663 ἐπὶ
677 608 822 680 μέγα
873 609 1136 664 ἑκάστοτε
1186 609 1255 662 τὰ
1302 610 1401 679 τῆς
1458 609 1746 682 δυνάμεως

202 679 362 772 ἐχώρει
392 700 483 754 καὶ
521 679 781 771 ηῡξανεν.
825 699 1042 752 Ἀλλων
1077 717 1136 752 τε
1193 699 1303 770 γὰρ
1349 701 1423 763 ὡς
1473 679 1744 754 πλείστων

199 793 268 845 ἐπ’
292 789 553 860 ἀσφαλείᾳ.
601 789 698 843 τοῦ
743 789 983 862 κράτους
1032 790 1319 858 ἐφρόντισε
1383 791 1481 846 καὶ
1526 791 1591 861 δὴ
1647 791 1743 842 καὶ

198 883 460 955 χρημάτων
497 882 948 952 μεταπεποίηται
988 881 1254 951 μάλιστα,
1283 883 1388 936 οὐκ
1427 871 1745 952 εἰθισμένον

195 976 326 1032 τοῦτό
351 993 408 1044 γε
442 976 596 1045 αὐτῷ
623 977 918 1048 πρότερον.
949 975 1145 1030 Τοίνυν
1171 975 1505 1030 Μεδιόλανον
1537 993 1595 1028 τε
1629 969 1742 1028 εἷλε

192 1070 321 1126 πόλιν
350 1072 650 1140 περιφανῆ,
685 1070 779 1124 καὶ
812 1070 874 1122 τὸ
910 1062 1196 1140 Λιγούρων
1217 1069 1317 1122 είτ⁹
1341 1068 1437 1122 οὖν
1469 1069 1743 1140 Λαμπάρσ

188 1164 276 1218 δων
296 1163 642 1235 ὲτροπώσατο
677 1163 851 1228 ἔθνος,
885 1163 988 1233 ὀδῷ
1022 1181 1082 1216 τε
1108 1163 1317 1234 προῖὼν
1370 1165 1463 1216 καὶ
1516 1165 1629 1217 ἐπί
1672 1164 1741 1217 τὰ

191 1255 413 1325 ὲνδότερα
435 1256 550 1310 τῶν
617 1257 892 1326 ἐσπερίων
959 1255 1175 1328 ἐχώρει.
1226 1258 1335 1311 Καὶ
1386 1257 1414 1310 ὁ
1476 1257 1609 1328 μηδὲ
1635 1257 1741 1311 τῶν

184 1349 376 1419 ἔγγιστα
399 1349 626 1420 πολέμῳ
651 1349 840 1420 δεδυνη
851 1349 1008 1419 μένος
1048 1350 1432 1421 περιγενέσθαι
1459 1351 1521 1404 τὸ
1549 1350 1741 1421 πρότε-

185 1460 279 1512 ρον,
308 1442 423 1496 τότε
482 1442 580 1496 καὶ
614 1442 723 1496 τῶν
759 1442 1034 1496 ἀπωτάτω
1073 1444 1316 1515 ἐκράτει.
1364 1445 1502 1515 Ἤδη
1545 1445 1603 1499 δὲ
1645 1447 1739 1499 καὶ

192 1534 359 1606 Ῥώμη
383 1534 524 1607 αὐτῇ
563 1535 702 1608 πρὸς
732 1538 916 1608 μάχην
949 1538 1214 1608 κατέστη.
1285 1536 1454 1592 Ὅθεν
1506 1539 1598 1594 καὶ
1670 1540 1736 1592 δι’

179 1627 475 1698 ἐπιμελείας
512 1627 729 1698 βασιλεῖ
757 1627 1021 1698 Μανουὴλ
1051 1628 1291 1698 ἐγένετο,
1337 1629 1484 1694 ὅπως
1543 1630 1609 1685 ἂν
1641 1633 1739 1703 τῆς

177 1720 327 1793 ὁρμῆς
345 1721 512 1778 αὑτὸν
560 1723 764 1794 σχήσῃ,
795 1721 870 1784 ὡς
895 1723 970 1794 μὴ
998 1723 1057 1777 τὸ
1084 1723 1414 1795 παραλόγως
1446 1726 1737 1797 εὐημερεῖν

179 1814 254 1866 καὶ
273 1811 360 1867 ἐπὶ
384 1812 488 1881 τὴν
519 1813 812 1882 Ῥωμαίων
870 1815 1031 1868 αὐτὸν
1061 1816 1304 1887 τρέψειε,

177 1903 341 1978 χρόνος
371 1904 562 1976 λίχνον
595 1907 972 1978 ὲπιρῤίψαντα
1023 1909 1202 1982 ταύτῃ
1223 1910 1524 1983 ὀφθαλμόν.
1572 1911 1734 1964 ὈΘεν

173 1998 248 2051 καὶ
273 1998 361 2050 ἐπὶ
390 1999 495 2069 μὲν
517 1999 648 2069 ἔθνη
665 2000 733 2054 τὰ
754 2001 880 2072 τῇδε
910 2003 1006 2056 καὶ
1033 2004 1133 2057 ὃσα
1165 2004 1368 2057 κόλπου
1397 2005 1545 2071 ἐντὸς
1583 2005 1732 2077 ἵδρυ-

173 2102 248 2143 ται
276 2089 364 2144 τοῦ
401 2089 589 2145 Ἰονίου
621 2091 730 2146 τῶν
759 2093 1121 2166 ἀσημοτέρων
1153 2095 1303 2159 τινας
1364 2095 1587 2163 ἀφανῶς
1641 2099 1734 2150 ὲκ-

171 2181 514 2256 πέμπωντῆς
554 2185 887 2257 Φρεδερίκου
965 2205 1024 2240 τε
1098 2189 1239 2242 αὺτά
1290 2189 1733 2261 ὑπομιμνήσκειν

169 2274 398 2332 ἐκέλευεν
425 2277 743 2350 ἀπληστίας
775 2281 870 2334 καὶ
910 2282 1046 2353 πρὸς
1107 2283 1424 2336 ἀντίστασιν
1486 2285 1731 2355 ἡγειρεν.

167 2366 245 2432 El;
274 2367 330 2422 δὲ
353 2368 413 2423 τὸ
441 2368 759 2424 Οὐεννέτων
784 2371 936 2436 ἔθνος
961 2373 1280 2445 Νικηφόρον
1330 2375 1428 2429 σὺν
1481 2376 1732 2447 χρήμασι

163 2456 239 2508 τὸν
267 2458 568 2530 Χαλούφην
602 2458 841 2531 ἔπεμπε,
871 2463 1275 2534 πειρασόμενον
1305 2480 1363 2517 τε
1397 2465 1497 2534 τῆς
1527 2460 1734 2526 είςάὐ-

160 2547 239 2604 τὸν
261 2549 352 2604 τοῦ
387 2550 585 2616 ἔθνους
616 2553 836 2615 εὐνοίας
864 2554 958 2608 καὶ
990 2555 1085 2608 ἐπὶ
1117 2556 1195 2625 τῷ
1232 2555 1533 2627 Ῥωμαίοις
1595 2574 1723 2628 συμ-

163 2641 360 2714 φέροντι
385 2643 460 2698 τὰ
474 2645 603 2717 τῇδε
619 2645 1385 2722 διοικησάμενον.ᾦρεδερίκος
1417 2651 1473 2703 δὲ
1508 2651 1745 2722 Ῥώμης.

159 2733 249 2807 ήδη
275 2737 662 2818 περιγεγονῲς
695 2738 835 2794 ἀλλα
863 2757 923 2794 τε
967 2741 1139 2795 πολλά
1186 2743 1510 2815 ὲνεωτέρισε
1544 2746 1640 2797 καὶ
1666 2744 1731 2817 δὴ

162 2831 243 2885 καὶ
274 2831 636 2904 Ἀλέξανδρον
665 2832 760 2887 τὸν
786 2835 912 2905 τῇδε
937 2835 1205 2907 ἀρχιερέα
1229 2837 1323 2890 τοῦ
1393 2837 1586 2908 θρόνου
1632 2857 1734 2892 κα-

156 2915 440 2990 τανονττιίισαςΔ
467 2925 830 2980 Ὀκταόιανδν
868 2928 1210 2999 ἀντεισῆξεν,
1282 2929 1536 2983 ἐντεῦθεν
1575 2927 1730 3002 οἶμαι

160 3016 243 3071 ’τοῦ
275 3014 571 3090 Ῥωμαίων
601 3019 998 3093 αὐτοκράτορος
1017 3021 1128 3095 (95)
1158 3025 1565 3094 προσαρμόττειν
1583 3026 1731 3098 αὐτῷ

158 3109 210 3163 τὸ
237 3109 462 3180 ἀξίωμα
487 3111 697 3182 οἰηθείς
720 3127 737 3142 ⁸
764 3112 946 3167 οὐδενὶ
964 3115 1074 3185 γὰρ
1098 3113 1244 3186 ἄλλῳ
1276 3114 1359 3168 ὅτι
1399 3116 1474 3186 μὴ
1517 3115 1734 3186 βασιλεῖ

1849 525 2113 585 potestas.
2145 513 2392 582 Cumque
2421 512 2544 566 aliis
2571 511 2753 566 multis
2783 509 3068 580 imperium
3099 511 3199 565 sibi
3233 526 3423 566 corro-

1847 607 2040 661 borare
2063 604 2328 661 sollicitus
2355 614 2518 666 esset,
2549 604 2616 659 ad
2650 605 2700 658 id
2728 617 2942 673 quoque
2972 603 3229 674 pecunias
3255 618 3420 673 quam

1847 699 2108 768 plurimas
2142 713 2305 753 avara
2337 706 2584 754 votorum
2616 695 2913 766 cupiditate
2956 696 3248 766 congessit,
3279 697 3421 765 quod

1844 791 1981 846 alias
2029 790 2214 846 facere
2267 805 2371 844 non
2419 797 2793 844 consueverat.
2851 788 3016 858 Igitur
3062 787 3419 843 Mediolanum

1845 884 2007 953 cepit,
2053 883 2326 939 civitatem
2361 883 2652 948 celebrem,
2701 892 2754 937 et
2805 881 3066 952 Ligurum
3114 882 3227 937 sive
3256 881 3410 936 Lom-

1845 975 2134 1033 bardorum
2169 988 2380 1048 gentem
2414 975 2611 1030 devicit
2641 993 2653 1029 :
2680 975 2998 1045 longiusque
3027 989 3341 1044 progressus
3365 974 3417 1028 in

1844 1070 1961 1140 ipsa
2011 1069 2320 1127 Occidentis
2371 1071 2580 1125 viscera
2619 1068 2854 1123 transiit.
2906 1067 2984 1121 Ita
3040 1067 3129 1136 qui
3186 1066 3418 1135 primum

1843 1162 2050 1218 vicinos
2083 1163 2187 1218 sibi
2224 1165 2409 1218 hostes
2440 1162 2577 1218 bello
2607 1177 2866 1233 superare
2894 1177 2998 1217 non
3030 1169 3296 1231 potuerat,
3326 1173 3413 1213 re~

1844 1255 2177 1310 motissimos
2207 1255 2369 1310 etiam
2399 1254 2712 1320 debellavit,
2742 1255 2812 1307 ita
2844 1264 2901 1307 ut
2945 1253 3130 1308 Romae
3174 1252 3272 1320 ipsi
3303 1251 3416 1322 jam

1842 1346 2041 1401 bellum
2077 1348 2391 1403 intentaret.
2416 1346 2570 1402 Unde
2599 1347 2652 1402 id
2682 1347 2980 1416 praesertim
3008 1345 3240 1415 principi
3273 1358 3419 1398 cura:

1842 1439 1962 1507 fuit,
2010 1453 2116 1509 quo
2163 1451 2323 1509 pacto
2358 1439 2500 1495 illius
2550 1440 2804 1506 impetum
2861 1438 3198 1508 reprimeret,
3238 1451 3304 1491 ne
3343 1445 3421 1490 tot

1843 1533 2091 1588 immensi
2130 1548 2411 1589 successus
2444 1534 2495 1587 in
2531 1533 2898 1588 Romanorum
2948 1531 3105 1596 lines,
3133 1546 3238 1600 quo
3275 1529 3419 1598 jam-

1842 1626 2044 1681 dudum
2096 1627 2282 1682 avidos
2314 1627 2500 1682 oculos
2547 1626 2874 1688 intenderat,
2930 1624 3073 1679 illius
3104 1639 3254 1679 arma
3283 1640 3416 1680 con-

1840 1727 2133 1774 verterent.
2165 1717 2461 1787 Eaproptcr
2496 1718 2560 1771 ad
2586 1727 2784 1788 gentes
2815 1717 2886 1772 ibi
2919 1711 3078 1780 sitas,
3112 1727 3166 1771 et
3191 1731 3308 1786 quae
3333 1716 3418 1771 Io-

1366 1818 1534 1882 πολὺς
1579 1819 1637 1884 ἐξ
1673 1811 1809 1876 ob];
1840 1812 1985 1866 nium
2045 1811 2184 1865 intra
2230 1811 2406 1865 sinum
2439 1809 2705 1880 adjacent,
2733 1810 3140 1879 ignobiliuribus
3191 1809 3414 1878 quibus-

1839 1909 1959 1961 dam
2002 1907 2138 1960 clam
2207 1904 2511 1970 submissis,
2571 1902 2842 1987 Frederici
2891 1901 3249 1957 insatiabilem
3300 1901 3418 1956 ani-

1839 2019 1982 2056 mum
2009 2003 2077 2058 ob
2105 2003 2293 2074 oculos
2318 2015 2522 2070 ponens
2550 2001 2615 2055 ad
2647 2001 3009 2056 resistendum
3041 1999 3307 2056 incitavit.
3335 1998 3419 2054 Ad

1838 2094 2070 2151 Venetos
2104 2103 2284 2150 autem
2317 2093 2676 2164 Nicephorum
2721 2092 3055 2162 Chaluphem
3088 2109 3211 2149 cum
3246 2109 3416 2164 pecu-

1836 2189 1942 2244 niis
1993 2189 2160 2254 misit,
2198 2187 2290 2258 qui
2322 2187 2483 2243 istius
2527 2185 2763 2241 nationis
2808 2184 3118 2256 exploraret
3161 2185 3416 2241 affectum

1835 2293 1889 2337 et
1933 2293 2128 2335 caetera
2177 2296 2299 2350 qua:
2353 2278 2614 2334 Romanis
2663 2278 3030 2334 conducerent
3083 2279 3155 2334 ibi
3211 2288 3413 2348 ageret.

1834 2371 2158 2428 Fredericus
2191 2374 2395 2427 interea
2425 2371 2595 2425 Roma
2618 2371 2730 2441 jam
2756 2370 2957 2440 potitus
2981 2381 3092 2425 tum
3120 2371 3222 2426 alia
3249 2371 3416 2427 multa

1837 2466 2136 2532 innovavit,
2181 2476 2289 2520 tum
2340 2474 2396 2520 et
2440 2464 2800 2529 Alexandum,
2835 2465 2925 2533 qui
2978 2480 3039 2519 ea
3095 2473 3418 2534 tempestate

1835 2576 2081 2617 summus
2111 2559 2277 2629 229
2306 2558 2544 2629 pontifex
2586 2567 2725 2623 erat,
2773 2557 2968 2612 throno
2999 2557 3192 2625 deiecit
3220 2567 3274 2612 et
3305 2557 3416 2614 0c-

1839 2655 2111 2709 tavianum
2147 2652 2464 2710 subsutuit:
2497 2651 2642 2716 inde,
2682 2661 2739 2705 ut
2768 2650 2981 2719 npiuor,
3016 2665 3267 2720 arrogare
3309 2651 3416 2706 sibi

1837 2749 2210 2806 Romanorum
2263 2747 2608 2816 iinpelatoris
2658 2745 2842 2800 volens
2885 2755 3224 2815 potestatem.
3271 2744 3414 2798 Nulli

1836 2844 1984 2899 enim
2015 2842 2108 2897 alii
2141 2851 2504 2912 praeterquam
2531 2837 2896 2892 Romanorum
2926 2839 3235 2908 imperatori
3265 2855 3417 2894 sum-

1838 2951 1982 2992 mum
2009 2936 2190 2991 Roma:
2208 2933 2521 3004 pontiﬁcem
2547 2931 2672 2988 licet
2693 2934 2987 3002 praeﬁcere.
3023 2929 3103 2985 Ex
3135 2946 3241 3000 quo
3269 2933 3412 2987 enim

1836 3039 2054 3100 propter
2091 3029 2512 3099 Byzantinorum
2573 3025 2956 3096 imperatorum
3009 3025 3313 3096 neglectum
3369 3026 3415 3079 is

1839 3135 1958 3176 mos
1989 3121 2226 3178 abolitus
2276 3129 2379 3183 est,
2420 3133 2578 3173 nemo
2611 3131 2937 3187 quemquam
2979 3114 3161 3172 Romae
3209 3118 3414 3172 consti-

146 3202 255 3276 _(94)
295 3202 596 3276 Ῥωμαίων
642 3203 906 3278 ἀρχιερέα
959 3182 1365 3278 προϐεδλῆοθαι
1401 3182 1486 3279 *τῇ
1517 3182 1723 3281 ⁷Ῥώμῃ

1838 3215 1938 3270 tuit
1971 3212 2298 3283 pontiﬁcem,
2332 3211 2424 3266 sed
2461 3211 2506 3264 is
2551 3225 2646 3280 per
2678 3210 3054 3279 episcoporum
3089 3219 3141 3263 et
3184 3207 3412 3262 Romani

153 3297 377 3366 ἐφεῖται.
415 3297 613 3354 Τοίνυν
657 3298 755 3354 καὶ
789 3298 977 3367 ὲξότου
1043 3299 1313 3371 ὀλιγωρίᾳ
1364 3301 1472 3354 τῶν
1511 3302 1568 3357 ὲν
1615 3303 1721 3357 Βυ-

153 3390 341 3465 ζαντίῳ
363 3393 640 3465 βασιλέων
669 3393 731 3447 τὸ
757 3392 1002 3448 τοιοῦτον
1025 3393 1333 3459 ἀπεσϐήκει
1364 3383 1504 3461 ἔθος,
1542 3396 1720 3461 οὐδεὶς

1831 3305 1964 3360 cleri
1991 3303 2294 3357 antistitum
2318 3302 2605 3356 concilium
2631 3301 2937 3356 creabatur.
2969 3299 3289 3354 Fredericus
3318 3312 3414 3354 au-

1831 3409 1934 3452 tem
1966 3397 2328 3464 imperatoriae
2347 3393 2458 3463 jam
2484 3394 2606 3446 olim
2642 3393 2854 3447 inhians
2881 3391 3152 3464 dignitati,
3182 3393 3284 3448 hoc
3306 3394 3414 3448 sibi

1523 3531 1623 3592 Du
1658 3531 1877 3609 Cangii
1906 3539 2095 3592 notae.

154 3653 320 3708 cantio
349 3651 750 3728 Bellovacensi,
781 3653 1009 3721 Sanuto,
1054 3655 1368 3728 ﬂoreigtreno,
1400 3655 1730 3728 Bromptono

150 3734 300 3802 atque
365 3724 508 3802 adeo
562 3735 817 3802 accurato
897 3725 1406 3802 aliasfamil‘iaruut
1453 3724 1727 3802 [ρξῌθ]

155 3795 648 3868 llltramarinarum
696 3796 980 3864 scriptore,
1039 3797 1236 3868 ltupini
1288 3795 1513 3852 fratrem
1556 3795 1726 3855 fuisse

152 3865 375 3938 leonem
430 3880 712 3938 perperam
765 3869 979 3938 referri.
1031 3865 1144 3923 Nec
1187 3869 1368 3924 obstat
1417 3871 1559 3938 quod
1617 3870 1727 3925 Leo

153 3933 446 4011 Rupinum,
474 3933 670 4005 Rupini
697 3951 764 4011 e_x
796 3937 907 4011 illia
935 3949 1196 4011 nepotem,
1233 3933 1448 4009 passim'
1474 3952 1728 4011 nepotem

152 4007 469 4079 simpliciter
499 4017 673 4061 vocat.
704 4006 913 4077 Quippe
961 4006 1146 4066 vocem
1188 4006 1327 4065 hanc
1361 4027 1458 4079 pro
1490 4006 1722 4066 consan-

151 4077 321 4146 guinei
359 4077 473 4130 lilio
511 4079 760 4134 crebrius
807 4081 1057 4149 usurpari
1104 4080 1245 4149 apud
1291 4077 1546 4137 auctores
1590 4098 1722 4148 con-

153 4158 276 4211 stat,
303 4161 412 4218 qua
447 4149 742 4203 etiamnum
773 4151 1039 4206 Armorici
1077 4151 1248 4206 nostri
1287 4153 1472 4206 eadem
1504 4153 1724 4209 notione

151 4220 339 4293 passim
391 4229 638 4272 utuntur.
694 4220 765 4293 De
813 4221 1123 4276 Andronico
1178 4221 1542 4293 Enphorbcno
1589 4239 1722 4280 con-

147 4288 428 4355 sulendum
469 4297 696 4343 stettttna
725 4291 1134 4347 Conmenicum.

213 4360 325 4429 (95)
369 4358 836 4432 ΤοῦγῬωμαίων
874 4362 1335 4432 αὐτοκράτορος.
1361 4363 1530 4419 Vetus
1563 4377 1643 4420 est
1670 4373 1724 4420 et

151 4430 436 4484 decantata
483 4431 570 4482 illa
615 4433 841 4499 quaestio
887 4441 941 4486 et
996 4430 1392 4501 controversia,
1450 4436 1724 4491 Romano-

148 4516 334 4555 rutnne
357 4503 750 4574 imperatorum
777 4502 941 4557 fuerit
967 4519 1207 4559 summos
1229 4508 1510 4574 pontitices
1536 4505 1724 4562 Romae

153 4586 357 4638 creare,
402 4573 488 4625 vel
538 4582 686 4627 certe
717 4589 791 4648 an
827 4577 859 4628 ii
900 4576 1102 4644 absque
1130 4573 1514 4648 imperatorum
1557 4577 1722 4648 elige-

155 4654 337 4698 rentur
375 4659 675 4714 consensu,
699 4644 762 4697 de
798 4660 902 4714 qua
939 4649 1104 4699 multa
1134 4647 1236 4700 viri
1276 4647 1417 4702 docti
1462 4644 1723 4703 hactenus

153 4722 306 4788 atque
343 4715 400 4788 in
439 4717 628 4788 primis
654 4713 885 4788 Jacobus
930 4714 1201 4788 Pamelius
1245 4719 1319 4788 adi
1343 4719 1505 4788 epist.
1543 4720 1633 4783 52,
1664 4719 1720 4774 S.

152 4783 423 4856 Cypriani,
459 4787 695 4856 Angelus
728 4801 754 4838 a
789 4785 932 4841 Nuce
970 4789 1034 4840 ad
1089 4787 1255 4842 Leon.
1292 4783 1406 4842 Osi.
1452 4791 1485 4842 Ι.
1541 4806 1622 4856 ιιι,
1671 4807 1718 4844 c.

153 4855 238 4920 21,
289 4857 403 4921 5υ;
461 4855 837 4923 Bellarminus,
875 4857 1136 4913 Batonius
1179 4869 1231 4913 et
1281 4861 1368 4912 alii
1413 4864 1622 4914 erutlite
1670 4873 1723 4916 et

154 4929 372 4996 copiose
410 4929 806 4981 disseruerunt.

219 5001 332 5069 (94)
371 4999 500 5072 Ὀξι
525 5000 609 5072 μὴ
635 4999 905 5063 βασιλεῖ.
956 5000 1018 5052 Ει
1051 5013 1178 5054 sane
1201 5012 1378 5057 stante
1408 5018 1724 5072 gravmsnno

157 5068 243 5124 illo
273 5068 418 5140 quod
447 5068 743 5125 Ecclesiam
777 5073 1049 5128 divexavit
1079 5072 1166 5126 diu
1199 5068 1488 5129 schismate
1517 5072 1725 5128 Manuel

159 5155 412 5212 magnum
439 5143 564 5212 inde
605 5142 706 5195 sibi
733 5143 916 5199 volens
940 5156 1253 5208 comparare
1279 5146 1723 5209 emolumentum,

157 5212 520 5267 Alexandrum
556 5211 596 5264 ll
658 5228 744 5283 pp.
803 5215 970 5269 variis
1026 5213 1216 5272 ciliciis
1277 5217 1378 5271 sibi
1439 5217 1728 5271 conciliare

161 5287 389 5350 studuit,
419 5301 526 5360 quo
553 5285 654 5360 sibi
681 5288 778 5341 soli
833 5289 1238 5360 imperatorlum
1271 5286 1485 5341 titulum
1514 5302 1727 5342 assere—

162 5367 257 5420 ret,
281 5359 554 5424 prontisso
585 5359 747 5412 etiam
783 5375 891 5416 non
917 5359 1139 5415 modico
1167 5359 1369 5413 auxilio
1409 5370 1459 5412 et
1498 5361 1724 5411 duarum

159 5428 517 5501 ecclesiarum?
568 5430 838 5499 proposita
893 5430 1137 5485 unione:
1205 5432 1346 5501 quod
1405 5431 1532 5485 olim
1592 5445 1729 5483 avus

164 5495 681 5571 llanuelisAleiius
717 5516 745 5556 a
782 5501 1034 5558 Paschali
1067 5501 1107 5554 ll
1141 5495 1236 5571 pp:
1261 5502 1504 5558 obtinere
1563 5503 1726 5555 etiam

164 5570 393 5642 annixus
423 5570 619 5636 fuerat,
648 5589 769 5626 cum
798 5574 864 5628 ab
894 5573 1124 5627 Henrico
1145 5570 1190 5628 γ
1229 5576 1550 5642 imperatore
1575 5588 1727 5642 pres-

160 5639 272 5694 sius
321 5641 412 5693 ille
469 5653 773 5710 urgeretur,
825 5653 1096 5699 utauctor
1135 5656 1217 5698 est
1253 5639 1441 5700 Petrus
1503 5639 1724 5698 ttincon.

167 5710 198 5763 l.
228 5724 302 5776 tv,
332 5710 536 5766 Chron.
562 5714 684 5769 Cas.
718 5731 762 5768 ς.
803 5715 887 5768 46.
931 5718 1064 5768 Acta
1093 5717 1386 5769 Alexandri
1423 5732 1512 5769 an.
1550 5715 1721 5768 lltiti:

164 5781 262 5835 Per
321 5784 456 5836 idem
507 5796 705 5852 tempus
762 5787 1074 5840 Emmanuel
1127 5803 1348 5857 magnus
1411 5798 1459 5840 et
1496 5787 1725 5841 excelsus

1832 3655 2051 3723 Cpoleos
2108 3655 2418 3724 imperator,
2476 3670 2641 3711 sciens
2701 3653 2968 3707 molestias
3024 3663 3073 3707 et
3097 3655 3411 3724 grauamina

1830 3744 1948 3797 quin
1977 3729 2259 3796 prwdictus
2296 3724 2613 3780 Fredericus
2669 3728 2959 3780 uenerando
2982 3728 3220 3792 cpiscopo
3253 3729 3414 3779 Alex-

1830 3801 1997 3851 andro
2035 3809 2219 3852 contra
2273 3797 2441 3852 Deum
2473 3808 2517 3850 et
2551 3814 2755 3850 omnem
2803 3797 3072 3865 justitiam
3100 3798 3407 3850 minabatur

1828 3869 2045 3939 inferre,
2093 3870 2236 3923 misit
2261 3872 2329 3922 ad
2362 3868 2542 3922 urbem
2587 3867 2809 3939 Romam
2866 3866 3162 3921 Jordanum
3203 3870 3412 3935 imperii

1827 3937 1910 3993 sui
1962 3944 2227 3994 sebastum
2286 3941 2558 4010 ﬁliumque
2618 3937 2833 3992 Roberti
2889 3939 3126 4008 Capuani
3157 3940 3408 4006 principis

1830 4011 1898 4063 ad
1956 4012 2343 4065 subventionem
2394 4019 2443 4065 et
2499 4012 2769 4065 servitium
2832 4010 3064 4079 ejusdem
3109 4011 3396 4079 pontiﬁcis.

1843 4080 2063 4135 Veniens
2102 4091 2281 4136 autem
2313 4083 2450 4135 idem
2484 4087 2722 4137 sebastus
2747 4082 3016 4135 [inutiliter
3043 4097 3096 4134 se
3128 4081 3410 4134 inclinarit

1831 4153 1996 4207 eidem
2035 4153 2268 4220 pontiﬁci
2339 4161 2387 4206 et
2419 4155 2606 4206 oblatis
2641 4153 2709 4204 ad
2762 4152 2913 4216 pedes
2955 4152 3066 4221 ejus
3107 4156 3308 4222 magnis
3359 4162 3407 4204 et

1831 4225 2076 4291 pretiosis
2132 4224 2455 4289 muneribus,
2505 4226 2680 4277 ainnia
2742 4241 2858 4293 quia
2907 4224 3126 4276 habebat
3167 4225 3217 4274 in
3254 4240 3405 4276 utan-

1834 4295 1974 4347 datis
2023 4293 2298 4364 diligenter
2354 4296 2615 4361 exposuit.
2675 4294 2736 4346 Et
2797 4296 2932 4348 inter
2997 4303 3187 4348 cwtera
3243 4311 3406 4347 unum

1833 4367 2217 4432 continebatur,
2271 4375 2378 4421 etc.
2437 4366 2673 4420 Asseruit
2713 4366 2850 4418 enim
2911 4368 3045 4435 quod
3074 4365 3208 4418 idem
3239 4366 3407 4435 impe-

1833 4445 1979 4489 rator
2027 4436 2298 4490 ecclesiam
2348 4453 2500 4490 suam
2548 4439 2698 4490 unire
2767 4434 2991 4501 volebat,
3043 4445 3144 4490 etc.
3223 4434 3404 4489 Nihilo

1757 4484 1800 4539 ι)
1824 4484 2004 4560 is}...
2029 4484 2297 4574 ᾧὶὶὲῐᾶίξ
2321 4484 2534 4577 «Uilla
2551 4484 2786 4560 "mea;
2802 4484 2991 4574 ’ὶὶίεῐιῖ
3008 4484 3069 4559 εἷ
3081 4484 3404 4575 ὶὲὶηρὶιίὸρζ

1829 4586 2113 4646 portunum
2159 4589 2209 4631 et
2239 4579 2556 4648 acceptabile
2609 4594 2663 4631 se
2723 4579 3002 4641 obtulerat,
3062 4577 3287 4630 Romani
3312 4595 3389 4628 co~

1829 4665 1960 4702 rana
1995 4649 2202 4714 imperii
2233 4667 2265 4702 a
2297 4652 2416 4703 sede
2448 4649 2737 4715 apostolica
2794 4648 3118 4711 redderetur,
3150 4651 3402 4717 quoniam

1830 4736 1933 4772 non
1963 4721 2030 4771 atl
2078 4719 2350 4773 Frederici
2384 4718 2683 4783 Alemanni,
2717 4719 2806 4772 sed
2835 4721 2905 4772 ad
2930 4721 3024 4788 jus
3074 4735 3224 4772 suum
3250 4736 3399 4772 asse-

1831 4799 1962 4842 reret
2001 4793 2281 4858 pertinere.
2311 4791 2395 4842 Ad
2431 4793 2566 4859 quod
2600 4807 2727 4855 opus
2757 4791 3052 4860 faciendum
3076 4799 3246 4843 tantas
3281 4794 3404 4844 auri

1830 4864 2130 4929 argentique
2169 4878 2288 4927 apes
2353 4872 2399 4915 et
2452 4862 2665 4930 fortium
2715 4864 2944 4913 uirorum
2991 4865 3282 4925 potentiam
3346 4879 3401 4914 se

1827 4933 2144 5001 largiturum
2198 4932 2424 5000 ﬁrmiter
2493 4932 2796 5003 spondebat,
2869 4937 3007 5001 quod
3073 4949 3174 4984 non
3226 4933 3396 4985 solum

1831 5003 2076 5067 Romam,
2108 5009 2195 5057 sed
2237 5005 2392 5057 etiam
2445 5001 2606 5056 totam
2661 5001 2873 5055 Italiam
2908 5005 2974 5056 ad
3036 5004 3262 5057 ccclesire
3284 5020 3398 5056 ser-

1827 5075 2011 5128 uitium
2049 5083 2097 5127 et
2116 5073 2490 5128 restituendam
2522 5075 2623 5126 sibi
2672 5071 2900 5126 ecclesia:
2931 5090 3178 5127 coronam
3202 5075 3398 5141 absque

1828 5146 1985 5198 dubio
2038 5146 2268 5214 stt/ﬁcere
2322 5155 2547 5214 poterat.
2603 5142 2750 5209 Quod
2815 5145 3023 5198 verbum
3081 5147 3197 5198 licet
3242 5147 3398 5198 nimis

1829 5216 2032 5285 di/ﬁcile
2083 5218 2346 5270 videretur
2403 5217 2447 5269 ei
2499 5226 2549 5269 et
2619 5214 2786 5268 multa
2827 5216 3200 5270 deliberatione
3267 5233 3395 5281 Opus

1829 5289 2036 5349 habere,
2087 5289 2214 5340 utile
2265 5297 2438 5341 tamen
2489 5289 2653 5341 uisum
2689 5295 2786 5348 est,
2835 5298 2888 5339 ut
2919 5289 3184 5355 paulisper
3215 5289 3396 5340 habitu

1831 5374 1947 5411 cum
1999 5359 2258 5425 [ratribus
2315 5361 2424 5412 suis
2473 5359 2690 5411 consitio
2743 5360 3038 5425 episcopum
3105 5358 3396 5412 Ostiensem

1829 5440 1873 5482 et
1903 5430 2224 5482 cardinalem
2257 5427 2360 5485 SS.
2394 5428 2618 5484 Joannis
2666 5437 2714 5481 et
2761 5427 2915 5481 Pauli
2950 5445 3041 5495 pro
3100 5444 3259 5481 causa
3281 5429 3397 5496 ipsa

1833 5503 2114 5554 tractanda
2151 5500 2367 5555 elatere
2419 5517 2514 5554 suo
2590 5515 2709 5556 cum
2763 5501 3010 5567 praedicto
3068 5501 3270 5553 sabasto
3330 5501 3400 5552 ad

1829 5574 2062 5640 ejusdem
2092 5573 2420 5639 imperatoris
2451 5571 2781 5640 prasentiam
2805 5571 3111 5624 destinaret.
3157 5571 3210 5624 ιιι
3236 5571 3401 5625 etiam

1832 5652 2016 5712 postea
2083 5648 2308 5696 tentavit
2376 5642 2610 5706 Manuel,
2670 5657 2757 5694 an.
2814 5641 2972 5705 H70,
3027 5652 3084 5695 ut
3135 5659 3199 5696 ex
3250 5643 3404 5694 Aetis

1831 5714 2072 5782 ejusdem
2131 5715 2398 5780 pontiﬁcis
2461 5713 2736 5781 colligitur
2788 5713 2927 5781 apud
2991 5712 3300 5767 Baronium.
3340 5712 3400 5766 ν.

1835 5788 1972 5839 infra
2007 5801 2058 5854 ι).
2091 5783 2196 5838 26:7.
2227 5801 2308 5854 sq.
