3834 6202
589 287 685 354 591

1875 278 2201 342 JOANNIS
2240 278 2565 341 CINNAMI
3679 278 3756 339 ira

579 404 631 458 si
664 405 985 470 arrogasset,
1017 395 1339 464 praecipuum
1373 391 1515 447 illius
1551 398 1926 459 argumentum
1955 388 2140 441 habere

2256 386 2447 441 οὐδένα
2474 388 2531 440 ἐν
2581 387 2766 461 Ῥώμῃ
2799 391 3062 463 ἀρχιερέα
3091 389 3340 464 καθίστη,
3368 391 3479 446 ἀλλ’
3529 391 3758 444 ὲπισιιοπι·

581 495 682 549 sibi
722 493 1020 547 videbatur.
1049 487 1247 542 Verum
1298 487 1384 541 ille
1421 484 1730 542 conciliatis
1778 481 2148 550 compluribus

577 581 1254 654 episcopis,quodcunque
1283 577 1405 630 novi
1435 583 1717 646 peregerat
1757 587 1850 643 per
1880 573 2143 641 synodum

576 675 884 728 conﬁrmari
916 672 1143 725 curavit.
1174 668 1232 723 id
1265 668 1478 737 regibus
1513 667 1722 720 creteris
1749 665 1890 719 haud
1922 663 2146 734 placuit.

582 767 748 821 Nemo
783 776 958 819 tamen
989 763 1053 816 ad
1108 760 1461 816 resistendum
1509 756 1820 821 Frederico,
1863 755 1952 824 qui
1986 755 2051 808 ad
2097 753 2146 806 id

577 857 865 928 potestatis
903 865 960 911 et
1004 854 1196 908 virium
1233 860 1574 921 pervenerat,
1621 849 1846 903 idoneus
1893 845 1993 900 fuit
2043 843 2146 898 nisi

567 956 889 1020 imperator,
922 947 1010 1017 qui
1045 945 1287 1015 pecuniis
1331 942 1645 1010 artibusque
1693 940 1814 995 aliis
1854 946 1909 993 et
1956 939 2006 992 in
2047 938 2148 991 hoc

577 1057 791 1112 quoque
823 1041 896 1093 illi
929 1038 1159 1100 obstitit,
1190 1044 1248 1089 et
1280 1033 1644 1089 Alexandrum
1684 1045 1868 1086 rursus
1903 1029 1957 1083 in
1999 1029 2148 1082 thro-

579 1152 704 1190 num
740 1131 1014 1201 imposuit.
1049 1129 1154 1184 Sed
1203 1129 1269 1182 de
1311 1128 1378 1181 iis
1422 1136 1636 1195 postea.
1669 1123 1975 1191 Cbalupbes
2017 1132 2149 1175 vero

575 1241 699 1282 cum
733 1223 1083 1294 Epidamnum
1112 1217 1449 1280 accessisset,
1477 1215 1659 1270 relicta
1687 1213 1757 1267 ibi
1787 1212 1943 1266 sicuti
1973 1211 2145 1279 impe-

577 1329 752 1371 ratum
786 1325 904 1370 erat
939 1311 1130 1381 majori
1182 1306 1530 1378 pecuniarum
1582 1313 1756 1375 parte,
1797 1310 2011 1357 ventum
2059 1315 2147 1356 se-

568 1409 806 1463 cundum
841 1417 1034 1460 nactus
1067 1402 1131 1457 ad
1170 1402 1399 1456 Venetos
1442 1399 1657 1467 navigio
1690 1395 1932 1466 pervenit
1964 1412 1978 1449 :
2010 1405 2062 1449 et
2094 1394 2145 1448 in

572 1500 898 1567 colloquium
944 1495 1164 1550 veniens
1210 1508 1329 1545 cum
1367 1491 1601 1560 regionis
1632 1489 1766 1542 duce
1811 1487 2042 1556 aliisque
2094 1487 2146 1538 iu

575 1593 678 1646 ista
727 1600 888 1660 gente
937 1586 1066 1640 viris
1118 1583 1439 1646 illustribus,
1493 1578 1798 1648 huiusmodi
1847 1579 2145 1632 orationem

2254 476 2367 530 κῶν
2393 479 2625 533 συνόδων
2647 483 2739 534 καὶ
2785 481 2878 534 τοῦ
2914 485 3052 537 κατὰ
3105 484 3193 554 [Ρ.
3254 484 3403 556 155.]
3465 483 3556 552 τὴν
3585 483 3763 551 Ῥώμην

2246 570 2636 640 ἀρχιερατικοῦ
2668 573 2844 627 ταῦτα
2878 575 3138 629 ἐτελεῖτο.
3184 576 3348 630 Ἀλλά
3393 576 3687 648 Φρεδερίκος
3707 579 3758 644 τῇ

2246 662 2654 736 αὐτοκράτορος
2686 667 2858 720 πάλαι
2905 669 3329 739 ὲποφθαλμίζων
3347 670 3507 740 ἀρχῇ,
3530 670 3615 722 καὶ
3641 667 3764 720 τοῦτο

2245 749 2309 822 δὴ
2335 752 2593 822 μέγιστον
2624 756 2794 827 αὐτῆς
2823 758 3111 830 γνώρισμα
3140 762 3590 835 ὑφαρπασάμενος
3623 763 3765 824 ἔδοξεν

2247 844 2414 916 ἔχειν.
2443 846 2502 900 '0
2521 847 2575 900 δὲ
2598 850 2694 903 καὶ
2725 851 2830 904 τῶν
2853 854 3170 908 ἐπισκόπων
3195 856 3649 926 ὑποποιησάμινος
3666 855 3768 907 πολ-

2247 939 2372 1002 λοὺς
2403 941 2506 994 ὑπὸ
2541 943 2927 1014 συνόδῳσδῆθεν
2983 947 3227 1017 ἐκύρωσε
3277 949 3347 1003 τὰ
3405 948 3496 1003 τοῦ
3558 965 3767 1017 νεωτερι·

2249 1026 2412 1096 σμοῦ.
2447 1029 2620 1084 Τοῦτο
2652 1033 2779 1104 ρηξὶ
2805 1036 2920 1100 τοῖς
2955 1037 3138 1102 ἄλλοις
3158 1037 3303 1106 εδοξε
3340 1038 3440 1110 μὲν
3464 1039 3560 1092 οὐκ
3591 1040 3770 1092 ἐπαινε-

2254 1120 2366 1187 τὸν,
2393 1121 2622 1195 ἐδυνήθη
2648 1125 2703 1179 δὲ
2741 1127 2920 1192 οὐδεὶς
2947 1130 3258 1204 Φρεδερίκῳ
3283 1133 3602 1202 ἀντιπρᾶξαι
3642 1131 3769 1185 δυνὰ-

2249 1225 2396 1278 μεως
2424 1210 2518 1264 ἐπὶ
2543 1213 2795 1268 πλεῖστον
2824 1216 3046 1287 ἥκοντι,
3078 1213 3159 1273 ὅτι
3181 1204 3268 1290 ’μὴ
3293 1219 3545 1291 βασιλεὺς
3565 1218 3770 1291 χρήμασί

2246 1313 2304 1349 τε
2336 1299 2429 1351 καὶ
2463 1307 2739 1372 μηχαναῖς
2769 1307 2986 1377 ἑτέραις
3013 1309 3269 1380 ἐμποδὼν
3301 1310 3452 1383 αὒτῷ
3481 1314 3578 1367 κάν
3634 1310 3772 1377 τούτῳ

2247 1388 2488 1456 ἐγένετο,
2529 1393 2881 1468 Ἀλέξανδρον
2918 1401 3012 1453 ὲπὶ
3063 1402 3158 1455 τοῦ
3191 1402 3382 1474 θρόνου
3424 1404 3654 1465 είσαῦθις
3699 1419 3772 1454 κα-

2246 1482 2679 1554 ταστησάμενος.
2724 1483 2884 1544 ’Λλλά
2917 1491 3087 1544 ταῦτα
3119 1493 3222 1564 μὲν
3251 1494 3499 1565 ὕστερον.
3530 1495 3586 1548 '0
3613 1496 3661 1548 δὲ
3689 1496 3774 1546 X1-

2245 1572 2473 1644 λούφηςν
2511 1578 2700 1649 ἐπειδὴ
2729 1581 2869 1650 πρὸς
2942 1583 3254 1656 Ἐπιδάμνῳ
3311 1588 3544 1655 ἐγένετο,
3583 1586 3776 1640 ἐνταῦθα

573 1683 762 1739 habuit
793 1699 807 1735 :
843 1697 862 1731 ι
901 1677 1068 1732 Nemo
1102 1685 1336 1732 vestrum
1385 1673 1676 1736 existimet,
1710 1671 1830 1738 viri,
1870 1685 1978 1737 me,
2019 1672 2140 1738 quia

2249 1669 2728 1737 προστεταγμένον
2765 1671 2917 1742 αὐτῷ
2941 1674 3014 1726 τὰ
3054 1675 3227 1728 πλείω
3247 1677 3359 1730 τῶν
3412 1681 3692 1748 χρημάτων
3718 1679 3778 1728 λ;-

569 1774 863 1832 metuimus
893 1786 959 1825 ne
987 1779 1164 1824 vestra
1216 1767 1436 1821 ﬂuctuet
1480 1779 1608 1835 erga
1646 1763 1946 1818 Romanum
1976 1761 2147 1830 impe-

568 1869 712 1924 rium
760 1863 1148 1926 benevolentia,
1183 1859 1304 1913 ideo
1335 1860 1438 1912 huc
1468 1856 1689 1910 missum
1722 1868 1844 1910 esse
1878 1852 1944 1906 ab
1979 1852 2150 1920 impe-

570 1969 780 2019 ratore,
812 1969 871 2010 ut
905 1953 1146 2008 labantes
1178 1961 1384 2004 vestros
1423 1948 1634 2002 animos
1677 1945 1881 2016 erigam
1923 1958 1987 1997 ac
2016 1957 2145 1996 con-

572 2052 803 2104 ﬁrmem.
861 2044 1046 2115 Neque
1084 2044 1234 2099 enim
1288 2041 1527 2094 futurum
1578 2038 1830 2100 arbitror,
1876 2035 2039 2106 230
2088 2043 2146 2088 ut

570 2155 663 2197 nul
688 2158 782 2197 vos
818 2140 916 2210 ipsi
947 2147 1056 2194 tam
1087 2136 1380 2206 degeneres
1409 2143 1462 2187 et
1493 2142 1665 2187 vestra
1711 2129 1958 2199 indignos
1988 2139 2145 2198 gente

564 2233 854 2307 praestetis,
889 2241 979 2286 aut
1007 2230 1076 2284 ab
1099 2244 1162 2285 ea
1191 2243 1351 2298 quam
1383 2228 1450 2281 de
1474 2223 1622 2279 vobis
1663 2223 1870 2293 pridem
1896 2220 2144 2290 concepit

568 2330 824 2401 opinione
873 2324 1084 2381 recedat
1149 2323 1462 2390 imperator.
1524 2315 1962 2384 Quandoquidem
2014 2325 2143 2367 vero

571 2425 711 2476 inter
743 2433 933 2475 omnes
975 2418 1064 2486 qui
1113 2415 1214 2469 sub
1260 2412 1403 2466 illius
1440 2418 1707 2479 potestate
1737 2417 1862 2461 sunt
1894 2405 2138 2476 populos,

570 2516 624 2569 in
660 2524 832 2569 vestra
874 2507 1244 2565 benevolentia
1277 2504 1613 2576 potissimam
1659 2499 1822 2555 habet
1865 2499 2136 2561 fiduciam,

564 2614 852 2677 eapropter
876 2613 930 2658 et
952 2617 1100 2655 suam
1129 2598 1543 2654 sollicitudinem
1571 2594 1722 2649 vobis
1749 2593 1977 2664 primum
2010 2590 2142 2644 indi-

564 2713 694 2753 care
726 2707 888 2768 atque
916 2698 1196 2750 ostendere
1220 2691 1428 2745 statuit.
1460 2686 1635 2755 Turpe
1668 2685 1810 2740 enim
1839 2692 1922 2739 est
1951 2683 2140 2738 subdi-

565 2785 638 2838 tis
670 2784 885 2853 quidem
919 2780 993 2834 uti
1040 2778 1308 2842 felicibus,
1339 2775 1630 2831 infelicium
1661 2788 1790 2828 vero
1814 2775 2138 2843 postliabere

564 2873 818 2929 salutem.
849 2868 926 2927 Ne
963 2869 1125 2938 igitur
1159 2866 1333 2932 vobis,
1369 2876 1426 2919 ut
1458 2874 1512 2920 ct
1554 2866 1762 2919 emeris
1787 2865 1879 2934 qui
1909 2864 2139 2934 impera-

569 2967 705 3023 toris
736 2964 971 3020 amicitia
1006 2988 1107 3016 ιιυιι
1144 2960 1420 3024 fruuntur,
1468 2961 1547 3014 vis
1578 2959 1752 3030 aliqua
1783 2975 1812 3013 a
1843 2957 2136 3013 Frederico

2250 1755 2366 1807 πὼν
2395 1758 2557 1822 αὐτὸς
2584 1761 2678 1814 ἐπὶ
2709 1762 3042 1831 Οὕεννέτους
3069 1768 3262 1821 ναυσὶν
3312 1763 3445 1838 ἦλθε
3509 1768 3777 1838 πνεύματος

2246 1846 2512 1919 ἑπιφόρου
2543 1850 2743 1922 τυχὼν,
2770 1852 2846 1923 τῷ
2875 1855 2972 1926 τῆς
3000 1855 3185 1928 χώρας
3239 1875 3300 1911 τε
3345 1859 3502 1912 δουκὶ
3559 1860 3646 1912 καὶ
3693 1861 3781 1918 τοῖς

2242 1939 2428 2004 ’ἄλλοις
2465 1943 2574 1995 τῶν
2607 1947 2667 2031 ιγ
2693 1945 2769 2017 τῷ
2805 1947 2949 2002 ἔθνει
2979 1949 3153 2022 τούτῳ
3197 1951 3441 2023 λογίμων
3493 1952 3569 2014 εἰς
3621 1951 3782 2017 λόγους

2247 2032 2421 2087 nam
2445 2034 2592 2101 ἔλεξε
2617 2039 2742 2092 τάδε
2776 2055 2793 2072 ⁶
2841 2059 2858 2094 ι
2885 2039 3090 2114 Μηδεὶς
3125 2046 3301 2117 ὑμῶν,
3366 2039 3409 2101 ὦ
3442 2048 3648 2119 ἄνδρες,
3679 2051 3782 2100 ἐπο-

2245 2125 2460 2182 λαϐέτω
2482 2129 2591 2183 δέει
2618 2131 2713 2186 τοῦ
2751 2134 2828 2206 μὴ
2854 2136 2920 2220 τὺ
2955 2137 3012 2201 ὲς
3033 2137 3130 2210 τὴν
3182 2139 3474 2210 Ῥωμαίων
3504 2141 3684 2194 εὔνουν
3709 2142 3784 2210 βσ-

2257 2222 2472 2276 σιλείαν
2505 2227 2845 2295 προήσεσθαι
2878 2245 3010 2282 ποτε
3051 2230 3149 2302 τὴν
3209 2232 3485 2303 ὑμετέραν
3544 2232 3787 2304 ἀγχίνοιαν

2246 2314 2381 2386 πρὸς
2420 2316 2686 2387 βασιλέως
2719 2314 2955 2377 ἐνταῦθά
2979 2339 3047 2393 με
3090 2324 3322 2394 ἀφῖχθαι
3401 2325 3714 2398 στηρίξοντα
3741 2325 3786 2374 τὸ

2244 2406 2399 2476 ὑμῶν
2429 2407 2563 2472 ἴσως
2614 2409 2848 2475 όκλάζον
2875 2411 2978 2480 τῆς
3039 2412 3287 2486 γνώμης.
3338 2415 3431 2487 Μὴ
3488 2416 3597 2486 γὰρ
3644 2413 3786 2476 οὕτως

2240 2497 2395 2550 αὐτοί
2433 2517 2492 2552 τε
2517 2500 2762 2569 ἀγεννῶς
2799 2505 2896 2557 καὶ
2963 2505 3197 2572 ἀναξίως
3259 2507 3352 2560 τοῦ
3433 2508 3593 2578 ὑμῶν
3638 2507 3787 2560 αὐτῶν

2241 2590 2460 2684 σχοίητε
2492 2593 2707 2660 γένους,
2752 2596 2848 2648 καὶ⁸
2879 2595 3140 2666 βασιλεὺς
3177 2599 3276 2670 τῆς
3307 2600 3437 2671 περὶ
3468 2601 3612 2672 ὑμᾶς
3649 2601 3787 2652 πάλαι

2239 2679 2530 2754 διαμᾶρτοι
2557 2685 2738 2756 δόξης.
2784 2687 2926 2743 Ἀλλ’
2949 2689 3140 2761 ἐπειδὴ
3160 2690 3270 2744 τῶν
3305 2692 3510 2760 ἄλλων,
3545 2694 3653 2746 ὅσοι
3706 2692 3786 2744 ὑπό

2240 2772 2338 2843 τὴν
2368 2775 2630 2847 παλάμην
2657 2778 2874 2866 τελοῦσι
2896 2781 2993 2852 τὴν
3011 2781 3198 2848 αὐτοῦ,
3217 2783 3345 2854 ὑμῖν
3369 2786 3609 2856 μάλιστα
3630 2788 3697 2846 είς
3717 2784 3787 2835 ει-

2237 2867 2595 2940 γνωμοσύνην
2652 2871 3008 2945 τεθαρρηκὼς
3035 2875 3144 2946 εῐη,
3183 2875 3410 2947 πρώτην
3442 2877 3535 2931 διὰ
3556 2877 3699 2931 τοῦτο
3718 2877 3790 2928 καὶ

2236 2960 2333 3033 τὴν
2347 2963 2510 3016 αὐτοῦ
2534 2967 2858 3036 κηδεμονίαν
2870 2968 2997 3038 ὑμῖν
3009 2971 3089 3023 ’ἐπ
3100 2969 3391 3036 ιδείξασθαι
3410 2970 3576 3042 ἔγνω.
3591 2971 3790 3041 Αἰσχρὶον

568 3058 857 3122 inferatur,
898 3056 1013 3110 viro
1049 3053 1346 3124 imperandi
1399 3051 1687 3122 percnpido
1729 3060 1784 3106 et
1830 3066 1948 3122 qua‘
1998 3060 2134 3106 tern-

2243 3031 2341 3126 μεν
2362 3059 2468 3129 γὰρ
2487 3031 2720 3129 χρῆσθαι
2760 3063 2870 3126 τοῖς
2907 3031 3172 3132 ύπηκόοις
3193 3031 3555 3136 ε-ὐημερούσι,
3583 3031 3790 3133 δυσέξιτ-

567 3168 700 3226 pore
725 3162 781 3205 et
809 3148 965 3220 longa
995 3148 1310 3202 saeculorum
1336 3146 1721 3200 consuetudine
1750 3146 1981 3199 stabilita
2013 3153 2138 3200 sunt

559 3245 873 3302 convellere
920 3242 1064 3296 nullo
1109 3241 1293 3294 labore
1341 3248 1638 3307 satagetttc,
1675 3254 1780 3303 me,
1816 3238 1890 3291 uti
1921 3239 2137 3307 videtis,

561 3338 634 3393 ad
684 3352 779 3390 vos
812 3335 979 3396 misit,
1027 3333 1376 3402 praebiturum
1410 3331 1612 3392 omnia,
1651 3346 1767 3398 quae
1801 3333 1865 3383 ab
1895 3330 2012 3398 ipso
2041 3344 2137 3400 ρο-

564 3428 872 3501 posceritis.
911 3425 1093 3480 Nostis
1140 3425 1307 3489 enim,
1358 3432 1416 3477 ut
1449 3424 1738 3492 aliquando
1784 3423 1850 3476 ad
1881 3421 2141 3477 Mediola-

565 3537 719 3588 num,
751 3519 1042 3589 adjuvante
1063 3518 1326 3586 principe,
1357 3517 1544 3583 pra-lio
1571 3530 1692 3570 cum
1722 3515 2009 3570 Frcderico
2033 3515 2138 3571 isto

567 3615 862 3671 commisso
889 3612 1122 3667 victores
1149 3610 1430 3664 evaseritis
1457 3626 1469 3662 :
1497 3609 1637 3663 unde
1667 3620 1720 3663 et
1760 3609 2137 3678 imperatorem

557 3723 790 3763 exosum
840 3703 1391 3771 liabet,-stolida‘fque
1436 3701 1672 3757 conlisus
1707 3702 1985 3766 socordiae,
2028 3701 2138 3755 Ro-

569 3815 853 3857 manorum
884 3810 1003 3853 sese
1032 3796 1436 3866 imperatorem,
1465 3793 1610 3848 nullo
1642 3793 1766 3848 licet
1792 3795 1932 3863 jure,
1958 3793 2137 3848 vocari

563 3893 680 3948 vult
710 3909 724 3947 :
753 3891 1001 3946 nesciens
1046 3887 1507 3942 extraordinarios
1555 3885 1785 3940 fortuna:
1832 3900 2136 3951 successus,

568 3997 688 4036 eum
723 3979 994 4035 soliditate
1024 3978 1168 4032 nulla
1204 3976 1518 4041 iniciantur,
1554 3977 1658 4030 cito
1690 3975 1867 4032 solere
1899 3975 2139 4033 diﬂluere

568 4085 622 4130 et
651 4088 998 4129 evanescere.
1033 4071 1210 4139 Atque
1241 4085 1301 4124 ea
1330 4078 1709 4138 snntquorum
1741 4071 1914 4139 gratia
1946 4071 2012 4124 a'd
2045 4084 2137 4125 vos

569 4167 687 4221 veni
721 4182 734 4218 :
769 4172 1005 4218 vestrum
1035 4174 1212 4215 autem
1241 4159 1344 4215 erit
1377 4157 1465 4214 illa
1497 4161 1783 4225 conﬁcere,
1813 4178 1931 4231 qua:
1971 4178 2139 4232 nuper

561 4274 662 4330 per
708 4257 910 4324 legatos
965 4270 1085 4308 cum
1140 4254 1462 4322 imperatore
1514 4251 1815 4322 pepigistis.
1872 4253 2140 4312 Dicebatis

559 4364 802 4420 namque
823 4347 1192 4418 adjungendas
1218 4345 1331 4400 fore
1354 4345 1558 4400 vicinas
1581 4343 1834 4416 Ligurum
1862 4345 2134 4408 civitates,

562 4445 610 4498 si
641 4445 798 4497 mmlo
828 4442 1023 4510 aliquis
1061 4431 1341 4510 Byzantio,
1374 4438 1465 4507 qui
1502 4438 1777 4495 vobiscum
1808 4454 1921 4493 rem
1947 4455 2135 4510 capes-

565 4545 732 4602 seret,
762 4536 1080 4590 adventaret
1103 4551 1116 4587 :
1139 4533 1280 4603 quod
1311 4541 1364 4586 et
1396 4531 1595 4586 factum
1625 4540 1730 4596 est,
1759 4532 1832 4585 uti
1868 4532 2080 4587 videtis.
2114 4549 2132 4583 ι

562 4631 690 4686 llrcc
726 4629 938 4700 quidem
984 4628 1117 4683 dixit
1160 4626 1508 4697 Nicephorus.
1541 4624 1704 4696 231
1740 4623 1924 4679 Veneti
1957 4637 2138 4679 autem

564 4732 790 4792 excepta
836 4721 979 4775 illius
1007 4722 1271 4783 oratione,
1304 4719 1482 4773 omnia
1514 4733 1571 4773 se
1606 4729 1957 4772 cheeuturos
1984 4717 2139 4787 polli-

560 4816 654 4868 citi
685 4823 830 4868 snnt.
866 4812 970 4866 Sed
997 4823 1053 4866 ct
1081 4811 1347 4866 Cremona
1392 4820 1445 4865 et
1475 4809 1774 4875 Patavium,
1808 4811 2139 4878 complures-

565 4922 668 4977 que
707 4908 824 4960 aliae
854 4907 904 4960 in
939 4904 1154 4976 Liguria
1188 4903 1836 4959 celeberrimae-civitates
1884 4905 2142 4974 principis

567 5015 746 5072 partes
791 5013 916 5057 sunt
944 5003 1222 5072 aniplexm.
1256 5003 1383 5056 Hth
1417 5001 1469 5056 in
1513 4998 1665 5056 Italia
1713 5003 1781 5056 ab
1817 5002 2141 5070 imperatore

565 5109 684 5152 aeta
733 5107 894 5158 sunt.
951 5113 1054 5150 nou
1113 5107 1297 5167 aperte
1347 5097 1560 5166 quidem
1595 5114 1610 5152 :
1640 5112 1765 5150 nam
1819 5105 2138 5165 conceptum

565 5192 821 5247 adversus
890 5190 1232 5245 Frcdericum
1303 5191 1483 5245 odium
1554 5201 1731 5262 tegere
1797 5189 1974 5245 adhuc
2037 5205 2133 5245 cu-

563 5285 760 5357 plebut.

565 5380 835 5434 νεστὰτων
873 5379 1082 5432 πόλεων
1147 5379 1358 5451 βασιλεί
1406 5381 1858 5452 προσεχώρησαν.

2164 4393 2213 4451 ι)

2237 3153 2477 3220 γούντων
2517 3152 2571 3206 δὲ
2599 3152 3180 3227 ἁ[πο]προσποιεῖσθαι
3217 3158 3316 3228 τὴν
3347 3159 3648 3229 σωτηρίαν.
3690 3158 3779 3207 Ἵνα

2235 3243 2414 3296 τοίνυν
2449 3244 2524 3315 μὴ
2549 3246 2641 3298 καὶ
2678 3247 2804 3316 ὑμῖν
2833 3247 2927 3300 σὺν
2954 3247 3156 3313 ἄλλοις,
3176 3250 3320 3313 ὅσοις
3342 3251 3403 3302 οὐ
3431 3250 3538 3318 τῆς
3565 3249 3785 3319 βασιλέως

2241 3337 2497 3407 μέτεστιν
2540 3339 2854 3409 εὐμενείας,
2923 3340 3216 3409 βεϐιάσθαι
3272 3340 3426 3412 παρά
3497 3342 3787 3414 Φρεδερξκον

2240 3431 2508 3502 συμϐαίη,
2577 3431 2772 3504 ἀνδρὸς
2832 3433 3233 3510 ὑπδοφιλαρχίᾳ
3262 3435 3355 3487 καὶ
3395 3434 3466 3488 τὰ
3499 3434 3671 3504 χρόνῳ
3719 3434 3791 3484 καὶ

2237 3517 2350 3573 ἔθει
2379 3523 2768 3592 κεκρατηκότα
2806 3521 3004 3594 μακρῷ
3027 3521 3268 3576 διαλύειν
3310 3523 3463 3593 πόνῳ
3507 3523 3680 3576 οὐδενὶ
3723 3539 3792 3587 φι-

2237 3609 2631 3678 λονεικοῦντος,
2657 3614 2756 3683 ἐμὲ
2780 3617 2912 3685 παρ⁷
2930 3615 3074 3684 ὑμᾶς
3105 3616 3179 3679 ὠς
3205 3615 3367 3686 όρᾶτε
3398 3617 3620 3687 ἔπεμψε
3647 3617 3794 3668 πάντα

2227 3704 2613 3778 ’παρεξόμενον
2642 3707 2782 3760 ὅσων
2818 3706 2885 3761 ἂν
2917 3710 3101 3778 τυχεῖν
3132 3709 3266 3780 παρ’
3282 3710 3453 3762 αὐτοῦ
3487 3708 3793 3780 δέησθε.Κσὶ

2236 3797 2335 3867 τὴν
2371 3801 2425 3849 ὲν
2463 3797 2818 3862 Μεδιολάνοις
2843 3800 2958 3882 γάρ
2987 3790 3117 3854 ποτε
3143 3800 3407 3885 βασιλέως
3465 3802 3795 3872 συμπρὰξιινι

2237 3902 2329 3947 τος
2364 3887 2501 3955 πρὸς
2536 3885 2865 3956 Φρεδερίκον
2890 3887 3040 3939 τόνδε
3071 3887 3394 3958 διαράμενοι
3469 3889 3652 3958 μάχην
3703 3888 3793 3938 im

2236 3979 2560 4046 ὅπωςςαύτοῦ
2586 3981 2944 4051 ἐκρατήσατε.
2971 3979 3211 4035 Δι’-δίκαι
3237 3981 3303 4034 δι’
3332 3983 3633 4054 ἀπεχθείας
3662 3980 3794 4043 οὗτος

2241 4071 2453 4140 βασιλεί
2475 4074 2727 4142 φέρεται,
2771 4074 3046 4146 ἀλογίστῳ
3093 4090 3154 4127 τε
3200 4075 3479 4128 πιστεύων
3544 4073 3793 4145 εὐπραγίᾳ

2239 4166 2330 4216 καὶ
2346 4164 2632 4234 Ῥωμαίων
2666 4162 2818 4219 οὐδὲν
2846 4166 3124 4238 προσῆκον
3146 4165 3512 4238 αὐτοκράτωρ
3525 4163 3796 4233 κεκλῆσθαι

2239 4258 2398 4323 ἀξιοῖ,
2424 4259 2524 4311 οὐκ
2555 4257 2713 4323 εἰδὼς
2750 4259 2822 4322 ὡς
2846 4260 2915 4313 τὰ
2947 4260 3048 4328 τῆς
3080 4260 3253 4331 τύχης
3285 4259 3579 4328 παράλογα
3611 4260 3698 4313 ire
3718 4258 3796 4308 οὐκ

2240 4350 2327 4402 ἐπ’
2358 4351 2638 4421 ἀσφαλοῦς
2663 4351 2936 4424 βεϐηκότα
2957 4352 3054 4422 τῆς
3084 4353 3246 4422 ἕδρας
3293 4355 3441 4422 ταχὺ
3519 4349 3798 4423 καταρρεῖν

2239 4443 2422 4500 εἴωθε.
2456 4441 2533 4497 Δί’
2565 4444 2601 4499 ἃ
2628 4446 2726 4515 μὲν
2751 4441 2846 4498 οὖν
2867 4446 3028 4508 αὐτὸς
3087 4445 3170 4514 ἐφ’
3223 4446 3368 4515 ὑμᾶς
3411 4441 3602 4517 ¹ἦλθον,
3652 4440 3799 4494 ταῦτα

2239 4540 2367 4590 εἰσι.
2405 4537 2650 4608 Μελήσει
2681 4537 2725 4590 δ’
2754 4536 2880 4607 ὑμῖν
2916 4539 3007 4590 ἐπὶ
3039 4537 3148 4589 τῶν
3205 4537 3381 4608 ἔργων
3413 4537 3661 4604 ἐξάγειν,
3717 4533 3801 4582 ὅσα

2247 4629 2396 4700 παρά
2447 4630 2679 4700 βασιλέα
2737 4629 3060 4700 πέμψαντες
3113 4630 3340 4700 ἔναγχος
3402 4628 3798 4699 διωμολογείτε.

2243 4723 2448 4792 Ἐφατε
2478 4723 2662 4776 τοίνυν
2700 4722 2802 4786 τὰς
2835 4724 3215 4794 ἀγχιγείτονας
3269 4724 3401 4793 ἡμῖν
3452 4719 3800 4793 παραστήςα.

2241 4817 2365 4870 σθαι
2396 4816 2905 4886 πόλειςΛιγούρων.
2928 4818 2977 4869 εί
3006 4817 3098 4870 καί
3122 4834 3202 4879 τις
3240 4819 3303 4868 ὲκ
3333 4814 3637 4880 Βυζαντίου
3659 4816 3804 4884 ἔργου

2241 4907 2646 4979 συλληψόμενος
2688 4909 2816 4976 ὑμῖν
2847 4907 3010 4964 ἔλθοι.
3064 4910 3127 4960 Ὅ
3144 4907 3324 4978 -δὴκαὶ
3347 4907 3596 4976 γέγονεν,
3635 4904 3802 4969 ὦσπῑρ

2239 5001 2424 5071 ὁρᾶτε.
2467 5020 2486 5052 ι
2524 5000 2843 5071 Νικηφόρος
2883 5001 2981 5071 μὲν
3021 4999 3263 5053 τοσαῦτα
3298 4995 3477 5063 εἶπεν,
3534 5001 3804 5051 Οὖέννεῖοι

2239 5097 2294 5149 δὲ
2321 5098 2445 5159 τοὺς
2486 5095 2676 5164 λόγου,
2703 5095 3078 5165 εἰσδεξάμενοι
3116 5093 3340 5160 ἐπιτελῆ
3361 5093 3542 5146 πάντα
3573 5093 3805 5160 ποιήσειν

2242 5189 2563 5260 ὑπέσχοντο.
2593 5189 2700 5240 Καὶ
2761 5186 2825 5257 δὴ
2873 5188 3111 5256 Κρεμών
3161 5205 3216 5240 τε
3274 5189 3371 5241 καὶ
3422 5185 3680 5240 Παταϐία
3730 5184 3805 5235 xit

2243 5286 2490 5338 πλεῖσται
2520 5281 2678 5336 ἄλλαι
2705 5282 2812 5335 τῶν
2844 5281 3094 5354 [P.154]
3143 5286 3198 5334 ὲν
3246 5284 3536 5352 Λιγοὺροις
3589 5295 3798 5348 περίφν

1940 5383 2027 5438 Ἐν
2082 5389 2182 5458 μὲν
2217 5388 2282 5458 δὴ
2330 5381 2528 5450 Ἰταλία
2584 5379 2755 5433 ταῦτα
2787 5379 3040 5450 βασιλεὺς
3083 5380 3380 5450 ἔπρασσεν,
3428 5377 3587 5431 οὔπω
3638 5378 3810 5446 μέντῡι

563 5474 831 5545 ἐπιδήλως
862 5490 874 5504 °
904 5475 964 5528 τὸ
998 5475 1105 5546 γὰρ
1163 5479 1217 5538 ὲς
1255 5477 1577 5546 Φρεδερίκον
1630 5476 1785 5546 ἔχθος
1843 5479 2234 5553 ὲγκρυφιάζειν
2271 5483 2350 5534 ἑτι
2373 5479 2585 5551 ήθελεν.

635 5569 719 5622 10.
772 5565 902 5620 Dum
958 5568 1075 5622 lucc
1126 5581 1402 5637 geruntur,
1448 5568 1818 5638 Ilungarorum
1872 5588 1963 5628 rex
2017 5575 2129 5629 Sir-

563 5662 725 5715 nium
758 5660 948 5714 iterum
987 5661 1240 5715 Romanis
1269 5661 1558 5714 abstulerat
1587 5661 1792 5730 ipsique
1819 5665 2130 5720 imminebat

562 5753 871 5821 hugmino.
921 5752 1074 5819 Quod
1108 5754 1194 5807 ubi
1240 5755 1449 5821 accepit
1500 5756 1771 5823 princeps,
1809 5760 2041 5825 scrlptas
2073 5760 2122 5813 in

2314 5570 2366 5628 ι’.
2409 5573 2466 5625 '0
2495 5571 2550 5625 δὲ
2583 5571 2694 5623 τῶν
2716 5569 2957 5623 Παιόνων
2995 5569 3094 5641 ρὴξ
3147 5570 3368 5640 Σίρμιόν
3394 5585 3454 5620 τε
3480 5563 3645 5631 αὖθις
3688 5567 3802 5619 Ῥω-

2243 5666 2422 5738 μαίοις
2451 5663 2786 5733 ἀφελόμενος
2817 5663 2945 5733 ἔσχε
2975 5665 3069 5714 καὶ
3112 5662 3416 5731 Ζευγμίνου
3480 5658 3655 5712 αὐτοῦ
3720 5657 3803 5724 ἥίς

2245 5763 2606 5830 μετεποιεῖτο.
2642 5758 2828 5812 Ταῦτα
2852 5755 3155 5820 πυθόμενος
3188 5753 3444 5810 Βασιλεὺς
3494 5747 3805 5805 ἐπέστειλε-ι
