  <div class='ocr_page' id='page_1' title='image "/cluster/home/n/w/nwhite01/storage/ocr_20150623/133/hvd.32044073502502/306.png"; bbox 0 0 3960 6164; ppageno 0'>
   <div class='ocr_carea' id='block_1_1' title="bbox 218 296 326 388">
    <p class='ocr_par' dir='ltr' id='par_1_1' title="bbox 218 296 326 388">
     <span class='ocr_line' id='line_1_1' title="bbox 218 296 326 388; baseline 0.009 -1"><span class='ocrx_word' id='word_1_1' title='bbox 218 296 326 388; x_wconf 71' lang='lat' dir='ltr'>est</span> 
     </span>
    </p>
   </div>
   <div class='ocr_carea' id='block_1_2' title="bbox 1450 279 2306 393">
    <p class='ocr_par' dir='ltr' id='par_1_2' title="bbox 1450 279 2306 393">
     <span class='ocr_line' id='line_1_2' title="bbox 1450 279 2306 393; baseline 0.001 -5"><span class='ocrx_word' id='word_1_2' title='bbox 1450 279 2013 389; x_wconf 25' lang='lat' dir='ltr'>&#39;Hts&#39;rontAttUM</span> <span class='ocrx_word' id='word_1_3' title='bbox 2048 329 2198 392; x_wconf 82' lang='lat' dir='ltr'>LIB.</span> <span class='ocrx_word' id='word_1_4' title='bbox 2233 330 2306 393; x_wconf 80' lang='grc' dir='ltr'>ν.</span> 
     </span>
    </p>
   </div>
   <div class='ocr_carea' id='block_1_3' title="bbox 3392 321 3498 384">
    <p class='ocr_par' dir='ltr' id='par_1_3' title="bbox 3392 321 3498 384">
     <span class='ocr_line' id='line_1_3' title="bbox 3392 321 3498 384; baseline 0 0"><span class='ocrx_word' id='word_1_5' title='bbox 3392 321 3498 384; x_wconf 76' lang='grc'>602</span> 
     </span>
    </p>
   </div>
   <div class='ocr_carea' id='block_1_4' title="bbox 219 432 1816 512">
    <p class='ocr_par' dir='ltr' id='par_1_4' title="bbox 219 434 1800 512">
     <span class='ocr_line' id='line_1_4' title="bbox 219 434 1800 512; baseline -0.001 -22"><span class='ocrx_word' id='word_1_6' title='bbox 219 453 310 490; x_wconf 73' lang='grc' dir='ltr'>ται</span> <span class='ocrx_word' id='word_1_7' title='bbox 349 435 460 489; x_wconf 75' lang='grc' dir='ltr'>τίνι</span> <span class='ocrx_word' id='word_1_8' title='bbox 494 434 819 509; x_wconf 71' lang='grc' dir='ltr'>ξυγκρούειν</span> <span class='ocrx_word' id='word_1_9' title='bbox 850 437 1004 494; x_wconf 68' lang='grc' dir='ltr'>αὐτοὶ</span> <span class='ocrx_word' id='word_1_10' title='bbox 1035 440 1456 512; x_wconf 83' lang='grc' dir='ltr'>τετολμήκασιν.</span> <span class='ocrx_word' id='word_1_11' title='bbox 1491 459 1511 493; x_wconf 75' lang='grc' dir='ltr'>ι</span> <span class='ocrx_word' id='word_1_12' title='bbox 1569 441 1660 494; x_wconf 83' lang='grc' dir='ltr'>Ἑν</span> <span class='ocrx_word' id='word_1_13' title='bbox 1680 436 1800 491; x_wconf 88' lang='grc' dir='ltr'>τού-</span> 
     </span>
    </p>
   </div>
   <div class='ocr_carea' id='block_1_5' title="bbox 1925 432 3490 512">
    <p class='ocr_par' dir='ltr' id='par_1_5' title="bbox 1929 432 3490 501">
     <span class='ocr_line' id='line_1_5' title="bbox 1929 432 3490 501; baseline -0.007 -7"><span class='ocrx_word' id='word_1_14' title='bbox 1929 455 1954 494; x_wconf 94' lang='lat' dir='ltr'>s</span> <span class='ocrx_word' id='word_1_15' title='bbox 1985 442 2181 493; x_wconf 86' lang='lat' dir='ltr'>&#39;autem</span> <span class='ocrx_word' id='word_1_16' title='bbox 2225 437 2314 493; x_wconf 90' lang='lat' dir='ltr'>ubi</span> <span class='ocrx_word' id='word_1_17' title='bbox 2367 435 2505 491; x_wconf 81' lang='lat' dir='ltr'>nihil</span> <span class='ocrx_word' id='word_1_18' title='bbox 2552 435 2620 490; x_wconf 88' lang='lat' dir='ltr'>de</span> <span class='ocrx_word' id='word_1_19' title='bbox 2672 433 2954 489; x_wconf 73' lang='lat' dir='ltr'><strong>Antiochia</strong></span> <span class='ocrx_word' id='word_1_20' title='bbox 3016 433 3118 487; x_wconf 89' lang='lat' dir='ltr'>sibi</span> <span class='ocrx_word' id='word_1_21' title='bbox 3161 432 3490 501; x_wconf 82' lang='lat' dir='ltr'>sperandum</span> 
     </span>
    </p>
   </div>
   <div class='ocr_carea' id='block_1_6' title="bbox 219 529 1815 604">
    <p class='ocr_par' dir='ltr' id='par_1_6' title="bbox 219 529 1815 604">
     <span class='ocr_line' id='line_1_6' title="bbox 219 529 1815 604; baseline 0.003 -23"><span class='ocrx_word' id='word_1_22' title='bbox 219 542 338 583; x_wconf 74' lang='grc' dir='ltr'>τοις</span> <span class='ocrx_word' id='word_1_23' title='bbox 378 529 480 596; x_wconf 76' lang='grc' dir='ltr'>μὲν</span> <span class='ocrx_word' id='word_1_24' title='bbox 509 529 578 582; x_wconf 81' lang='grc' dir='ltr'>τὰ</span> <span class='ocrx_word' id='word_1_25' title='bbox 620 530 715 583; x_wconf 87' lang='grc' dir='ltr'>τοῦ</span> <span class='ocrx_word' id='word_1_26' title='bbox 740 531 1072 601; x_wconf 74' lang='grc' dir='ltr'>γράμματος</span> <span class='ocrx_word' id='word_1_27' title='bbox 1095 529 1257 600; x_wconf 77' lang='grc' dir='ltr'>ἦσαν.</span> <span class='ocrx_word' id='word_1_28' title='bbox 1306 535 1364 587; x_wconf 88' lang='lat'>&#39;0</span> <span class='ocrx_word' id='word_1_29' title='bbox 1405 533 1460 586; x_wconf 79' lang='grc' dir='ltr'>δὲ</span> <span class='ocrx_word' id='word_1_30' title='bbox 1487 534 1673 604; x_wconf 77' lang='grc' dir='ltr'>ἐπειδὴ</span> <span class='ocrx_word' id='word_1_31' title='bbox 1705 535 1815 588; x_wconf 83' lang='grc' dir='ltr'>τῶν</span> 
     </span>
    </p>
   </div>
   <div class='ocr_carea' id='block_1_7' title="bbox 1921 528 3490 602">
    <p class='ocr_par' dir='ltr' id='par_1_7' title="bbox 1921 528 3490 602">
     <span class='ocr_line' id='line_1_7' title="bbox 1921 528 3490 602; baseline -0.004 -19"><span class='ocrx_word' id='word_1_32' title='bbox 1921 533 2074 596; x_wconf 79' lang='lat' dir='ltr'>vidit,</span> <span class='ocrx_word' id='word_1_33' title='bbox 2099 529 2341 602; x_wconf 87' lang='lat' dir='ltr'>perstitit</span> <span class='ocrx_word' id='word_1_34' title='bbox 2370 529 2438 583; x_wconf 91' lang='lat' dir='ltr'>de</span> <span class='ocrx_word' id='word_1_35' title='bbox 2490 529 2750 582; x_wconf 85' lang='lat' dir='ltr'>alliuitate</span> <span class='ocrx_word' id='word_1_36' title='bbox 2805 528 3191 596; x_wconf 77' lang='lat' dir='ltr'>imperatorem</span> <span class='ocrx_word' id='word_1_37' title='bbox 3251 539 3490 594; x_wconf 77' lang='lat' dir='ltr'>regare:</span> 
     </span>
    </p>
   </div>
   <div class='ocr_carea' id='block_1_8' title="bbox 222 606 1816 692">
    <p class='ocr_par' dir='ltr' id='par_1_8' title="bbox 222 617 1814 692">
     <span class='ocr_line' id='line_1_8' title="bbox 222 617 1814 692; baseline 0.003 -22"><span class='ocrx_word' id='word_1_38' title='bbox 222 617 309 671; x_wconf 76' lang='grc' dir='ltr'>ἐπ’</span> <span class='ocrx_word' id='word_1_39' title='bbox 349 620 659 692; x_wconf 76' lang='grc' dir='ltr'>Ἀντιοχείᾳ</span> <span class='ocrx_word' id='word_1_40' title='bbox 709 620 1063 692; x_wconf 76' lang='grc' dir='ltr'>ἠλπισμένων</span> <span class='ocrx_word' id='word_1_41' title='bbox 1119 621 1499 691; x_wconf 79' lang='grc' dir='ltr'>ἀπετύγχανεν</span> <span class='ocrx_word' id='word_1_42' title='bbox 1559 623 1680 692; x_wconf 72' lang='grc' dir='ltr'>ἤδη,</span> <span class='ocrx_word' id='word_1_43' title='bbox 1727 623 1814 674; x_wconf 64' lang='grc' dir='ltr'>ἐνι</span> 
     </span>
    </p>
   </div>
   <div class='ocr_carea' id='block_1_9' title="bbox 1925 606 3497 692">
    <p class='ocr_par' dir='ltr' id='par_1_9' title="bbox 1925 619 3497 691">
     <span class='ocr_line' id='line_1_9' title="bbox 1925 619 3497 691; baseline -0.004 -14"><span class='ocrx_word' id='word_1_44' title='bbox 1925 633 1968 677; x_wconf 71' lang='lat' dir='ltr'>et</span> <span class='ocrx_word' id='word_1_45' title='bbox 1994 631 2214 691; x_wconf 81' lang='lat' dir='ltr'>accepta</span> <span class='ocrx_word' id='word_1_46' title='bbox 2268 622 2320 676; x_wconf 92' lang='lat' dir='ltr'>in</span> <span class='ocrx_word' id='word_1_47' title='bbox 2376 619 2782 675; x_wconf 92' lang='lat' dir='ltr'>matrimonium</span> <span class='ocrx_word' id='word_1_48' title='bbox 2823 634 2927 672; x_wconf 88' lang='lat' dir='ltr'>una</span> <span class='ocrx_word' id='word_1_49' title='bbox 2962 619 3196 672; x_wconf 81' lang='lat' dir='ltr'>ﬁliarum</span> <span class='ocrx_word' id='word_1_50' title='bbox 3254 626 3497 685; x_wconf 79' lang='lat' dir='ltr'>protose-</span> 
     </span>
    </p>
   </div>
   <div class='ocr_carea' id='block_1_10' title="bbox 226 705 1815 786">
    <p class='ocr_par' dir='ltr' id='par_1_10' title="bbox 226 705 1815 786">
     <span class='ocr_line' id='line_1_10' title="bbox 226 705 1815 786; baseline 0.002 -25"><span class='ocrx_word' id='word_1_51' title='bbox 226 705 409 762; x_wconf 70' lang='grc' dir='ltr'>ἔκειτο</span> <span class='ocrx_word' id='word_1_52' title='bbox 451 707 799 781; x_wconf 57' lang='grc' dir='ltr'>περϊκήδους</span> <span class='ocrx_word' id='word_1_53' title='bbox 835 711 1020 764; x_wconf 85' lang='grc' dir='ltr'>λοιπὸν</span> <span class='ocrx_word' id='word_1_54' title='bbox 1049 713 1136 766; x_wconf 76' lang='grc' dir='ltr'>τὸν</span> <span class='ocrx_word' id='word_1_55' title='bbox 1168 712 1391 783; x_wconf 80' lang='grc' dir='ltr'>βασιλέα</span> <span class='ocrx_word' id='word_1_56' title='bbox 1429 712 1516 786; x_wconf 87' lang='grc' dir='ltr'>[Ρ.</span> <span class='ocrx_word' id='word_1_57' title='bbox 1549 711 1673 783; x_wconf 80' lang='grc'>158]</span> <span class='ocrx_word' id='word_1_58' title='bbox 1706 729 1815 764; x_wconf 58' lang='grc' dir='ltr'>παι</span> 
     </span>
    </p>
   </div>
   <div class='ocr_carea' id='block_1_11' title="bbox 229 799 1809 872">
    <p class='ocr_par' dir='ltr' id='par_1_11' title="bbox 229 799 1809 872">
     <span class='ocr_line' id='line_1_11' title="bbox 229 799 1809 872; baseline 0.001 -19"><span class='ocrx_word' id='word_1_59' title='bbox 229 800 614 870; x_wconf 81' lang='grc' dir='ltr'>ραιτούμενος.</span> <span class='ocrx_word' id='word_1_60' title='bbox 672 800 818 853; x_wconf 77' lang='grc' dir='ltr'>Μίαν</span> <span class='ocrx_word' id='word_1_61' title='bbox 843 802 1023 856; x_wconf 79' lang='grc' dir='ltr'>τοίνυν</span> <span class='ocrx_word' id='word_1_62' title='bbox 1065 803 1173 855; x_wconf 85' lang='grc' dir='ltr'>τῶν</span> <span class='ocrx_word' id='word_1_63' title='bbox 1205 799 1299 856; x_wconf 83' lang='grc' dir='ltr'>τοῦ</span> <span class='ocrx_word' id='word_1_64' title='bbox 1358 801 1809 872; x_wconf 79' lang='grc' dir='ltr'>πρωτοσεϐαστοῦ</span> 
     </span>
    </p>
   </div>
   <div class='ocr_carea' id='block_1_12' title="bbox 223 893 1811 963">
    <p class='ocr_par' dir='ltr' id='par_1_12' title="bbox 223 893 1811 963">
     <span class='ocr_line' id='line_1_12' title="bbox 223 893 1811 963; baseline -0.001 -17"><span class='ocrx_word' id='word_1_65' title='bbox 223 894 620 962; x_wconf 78' lang='grc' dir='ltr'>ἁρμοσάμενος</span> <span class='ocrx_word' id='word_1_66' title='bbox 659 893 978 963; x_wconf 83' lang='grc' dir='ltr'>Θυγατέρων</span> <span class='ocrx_word' id='word_1_67' title='bbox 998 894 1263 963; x_wconf 81' lang='grc' dir='ltr'>ὀμώμοκε</span> <span class='ocrx_word' id='word_1_68' title='bbox 1282 895 1472 947; x_wconf 71' lang='grc' dir='ltr'>λοιπὸν</span> <span class='ocrx_word' id='word_1_69' title='bbox 1503 895 1596 948; x_wconf 83' lang='grc' dir='ltr'>καὶ</span> <span class='ocrx_word' id='word_1_70' title='bbox 1624 894 1811 959; x_wconf 78' lang='grc' dir='ltr'>αὐτὸς,</span> 
     </span>
    </p>
   </div>
   <div class='ocr_carea' id='block_1_13' title="bbox 221 985 1813 1057">
    <p class='ocr_par' dir='ltr' id='par_1_13' title="bbox 221 985 1813 1057">
     <span class='ocr_line' id='line_1_13' title="bbox 221 985 1813 1057; baseline 0 -19"><span class='ocrx_word' id='word_1_71' title='bbox 221 988 320 1038; x_wconf 80' lang='grc' dir='ltr'>ὅσα</span> <span class='ocrx_word' id='word_1_72' title='bbox 348 985 450 1039; x_wconf 76' lang='grc' dir='ltr'>καὶ</span> <span class='ocrx_word' id='word_1_73' title='bbox 480 986 799 1049; x_wconf 81' lang='grc' dir='ltr'>Βαλδουῖνος</span> <span class='ocrx_word' id='word_1_74' title='bbox 818 987 845 1038; x_wconf 81' lang='grc' dir='ltr'>ό</span> <span class='ocrx_word' id='word_1_75' title='bbox 879 986 1111 1054; x_wconf 70' lang='grc' dir='ltr'>ἁδελφὸς</span> <span class='ocrx_word' id='word_1_76' title='bbox 1132 985 1298 1038; x_wconf 81' lang='grc' dir='ltr'>αὐτοῦ</span> <span class='ocrx_word' id='word_1_77' title='bbox 1332 987 1617 1057; x_wconf 87' lang='grc' dir='ltr'>πρότερον.</span> <span class='ocrx_word' id='word_1_78' title='bbox 1649 986 1813 1038; x_wconf 87' lang='grc' dir='ltr'>Βασι-</span> 
     </span>
    </p>
   </div>
   <div class='ocr_carea' id='block_1_14' title="bbox 220 1076 1814 1149">
    <p class='ocr_par' dir='ltr' id='par_1_14' title="bbox 220 1076 1814 1149">
     <span class='ocr_line' id='line_1_14' title="bbox 220 1076 1814 1149; baseline 0.001 -22"><span class='ocrx_word' id='word_1_79' title='bbox 220 1076 349 1138; x_wconf 73' lang='grc' dir='ltr'>λεὺς</span> <span class='ocrx_word' id='word_1_80' title='bbox 373 1077 456 1140; x_wconf 78' lang='grc' dir='ltr'>δὲ,</span> <span class='ocrx_word' id='word_1_81' title='bbox 489 1076 681 1143; x_wconf 81' lang='grc' dir='ltr'>ἐπειδὴ</span> <span class='ocrx_word' id='word_1_82' title='bbox 740 1076 968 1146; x_wconf 78' lang='grc' dir='ltr'>μηδέπω</span> <span class='ocrx_word' id='word_1_83' title='bbox 995 1077 1064 1129; x_wconf 80' lang='grc' dir='ltr'>τὰ</span> <span class='ocrx_word' id='word_1_84' title='bbox 1087 1078 1223 1148; x_wconf 60' lang='grc' dir='ltr'>πρὸς</span> <span class='ocrx_word' id='word_1_85' title='bbox 1283 1077 1382 1149; x_wconf 77' lang='grc' dir='ltr'>τὴν</span> <span class='ocrx_word' id='word_1_86' title='bbox 1446 1076 1598 1148; x_wconf 77' lang='grc' dir='ltr'>παρὰ</span> <span class='ocrx_word' id='word_1_87' title='bbox 1649 1076 1814 1139; x_wconf 84' lang='grc' dir='ltr'>πόδας</span> 
     </span>
    </p>
   </div>
   <div class='ocr_carea' id='block_1_15' title="bbox 221 1165 1813 1237">
    <p class='ocr_par' dir='ltr' id='par_1_15' title="bbox 221 1165 1813 1237">
     <span class='ocr_line' id='line_1_15' title="bbox 221 1165 1813 1237; baseline 0.003 -21"><span class='ocrx_word' id='word_1_88' title='bbox 221 1165 670 1234; x_wconf 77' lang='grc' dir='ltr'>ἐξαρτυσάμενος</span> <span class='ocrx_word' id='word_1_89' title='bbox 725 1165 883 1234; x_wconf 72' lang='grc' dir='ltr'>ἔτυχε</span> <span class='ocrx_word' id='word_1_90' title='bbox 923 1166 1106 1237; x_wconf 80' lang='grc' dir='ltr'>μάχην</span> <span class='ocrx_word' id='word_1_91' title='bbox 1137 1182 1152 1197; x_wconf 74' lang='grc' dir='ltr'><strong>ο</strong></span> <span class='ocrx_word' id='word_1_92' title='bbox 1184 1166 1368 1229; x_wconf 78' lang='grc' dir='ltr'>δείσας</span> <span class='ocrx_word' id='word_1_93' title='bbox 1402 1169 1534 1237; x_wconf 78' lang='grc' dir='ltr'>περὶ</span> <span class='ocrx_word' id='word_1_94' title='bbox 1564 1169 1628 1237; x_wconf 77' lang='grc' dir='ltr'>τῇ</span> <span class='ocrx_word' id='word_1_95' title='bbox 1663 1166 1813 1221; x_wconf 83' lang='grc' dir='ltr'>πόλει</span> 
     </span>
    </p>
   </div>
   <div class='ocr_carea' id='block_1_16' title="bbox 219 1255 1812 1331">
    <p class='ocr_par' dir='ltr' id='par_1_16' title="bbox 219 1255 1812 1331">
     <span class='ocr_line' id='line_1_16' title="bbox 219 1255 1812 1331; baseline 0.002 -23"><span class='ocrx_word' id='word_1_96' title='bbox 219 1256 459 1328; x_wconf 77' lang='grc' dir='ltr'>Ζεὺγμη</span> <span class='ocrx_word' id='word_1_97' title='bbox 495 1257 574 1326; x_wconf 79' lang='grc'>(5)</span> <span class='ocrx_word' id='word_1_98' title='bbox 617 1255 710 1309; x_wconf 63' lang='grc' dir='ltr'>ἐπὶ</span> <span class='ocrx_word' id='word_1_99' title='bbox 776 1258 1025 1311; x_wconf 83' lang='grc' dir='ltr'>πλεῖστον</span> <span class='ocrx_word' id='word_1_100' title='bbox 1061 1258 1162 1331; x_wconf 73' lang='grc' dir='ltr'>ἤδη</span> <span class='ocrx_word' id='word_1_101' title='bbox 1215 1260 1353 1330; x_wconf 72' lang='grc' dir='ltr'>πρὸς</span> <span class='ocrx_word' id='word_1_102' title='bbox 1405 1259 1501 1312; x_wconf 79' lang='grc' dir='ltr'>τοῦ</span> <span class='ocrx_word' id='word_1_103' title='bbox 1537 1259 1812 1328; x_wconf 76' lang='grc' dir='ltr'>Στεφάνου</span> 
     </span>
    </p>
   </div>
   <div class='ocr_carea' id='block_1_17' title="bbox 219 1349 1812 1423">
    <p class='ocr_par' dir='ltr' id='par_1_17' title="bbox 219 1349 1812 1423">
     <span class='ocr_line' id='line_1_17' title="bbox 219 1349 1812 1423; baseline 0.004 -22"><span class='ocrx_word' id='word_1_104' title='bbox 219 1350 702 1423; x_wconf 79' lang='grc' dir='ltr'>πυργηρουμὲνῃ,</span> <span class='ocrx_word' id='word_1_105' title='bbox 743 1349 852 1420; x_wconf 78' lang='grc' dir='ltr'>πρὸ</span> <span class='ocrx_word' id='word_1_106' title='bbox 891 1351 985 1404; x_wconf 86' lang='grc' dir='ltr'>τοῦ</span> <span class='ocrx_word' id='word_1_107' title='bbox 1016 1352 1108 1406; x_wconf 72' lang='grc' dir='ltr'>τὸν</span> <span class='ocrx_word' id='word_1_108' title='bbox 1130 1353 1394 1423; x_wconf 78' lang='grc' dir='ltr'>ὑπὲρτῶν</span> <span class='ocrx_word' id='word_1_109' title='bbox 1423 1353 1560 1406; x_wconf 84' lang='grc' dir='ltr'>ὅλων</span> <span class='ocrx_word' id='word_1_110' title='bbox 1581 1352 1812 1422; x_wconf 79' lang='grc' dir='ltr'>ἐκρῆξαι</span> 
     </span>
    </p>
   </div>
   <div class='ocr_carea' id='block_1_18' title="bbox 218 1444 1810 1518">
    <p class='ocr_par' dir='ltr' id='par_1_18' title="bbox 218 1444 1810 1518">
     <span class='ocr_line' id='line_1_18' title="bbox 218 1444 1810 1518; baseline 0.002 -22"><span class='ocrx_word' id='word_1_111' title='bbox 218 1444 494 1514; x_wconf 84' lang='grc' dir='ltr'>πόλεμον,</span> <span class='ocrx_word' id='word_1_112' title='bbox 565 1446 882 1518; x_wconf 75' lang='grc' dir='ltr'>στράτευμα</span> <span class='ocrx_word' id='word_1_113' title='bbox 929 1446 1088 1513; x_wconf 83' lang='grc' dir='ltr'>λόγου</span> <span class='ocrx_word' id='word_1_114' title='bbox 1146 1445 1298 1511; x_wconf 77' lang='grc' dir='ltr'>ἄξιον</span> <span class='ocrx_word' id='word_1_115' title='bbox 1363 1446 1629 1516; x_wconf 79' lang='grc' dir='ltr'>βοηθῆσον</span> <span class='ocrx_word' id='word_1_116' title='bbox 1673 1449 1810 1518; x_wconf 76' lang='grc' dir='ltr'>αὐτῇ</span> 
     </span>
    </p>
   </div>
   <div class='ocr_carea' id='block_1_19' title="bbox 218 1532 1812 1608">
    <p class='ocr_par' dir='ltr' id='par_1_19' title="bbox 218 1532 1812 1608">
     <span class='ocr_line' id='line_1_19' title="bbox 218 1532 1812 1608; baseline 0.003 -23"><span class='ocrx_word' id='word_1_117' title='bbox 218 1533 486 1585; x_wconf 77' lang='grc' dir='ltr'>ἔστελλεν</span> <span class='ocrx_word' id='word_1_118' title='bbox 555 1532 661 1586; x_wconf 79' lang='grc' dir='ltr'>ὑπὸ</span> <span class='ocrx_word' id='word_1_119' title='bbox 696 1535 1023 1605; x_wconf 74' lang='grc' dir='ltr'>στρατηγοῖς</span> <span class='ocrx_word' id='word_1_120' title='bbox 1067 1534 1288 1606; x_wconf 68' lang='grc' dir='ltr'>Μιχαὴλ</span> <span class='ocrx_word' id='word_1_121' title='bbox 1312 1553 1373 1588; x_wconf 84' lang='grc' dir='ltr'>τε</span> <span class='ocrx_word' id='word_1_122' title='bbox 1397 1536 1474 1605; x_wconf 80' lang='grc' dir='ltr'>τῷ</span> <span class='ocrx_word' id='word_1_123' title='bbox 1505 1537 1689 1608; x_wconf 78' lang='grc' dir='ltr'>Γαὸρᾷ</span> <span class='ocrx_word' id='word_1_124' title='bbox 1718 1539 1812 1590; x_wconf 76' lang='grc' dir='ltr'>καὶ</span> 
     </span>
    </p>
   </div>
   <div class='ocr_carea' id='block_1_20' title="bbox 217 1623 1811 1696">
    <p class='ocr_par' dir='ltr' id='par_1_20' title="bbox 217 1623 1811 1696">
     <span class='ocr_line' id='line_1_20' title="bbox 217 1623 1811 1696; baseline 0.004 -20"><span class='ocrx_word' id='word_1_125' title='bbox 217 1623 296 1692; x_wconf 80' lang='grc' dir='ltr'>τῷ</span> <span class='ocrx_word' id='word_1_126' title='bbox 322 1625 609 1696; x_wconf 82' lang='grc' dir='ltr'>Βρυεννίῳ</span> <span class='ocrx_word' id='word_1_127' title='bbox 645 1625 863 1696; x_wconf 71' lang='grc' dir='ltr'>Ἰωσὴφ,</span> <span class='ocrx_word' id='word_1_128' title='bbox 902 1626 994 1693; x_wconf 78' lang='grc' dir='ltr'>ὑφ’</span> <span class='ocrx_word' id='word_1_129' title='bbox 1035 1625 1130 1688; x_wconf 80' lang='grc' dir='ltr'>οὓς</span> <span class='ocrx_word' id='word_1_130' title='bbox 1159 1626 1377 1679; x_wconf 77' lang='grc' dir='ltr'>ἐτέλουν</span> <span class='ocrx_word' id='word_1_131' title='bbox 1409 1627 1559 1680; x_wconf 80' lang='grc' dir='ltr'>ἄλλοι</span> <span class='ocrx_word' id='word_1_132' title='bbox 1611 1645 1673 1681; x_wconf 89' lang='grc' dir='ltr'>τε</span> <span class='ocrx_word' id='word_1_133' title='bbox 1703 1628 1811 1682; x_wconf 85' lang='grc' dir='ltr'>τῶν</span> 
     </span>
    </p>
   </div>
   <div class='ocr_carea' id='block_1_21' title="bbox 215 1714 1811 1789">
    <p class='ocr_par' dir='ltr' id='par_1_21' title="bbox 215 1714 1811 1789">
     <span class='ocr_line' id='line_1_21' title="bbox 215 1714 1811 1789; baseline 0.005 -23"><span class='ocrx_word' id='word_1_134' title='bbox 215 1716 276 1767; x_wconf 76' lang='grc' dir='ltr'>ἑν</span> <span class='ocrx_word' id='word_1_135' title='bbox 329 1714 638 1787; x_wconf 73' lang='grc' dir='ltr'>Ῥωμαίοις</span> <span class='ocrx_word' id='word_1_136' title='bbox 689 1716 1162 1788; x_wconf 82' lang='grc' dir='ltr'>ἐπιφανεστέρων,</span> <span class='ocrx_word' id='word_1_137' title='bbox 1203 1720 1298 1771; x_wconf 82' lang='grc' dir='ltr'>καὶ</span> <span class='ocrx_word' id='word_1_138' title='bbox 1345 1718 1597 1789; x_wconf 76' lang='grc' dir='ltr'>Ἰωάννης</span> <span class='ocrx_word' id='word_1_139' title='bbox 1623 1719 1682 1772; x_wconf 85' lang='grc' dir='ltr'>ὃν</span> <span class='ocrx_word' id='word_1_140' title='bbox 1708 1721 1811 1789; x_wconf 77' lang='grc' dir='ltr'>ἄγ-</span> 
     </span>
    </p>
   </div>
   <div class='ocr_carea' id='block_1_22' title="bbox 213 1794 1888 1882">
    <p class='ocr_par' dir='ltr' id='par_1_22' title="bbox 213 1794 1888 1882">
     <span class='ocr_line' id='line_1_22' title="bbox 213 1794 1888 1882; baseline 0.004 -22"><span class='ocrx_word' id='word_1_141' title='bbox 213 1807 386 1876; x_wconf 86' lang='grc' dir='ltr'>γελον</span> <span class='ocrx_word' id='word_1_142' title='bbox 422 1809 752 1871; x_wconf 80' lang='grc' dir='ltr'>ἐπεκάλουν,</span> <span class='ocrx_word' id='word_1_143' title='bbox 790 1810 930 1881; x_wconf 72' lang='grc' dir='ltr'>ἀνὴρ</span> <span class='ocrx_word' id='word_1_144' title='bbox 981 1810 1479 1882; x_wconf 75' lang='grc' dir='ltr'>ἐμπειροπόλεμός,</span> <span class='ocrx_word' id='word_1_145' title='bbox 1505 1813 1599 1865; x_wconf 75' lang='grc' dir='ltr'>καὶ</span> <span class='ocrx_word' id='word_1_146' title='bbox 1631 1811 1812 1866; x_wconf 84' lang='grc' dir='ltr'>Ἰωάν-</span> <span class='ocrx_word' id='word_1_147' title='bbox 1846 1794 1888 1851; x_wconf 72' lang='grc' dir='ltr'><strong>Β</strong></span> 
     </span>
    </p>
   </div>
   <div class='ocr_carea' id='block_1_23' title="bbox 213 1902 1813 1976">
    <p class='ocr_par' dir='ltr' id='par_1_23' title="bbox 213 1902 1813 1976">
     <span class='ocr_line' id='line_1_23' title="bbox 213 1902 1813 1976; baseline 0.005 -24"><span class='ocrx_word' id='word_1_148' title='bbox 213 1918 315 1972; x_wconf 76' lang='grc' dir='ltr'>νης</span> <span class='ocrx_word' id='word_1_149' title='bbox 343 1904 375 1956; x_wconf 85' lang='grc' dir='ltr'>ὁ</span> <span class='ocrx_word' id='word_1_150' title='bbox 441 1903 608 1971; x_wconf 74' lang='grc' dir='ltr'>Ἰσὴς,</span> <span class='ocrx_word' id='word_1_151' title='bbox 667 1902 883 1976; x_wconf 78' lang='grc' dir='ltr'>Πέρσης</span> <span class='ocrx_word' id='word_1_152' title='bbox 942 1905 1040 1975; x_wconf 81' lang='grc' dir='ltr'>μὲν</span> <span class='ocrx_word' id='word_1_153' title='bbox 1067 1905 1128 1957; x_wconf 75' lang='grc' dir='ltr'>τὸ</span> <span class='ocrx_word' id='word_1_154' title='bbox 1163 1905 1320 1974; x_wconf 80' lang='grc' dir='ltr'>γένος</span> <span class='ocrx_word' id='word_1_155' title='bbox 1378 1906 1583 1976; x_wconf 81' lang='grc' dir='ltr'>τροφῆς</span> <span class='ocrx_word' id='word_1_156' title='bbox 1625 1905 1679 1959; x_wconf 85' lang='grc' dir='ltr'>δὲ</span> <span class='ocrx_word' id='word_1_157' title='bbox 1719 1910 1813 1962; x_wconf 80' lang='grc' dir='ltr'>καὶ</span> 
     </span>
    </p>
   </div>
   <div class='ocr_carea' id='block_1_24' title="bbox 211 1994 1814 2074">
    <p class='ocr_par' dir='ltr' id='par_1_24' title="bbox 211 1994 1814 2074">
     <span class='ocr_line' id='line_1_24' title="bbox 211 1994 1814 2074; baseline 0.005 -26"><span class='ocrx_word' id='word_1_158' title='bbox 211 1994 447 2066; x_wconf 78' lang='grc' dir='ltr'>διαίτης</span> <span class='ocrx_word' id='word_1_159' title='bbox 471 1996 822 2068; x_wconf 77' lang='grc' dir='ltr'>ςμεταλαχὼν</span> <span class='ocrx_word' id='word_1_160' title='bbox 863 1998 1202 2071; x_wconf 80' lang='grc' dir='ltr'>Ῥωμαῖκῆς.</span> <span class='ocrx_word' id='word_1_161' title='bbox 1249 2001 1374 2055; x_wconf 72' lang='grc' dir='ltr'>Ἐπὶ</span> <span class='ocrx_word' id='word_1_162' title='bbox 1419 2002 1580 2055; x_wconf 82' lang='grc' dir='ltr'>πλέον</span> <span class='ocrx_word' id='word_1_163' title='bbox 1611 2020 1671 2070; x_wconf 86' lang='grc' dir='ltr'>γε</span> <span class='ocrx_word' id='word_1_164' title='bbox 1706 2003 1814 2074; x_wconf 85' lang='grc' dir='ltr'>μὴν</span> 
     </span>
    </p>
   </div>
   <div class='ocr_carea' id='block_1_25' title="bbox 208 2087 1814 2162">
    <p class='ocr_par' dir='ltr' id='par_1_25' title="bbox 208 2087 1814 2162">
     <span class='ocr_line' id='line_1_25' title="bbox 208 2087 1814 2162; baseline 0.008 -23"><span class='ocrx_word' id='word_1_165' title='bbox 208 2089 280 2157; x_wconf 80' lang='grc' dir='ltr'>τῇ</span> <span class='ocrx_word' id='word_1_166' title='bbox 317 2087 487 2140; x_wconf 82' lang='grc' dir='ltr'>πόλει</span> <span class='ocrx_word' id='word_1_167' title='bbox 542 2089 852 2159; x_wconf 78' lang='grc' dir='ltr'>ἐπαρκέσαι</span> <span class='ocrx_word' id='word_1_168' title='bbox 910 2091 1191 2162; x_wconf 80' lang='grc' dir='ltr'>βουληθεὶς</span> <span class='ocrx_word' id='word_1_169' title='bbox 1227 2094 1356 2155; x_wconf 85' lang='grc' dir='ltr'>ναῦς</span> <span class='ocrx_word' id='word_1_170' title='bbox 1383 2095 1512 2148; x_wconf 74' lang='grc' dir='ltr'>ὡσεὶ</span> <span class='ocrx_word' id='word_1_171' title='bbox 1552 2096 1814 2162; x_wconf 78' lang='grc' dir='ltr'>πλείστας</span> 
     </span>
    </p>
   </div>
   <div class='ocr_carea' id='block_1_26' title="bbox 209 2184 1813 2262">
    <p class='ocr_par' dir='ltr' id='par_1_26' title="bbox 209 2184 1813 2262">
     <span class='ocr_line' id='line_1_26' title="bbox 209 2184 1813 2262; baseline 0.006 -28"><span class='ocrx_word' id='word_1_172' title='bbox 209 2184 589 2251; x_wconf 77' lang='grc' dir='ltr'>στρατιωτῶν</span> <span class='ocrx_word' id='word_1_173' title='bbox 615 2201 675 2237; x_wconf 88' lang='grc' dir='ltr'>τε</span> <span class='ocrx_word' id='word_1_174' title='bbox 704 2185 801 2238; x_wconf 76' lang='grc' dir='ltr'>καὶ</span> <span class='ocrx_word' id='word_1_175' title='bbox 860 2186 969 2238; x_wconf 88' lang='grc' dir='ltr'>τῶν</span> <span class='ocrx_word' id='word_1_176' title='bbox 1013 2189 1338 2257; x_wconf 74' lang='grc' dir='ltr'>ἐπιτηδείων</span> <span class='ocrx_word' id='word_1_177' title='bbox 1389 2191 1813 2262; x_wconf 78' lang='grc' dir='ltr'>ἐμπλησάμενος</span> 
     </span>
    </p>
   </div>
   <div class='ocr_carea' id='block_1_27' title="bbox 206 2275 1814 2359">
    <p class='ocr_par' dir='ltr' id='par_1_27' title="bbox 206 2275 1814 2359">
     <span class='ocr_line' id='line_1_27' title="bbox 206 2275 1814 2359; baseline 0.008 -32"><span class='ocrx_word' id='word_1_178' title='bbox 206 2275 448 2327; x_wconf 76' lang='grc' dir='ltr'>ἐκέλευε</span> <span class='ocrx_word' id='word_1_179' title='bbox 473 2275 567 2328; x_wconf 79' lang='grc' dir='ltr'>τὸν</span> <span class='ocrx_word' id='word_1_180' title='bbox 633 2277 847 2348; x_wconf 84' lang='grc' dir='ltr'>Ἴστρον</span> <span class='ocrx_word' id='word_1_181' title='bbox 881 2281 1306 2349; x_wconf 82' lang='grc' dir='ltr'>παραπλεούσας</span> <span class='ocrx_word' id='word_1_182' title='bbox 1334 2287 1442 2347; x_wconf 79' lang='grc' dir='ltr'>τοῖς</span> <span class='ocrx_word' id='word_1_183' title='bbox 1470 2285 1642 2339; x_wconf 74' lang='grc' dir='ltr'>ἔνδοθι</span> <span class='ocrx_word' id='word_1_184' title='bbox 1668 2304 1814 2359; x_wconf 80' lang='grc' dir='ltr'>παρ-</span> 
     </span>
    </p>
   </div>
   <div class='ocr_carea' id='block_1_28' title="bbox 207 2365 1814 2451">
    <p class='ocr_par' dir='ltr' id='par_1_28' title="bbox 207 2365 1814 2451">
     <span class='ocr_line' id='line_1_28' title="bbox 207 2365 1814 2451; baseline 0.009 -32"><span class='ocrx_word' id='word_1_185' title='bbox 207 2367 374 2434; x_wconf 83' lang='grc' dir='ltr'>έχειν</span> <span class='ocrx_word' id='word_1_186' title='bbox 414 2365 532 2420; x_wconf 83' lang='grc' dir='ltr'>τῶν</span> <span class='ocrx_word' id='word_1_187' title='bbox 562 2367 901 2437; x_wconf 81' lang='grc' dir='ltr'>ἀναγκαίων,</span> <span class='ocrx_word' id='word_1_188' title='bbox 929 2372 1033 2435; x_wconf 74' lang='grc' dir='ltr'>ἕως</span> <span class='ocrx_word' id='word_1_189' title='bbox 1064 2373 1226 2436; x_wconf 78' lang='grc' dir='ltr'>αὐτὸς</span> <span class='ocrx_word' id='word_1_190' title='bbox 1247 2378 1556 2446; x_wconf 76' lang='grc' dir='ltr'>πανστρατὶ</span> <span class='ocrx_word' id='word_1_191' title='bbox 1590 2379 1682 2432; x_wconf 76' lang='grc' dir='ltr'>ἐπὶ</span> <span class='ocrx_word' id='word_1_192' title='bbox 1711 2380 1814 2451; x_wconf 82' lang='grc' dir='ltr'>τὴν</span> 
     </span>
    </p>
   </div>
   <div class='ocr_carea' id='block_1_29' title="bbox 207 2459 1814 2540">
    <p class='ocr_par' dir='ltr' id='par_1_29' title="bbox 207 2459 1814 2540">
     <span class='ocr_line' id='line_1_29' title="bbox 207 2459 1814 2540; baseline 0.009 -28"><span class='ocrx_word' id='word_1_193' title='bbox 207 2459 507 2530; x_wconf 68' lang='grc' dir='ltr'>Οὖννικὴν</span> <span class='ocrx_word' id='word_1_194' title='bbox 557 2461 840 2532; x_wconf 76' lang='grc' dir='ltr'>ἀφίκηται.</span> <span class='ocrx_word' id='word_1_195' title='bbox 893 2460 1086 2517; x_wconf 75' lang='grc' dir='ltr'>Οὗννοι</span> <span class='ocrx_word' id='word_1_196' title='bbox 1115 2467 1195 2530; x_wconf 76' lang='grc' dir='ltr'>δέ,</span> <span class='ocrx_word' id='word_1_197' title='bbox 1231 2469 1420 2540; x_wconf 75' lang='grc' dir='ltr'>ἐπειδὴ</span> <span class='ocrx_word' id='word_1_198' title='bbox 1478 2470 1656 2525; x_wconf 83' lang='grc' dir='ltr'>πολύν</span> <span class='ocrx_word' id='word_1_199' title='bbox 1691 2490 1814 2526; x_wconf 88' lang='grc' dir='ltr'>τινα</span> 
     </span>
    </p>
   </div>
   <div class='ocr_carea' id='block_1_30' title="bbox 205 2551 1813 2631">
    <p class='ocr_par' dir='ltr' id='par_1_30' title="bbox 205 2551 1813 2631">
     <span class='ocr_line' id='line_1_30' title="bbox 205 2551 1813 2631; baseline 0.009 -29"><span class='ocrx_word' id='word_1_200' title='bbox 205 2551 422 2621; x_wconf 82' lang='grc' dir='ltr'>χρόνον</span> <span class='ocrx_word' id='word_1_201' title='bbox 460 2552 608 2621; x_wconf 64' lang='grc' dir='ltr'>ἀμφὶ</span> <span class='ocrx_word' id='word_1_202' title='bbox 637 2553 710 2623; x_wconf 83' lang='grc' dir='ltr'>τῷ</span> <span class='ocrx_word' id='word_1_203' title='bbox 740 2556 1013 2627; x_wconf 79' lang='grc' dir='ltr'>περιϐόλῳ</span> <span class='ocrx_word' id='word_1_204' title='bbox 1071 2559 1511 2631; x_wconf 68' lang='grc' dir='ltr'>ἐνδιατρίψαντες</span> <span class='ocrx_word' id='word_1_205' title='bbox 1552 2564 1813 2628; x_wconf 79' lang='grc' dir='ltr'>πολλάκις</span> 
     </span>
    </p>
   </div>
   <div class='ocr_carea' id='block_1_31' title="bbox 203 2640 1814 2719">
    <p class='ocr_par' dir='ltr' id='par_1_31' title="bbox 203 2640 1814 2719">
     <span class='ocr_line' id='line_1_31' title="bbox 203 2640 1814 2719; baseline 0.012 -31"><span class='ocrx_word' id='word_1_206' title='bbox 203 2655 269 2691; x_wconf 82' lang='grc' dir='ltr'>τε</span> <span class='ocrx_word' id='word_1_207' title='bbox 306 2640 501 2694; x_wconf 81' lang='grc' dir='ltr'>αὐτοῦ</span> <span class='ocrx_word' id='word_1_208' title='bbox 520 2642 1033 2715; x_wconf 80' lang='grc' dir='ltr'>ἁποπειρασάμενοι</span> <span class='ocrx_word' id='word_1_209' title='bbox 1069 2649 1316 2716; x_wconf 76' lang='grc' dir='ltr'>ἔγνωσαν</span> <span class='ocrx_word' id='word_1_210' title='bbox 1347 2651 1660 2719; x_wconf 80' lang='grc' dir='ltr'>ἀνεφίκτοις</span> <span class='ocrx_word' id='word_1_211' title='bbox 1695 2658 1814 2709; x_wconf 81' lang='grc' dir='ltr'>ἐπι⁴</span> 
     </span>
    </p>
   </div>
   <div class='ocr_carea' id='block_1_32' title="bbox 203 2734 1814 2817">
    <p class='ocr_par' dir='ltr' id='par_1_32' title="bbox 203 2734 1814 2817">
     <span class='ocr_line' id='line_1_32' title="bbox 203 2734 1814 2817; baseline 0.012 -35"><span class='ocrx_word' id='word_1_212' title='bbox 203 2735 436 2803; x_wconf 84' lang='grc' dir='ltr'>χειρεῖν</span> <span class='ocrx_word' id='word_1_213' title='bbox 470 2734 547 2804; x_wconf 77' lang='grc' dir='ltr'>(αἱ</span> <span class='ocrx_word' id='word_1_214' title='bbox 573 2736 679 2805; x_wconf 73' lang='grc' dir='ltr'>γὰρ</span> <span class='ocrx_word' id='word_1_215' title='bbox 717 2737 1027 2807; x_wconf 76' lang='grc' dir='ltr'>Ῥωμαϊκαὶ</span> <span class='ocrx_word' id='word_1_216' title='bbox 1088 2743 1214 2812; x_wconf 78' lang='grc' dir='ltr'>νῆες</span> <span class='ocrx_word' id='word_1_217' title='bbox 1265 2744 1358 2798; x_wconf 75' lang='grc' dir='ltr'>ἐπὶ</span> <span class='ocrx_word' id='word_1_218' title='bbox 1400 2745 1499 2816; x_wconf 77' lang='grc' dir='ltr'>τὴν</span> <span class='ocrx_word' id='word_1_219' title='bbox 1550 2749 1814 2817; x_wconf 72' lang='grc' dir='ltr'>ἐχομένην</span> 
     </span>
    </p>
   </div>
   <div class='ocr_carea' id='block_1_33' title="bbox 203 2816 1816 2909">
    <p class='ocr_par' dir='ltr' id='par_1_33' title="bbox 203 2816 1816 2909">
     <span class='ocr_line' id='line_1_33' title="bbox 203 2816 1816 2909; baseline 0.009 -28"><span class='ocrx_word' id='word_1_220' title='bbox 203 2827 486 2897; x_wconf 85' lang='grc' dir='ltr'>ποταμοῦ</span> <span class='ocrx_word' id='word_1_221' title='bbox 531 2829 746 2901; x_wconf 79' lang='grc' dir='ltr'>Ἴστρου</span> <span class='ocrx_word' id='word_1_222' title='bbox 778 2831 1021 2900; x_wconf 80' lang='grc' dir='ltr'>πλευρὰν</span> <span class='ocrx_word' id='word_1_223' title='bbox 1051 2835 1420 2908; x_wconf 79' lang='grc' dir='ltr'>ὁρμιζόμεναι</span> <span class='ocrx_word' id='word_1_224' title='bbox 1449 2816 1661 2909; x_wconf 81' lang='grc' dir='ltr'>μεγάλα</span> <span class='ocrx_word' id='word_1_225' title='bbox 1689 2816 1816 2905; x_wconf 56' lang='grc' dir='ltr'>’τοῖς</span> 
     </span>
    </p>
   </div>
   <div class='ocr_carea' id='block_1_34' title="bbox 204 2922 1815 3000">
    <p class='ocr_par' dir='ltr' id='par_1_34' title="bbox 204 2922 1815 3000">
     <span class='ocr_line' id='line_1_34' title="bbox 204 2922 1815 3000; baseline 0.009 -24"><span class='ocrx_word' id='word_1_226' title='bbox 204 2922 376 2976; x_wconf 71' lang='grc' dir='ltr'>ἔνδον</span> <span class='ocrx_word' id='word_1_227' title='bbox 434 2924 732 2993; x_wconf 87' lang='grc' dir='ltr'>Ῥωμαίοις</span> <span class='ocrx_word' id='word_1_228' title='bbox 763 2926 1172 2992; x_wconf 77' lang='grc' dir='ltr'>συνεϐάλλοντο,</span> <span class='ocrx_word' id='word_1_229' title='bbox 1217 2931 1353 3000; x_wconf 82' lang='grc' dir='ltr'>πρὸς</span> <span class='ocrx_word' id='word_1_230' title='bbox 1387 2933 1442 2985; x_wconf 83' lang='grc' dir='ltr'>δὲ</span> <span class='ocrx_word' id='word_1_231' title='bbox 1477 2935 1574 2987; x_wconf 74' lang='grc' dir='ltr'>καὶ</span> <span class='ocrx_word' id='word_1_232' title='bbox 1608 2935 1732 2998; x_wconf 75' lang='grc' dir='ltr'>τοὺς</span> <span class='ocrx_word' id='word_1_233' title='bbox 1757 2937 1815 2990; x_wconf 83' lang='grc' dir='ltr'>ἐν</span> 
     </span>
    </p>
   </div>
   <div class='ocr_carea' id='block_1_35' title="bbox 203 3017 1814 3095">
    <p class='ocr_par' dir='ltr' id='par_1_35' title="bbox 203 3017 1814 3095">
     <span class='ocr_line' id='line_1_35' title="bbox 203 3017 1814 3095; baseline 0.009 -28"><span class='ocrx_word' id='word_1_234' title='bbox 203 3017 458 3086; x_wconf 77' lang='grc' dir='ltr'>πολέμῳ</span> <span class='ocrx_word' id='word_1_235' title='bbox 496 3017 842 3087; x_wconf 76' lang='grc' dir='ltr'>τραυματίας</span> <span class='ocrx_word' id='word_1_236' title='bbox 893 3022 1299 3092; x_wconf 83' lang='grc' dir='ltr'>γεγενημένους</span> <span class='ocrx_word' id='word_1_237' title='bbox 1338 3025 1814 3095; x_wconf 73' lang='grc' dir='ltr'>ἀπολαμϐάνουσαι</span> 
     </span>
    </p>
   </div>
   <div class='ocr_carea' id='block_1_36' title="bbox 1917 708 3492 781">
    <p class='ocr_par' dir='ltr' id='par_1_36' title="bbox 1917 708 3492 781">
     <span class='ocr_line' id='line_1_36' title="bbox 1917 708 3492 781; baseline -0.004 -14"><span class='ocrx_word' id='word_1_238' title='bbox 1917 713 2077 778; x_wconf 87' lang='lat' dir='ltr'>basti,</span> <span class='ocrx_word' id='word_1_239' title='bbox 2126 714 2318 768; x_wconf 81' lang='lat' dir='ltr'>eadem</span> <span class='ocrx_word' id='word_1_240' title='bbox 2371 728 2492 781; x_wconf 72' lang='lat' dir='ltr'>qua:</span> <span class='ocrx_word' id='word_1_241' title='bbox 2547 720 2709 765; x_wconf 80' lang='lat' dir='ltr'><strong>antea</strong></span> <span class='ocrx_word' id='word_1_242' title='bbox 2753 712 2870 778; x_wconf 87' lang='lat' dir='ltr'>ejus</span> <span class='ocrx_word' id='word_1_243' title='bbox 2933 709 3104 765; x_wconf 79' lang='lat' dir='ltr'>frater</span> <span class='ocrx_word' id='word_1_244' title='bbox 3161 708 3492 765; x_wconf 86' lang='lat' dir='ltr'>Balduinus.</span> 
     </span>
    </p>
   </div>
   <div class='ocr_carea' id='block_1_37' title="bbox 1917 800 3494 875">
    <p class='ocr_par' dir='ltr' id='par_1_37' title="bbox 1917 800 3494 875">
     <span class='ocr_line' id='line_1_37' title="bbox 1917 800 3494 875; baseline -0.004 -17"><span class='ocrx_word' id='word_1_245' title='bbox 1917 816 2105 875; x_wconf 89' lang='lat' dir='ltr'>pactus</span> <span class='ocrx_word' id='word_1_246' title='bbox 2128 816 2230 862; x_wconf 89' lang='lat' dir='ltr'>est.</span> <span class='ocrx_word' id='word_1_247' title='bbox 2266 806 2566 875; x_wconf 78' lang='lat' dir='ltr'>Imperator</span> <span class='ocrx_word' id='word_1_248' title='bbox 2606 807 2766 859; x_wconf 81' lang='lat' dir='ltr'>rebus</span> <span class='ocrx_word' id='word_1_249' title='bbox 2795 803 3048 857; x_wconf 90' lang='lat' dir='ltr'>omnibus</span> <span class='ocrx_word' id='word_1_250' title='bbox 3086 802 3321 858; x_wconf 88' lang='lat' dir='ltr'>nondum</span> <span class='ocrx_word' id='word_1_251' title='bbox 3359 800 3494 854; x_wconf 86' lang='lat' dir='ltr'>satis</span> 
     </span>
    </p>
   </div>
   <div class='ocr_carea' id='block_1_38' title="bbox 1917 891 3495 965">
    <p class='ocr_par' dir='ltr' id='par_1_38' title="bbox 1917 891 3495 965">
     <span class='ocr_line' id='line_1_38' title="bbox 1917 891 3495 965; baseline -0.001 -17"><span class='ocrx_word' id='word_1_252' title='bbox 1917 897 1981 948; x_wconf 87' lang='lat' dir='ltr'>ad</span> <span class='ocrx_word' id='word_1_253' title='bbox 2040 912 2279 965; x_wconf 60' lang='lat' dir='ltr'>praisens</span> <span class='ocrx_word' id='word_1_254' title='bbox 2334 897 2534 951; x_wconf 89' lang='lat' dir='ltr'>bellum</span> <span class='ocrx_word' id='word_1_255' title='bbox 2592 895 2888 964; x_wconf 80' lang='lat' dir='ltr'>apparatis,</span> <span class='ocrx_word' id='word_1_256' title='bbox 2939 902 3184 948; x_wconf 78' lang='lat' dir='ltr'>metuens</span> <span class='ocrx_word' id='word_1_257' title='bbox 3245 891 3495 962; x_wconf 71' lang='lat' dir='ltr'>Zeugma:</span> 
     </span>
    </p>
   </div>
   <div class='ocr_carea' id='block_1_39' title="bbox 1916 979 3489 1058">
    <p class='ocr_par' dir='ltr' id='par_1_39' title="bbox 1916 979 3489 1058">
     <span class='ocr_line' id='line_1_39' title="bbox 1916 979 3489 1058; baseline 0.001 -20"><span class='ocrx_word' id='word_1_258' title='bbox 1916 987 2058 1051; x_wconf 88' lang='lat' dir='ltr'>urbi,</span> <span class='ocrx_word' id='word_1_259' title='bbox 2088 1004 2246 1055; x_wconf 84' lang='lat' dir='ltr'>quam</span> <span class='ocrx_word' id='word_1_260' title='bbox 2285 987 2595 1058; x_wconf 83' lang='lat' dir='ltr'>Stephanus</span> <span class='ocrx_word' id='word_1_261' title='bbox 2627 979 2940 1042; x_wconf 83' lang='lat' dir='ltr'>arctissima</span> <span class='ocrx_word' id='word_1_262' title='bbox 2973 986 3253 1042; x_wconf 86' lang='lat' dir='ltr'>obsidione</span> <span class='ocrx_word' id='word_1_263' title='bbox 3274 1000 3489 1054; x_wconf 88' lang='lat' dir='ltr'>preme-</span> 
     </span>
    </p>
   </div>
   <div class='ocr_carea' id='block_1_40' title="bbox 1916 1084 3493 1158">
    <p class='ocr_par' dir='ltr' id='par_1_40' title="bbox 1916 1084 3493 1158">
     <span class='ocr_line' id='line_1_40' title="bbox 1916 1084 3493 1158; baseline -0.002 -17"><span class='ocrx_word' id='word_1_264' title='bbox 1916 1087 2028 1153; x_wconf 88' lang='lat' dir='ltr'>bat,</span> <span class='ocrx_word' id='word_1_265' title='bbox 2063 1087 2378 1158; x_wconf 75' lang='lat' dir='ltr'>priusquam</span> <span class='ocrx_word' id='word_1_266' title='bbox 2405 1085 2474 1142; x_wconf 89' lang='lat' dir='ltr'>de</span> <span class='ocrx_word' id='word_1_267' title='bbox 2501 1101 2708 1141; x_wconf 89' lang='lat' dir='ltr'>summa</span> <span class='ocrx_word' id='word_1_268' title='bbox 2743 1101 2924 1140; x_wconf 89' lang='lat' dir='ltr'>rerum</span> <span class='ocrx_word' id='word_1_269' title='bbox 2955 1084 3154 1140; x_wconf 91' lang='lat' dir='ltr'>bellum</span> <span class='ocrx_word' id='word_1_270' title='bbox 3203 1084 3493 1154; x_wconf 73' lang='lat' dir='ltr'>arriperet,</span> 
     </span>
    </p>
   </div>
   <div class='ocr_carea' id='block_1_41' title="bbox 1918 1179 3494 1250">
    <p class='ocr_par' dir='ltr' id='par_1_41' title="bbox 1918 1179 3494 1250">
     <span class='ocr_line' id='line_1_41' title="bbox 1918 1179 3494 1250; baseline -0.003 -14"><span class='ocrx_word' id='word_1_271' title='bbox 1918 1181 2140 1237; x_wconf 90' lang='lat' dir='ltr'>idoneas</span> <span class='ocrx_word' id='word_1_272' title='bbox 2177 1180 2384 1250; x_wconf 86' lang='lat' dir='ltr'>aliquot</span> <span class='ocrx_word' id='word_1_273' title='bbox 2430 1181 2617 1250; x_wconf 85' lang='lat' dir='ltr'>copias</span> <span class='ocrx_word' id='word_1_274' title='bbox 2645 1180 2698 1234; x_wconf 91' lang='lat' dir='ltr'>in</span> <span class='ocrx_word' id='word_1_275' title='bbox 2736 1179 2998 1233; x_wconf 76' lang='lat' dir='ltr'>auxilium</span> <span class='ocrx_word' id='word_1_276' title='bbox 3028 1194 3092 1235; x_wconf 89' lang='lat' dir='ltr'>eo</span> <span class='ocrx_word' id='word_1_277' title='bbox 3136 1179 3308 1245; x_wconf 87' lang='lat' dir='ltr'>misit,</span> <span class='ocrx_word' id='word_1_278' title='bbox 3345 1179 3494 1232; x_wconf 88' lang='lat' dir='ltr'>duci-</span> 
     </span>
    </p>
   </div>
   <div class='ocr_carea' id='block_1_42' title="bbox 1916 1271 3498 1343">
    <p class='ocr_par' dir='ltr' id='par_1_42' title="bbox 1916 1271 3498 1343">
     <span class='ocr_line' id='line_1_42' title="bbox 1916 1271 3498 1343; baseline -0.001 -17"><span class='ocrx_word' id='word_1_279' title='bbox 1916 1272 2019 1328; x_wconf 91' lang='lat' dir='ltr'>bus</span> <span class='ocrx_word' id='word_1_280' title='bbox 2051 1271 2316 1327; x_wconf 81' lang='lat' dir='ltr'>Michaele</span> <span class='ocrx_word' id='word_1_281' title='bbox 2348 1271 2525 1326; x_wconf 86' lang='lat' dir='ltr'>Gabra</span> <span class='ocrx_word' id='word_1_282' title='bbox 2562 1281 2616 1325; x_wconf 91' lang='lat' dir='ltr'>et</span> <span class='ocrx_word' id='word_1_283' title='bbox 2640 1271 2876 1342; x_wconf 82' lang='lat' dir='ltr'>Josepho</span> <span class='ocrx_word' id='word_1_284' title='bbox 2907 1271 3200 1343; x_wconf 87' lang='lat' dir='ltr'>Bryennio,</span> <span class='ocrx_word' id='word_1_285' title='bbox 3239 1272 3345 1325; x_wconf 90' lang='lat' dir='ltr'>sub</span> <span class='ocrx_word' id='word_1_286' title='bbox 3379 1272 3498 1340; x_wconf 81' lang='lat' dir='ltr'>qui-</span> 
     </span>
    </p>
   </div>
   <div class='ocr_carea' id='block_1_43' title="bbox 1917 1362 3494 1423">
    <p class='ocr_par' dir='ltr' id='par_1_43' title="bbox 1917 1362 3494 1423">
     <span class='ocr_line' id='line_1_43' title="bbox 1917 1362 3494 1423; baseline -0.002 -3"><span class='ocrx_word' id='word_1_287' title='bbox 1917 1366 2017 1421; x_wconf 91' lang='lat' dir='ltr'>bus</span> <span class='ocrx_word' id='word_1_288' title='bbox 2049 1366 2355 1421; x_wconf 78' lang='lat' dir='ltr'>militabant</span> <span class='ocrx_word' id='word_1_289' title='bbox 2391 1377 2502 1418; x_wconf 92' lang='lat' dir='ltr'>tum</span> <span class='ocrx_word' id='word_1_290' title='bbox 2541 1364 2630 1419; x_wconf 87' lang='lat' dir='ltr'>alii</span> <span class='ocrx_word' id='word_1_291' title='bbox 2663 1365 2804 1420; x_wconf 88' lang='lat' dir='ltr'>inter</span> <span class='ocrx_word' id='word_1_292' title='bbox 2847 1364 3123 1418; x_wconf 82' lang='lat' dir='ltr'>Romanos</span> <span class='ocrx_word' id='word_1_293' title='bbox 3153 1362 3494 1423; x_wconf 85' lang='lat' dir='ltr'>illustriores,</span> 
     </span>
    </p>
   </div>
   <div class='ocr_carea' id='block_1_44' title="bbox 1918 1454 3498 1528">
    <p class='ocr_par' dir='ltr' id='par_1_44' title="bbox 1918 1454 3498 1528">
     <span class='ocr_line' id='line_1_44' title="bbox 1918 1454 3498 1528; baseline -0.002 -16"><span class='ocrx_word' id='word_1_294' title='bbox 1918 1469 2041 1525; x_wconf 23' lang='lat' dir='ltr'>tum.</span> <span class='ocrx_word' id='word_1_295' title='bbox 2085 1457 2326 1513; x_wconf 84' lang='lat' dir='ltr'>Joannes</span> <span class='ocrx_word' id='word_1_296' title='bbox 2388 1467 2751 1528; x_wconf 75' lang='lat' dir='ltr'>cognomento</span> <span class='ocrx_word' id='word_1_297' title='bbox 2805 1455 3082 1523; x_wconf 80' lang='lat' dir='ltr'>Angelus,</span> <span class='ocrx_word' id='word_1_298' title='bbox 3136 1455 3221 1509; x_wconf 86' lang='lat' dir='ltr'>vir</span> <span class='ocrx_word' id='word_1_299' title='bbox 3292 1454 3498 1509; x_wconf 74' lang='lat' dir='ltr'>militire</span> 
     </span>
    </p>
   </div>
   <div class='ocr_carea' id='block_1_45' title="bbox 1915 1543 3494 1617">
    <p class='ocr_par' dir='ltr' id='par_1_45' title="bbox 1915 1543 3494 1617">
     <span class='ocr_line' id='line_1_45' title="bbox 1915 1543 3494 1617; baseline -0.002 -17"><span class='ocrx_word' id='word_1_300' title='bbox 1915 1547 2298 1617; x_wconf 85' lang='lat' dir='ltr'>peritissimus,</span> <span class='ocrx_word' id='word_1_301' title='bbox 2319 1559 2372 1602; x_wconf 90' lang='lat' dir='ltr'>et</span> <span class='ocrx_word' id='word_1_302' title='bbox 2398 1547 2637 1602; x_wconf 80' lang='lat' dir='ltr'><strong>Joannes</strong></span> <span class='ocrx_word' id='word_1_303' title='bbox 2661 1546 2790 1608; x_wconf 88' lang='lat' dir='ltr'>lses,</span> <span class='ocrx_word' id='word_1_304' title='bbox 2816 1546 3036 1600; x_wconf 88' lang='lat' dir='ltr'>natione</span> <span class='ocrx_word' id='word_1_305' title='bbox 3060 1545 3276 1614; x_wconf 83' lang='lat' dir='ltr'>quidem</span> <span class='ocrx_word' id='word_1_306' title='bbox 3303 1543 3494 1606; x_wconf 84' lang='lat' dir='ltr'>Persa,</span> 
     </span>
    </p>
   </div>
   <div class='ocr_carea' id='block_1_46' title="bbox 1917 1638 3494 1696">
    <p class='ocr_par' dir='ltr' id='par_1_46' title="bbox 1917 1638 3494 1696">
     <span class='ocr_line' id='line_1_46' title="bbox 1917 1638 3494 1696; baseline -0.003 0"><span class='ocrx_word' id='word_1_307' title='bbox 1917 1652 2173 1696; x_wconf 73' lang='lat' dir='ltr'>creterum</span> <span class='ocrx_word' id='word_1_308' title='bbox 2247 1640 2388 1696; x_wconf 90' lang='lat' dir='ltr'>inter</span> <span class='ocrx_word' id='word_1_309' title='bbox 2461 1638 2736 1696; x_wconf 78' lang='lat' dir='ltr'>Romanos</span> <span class='ocrx_word' id='word_1_310' title='bbox 2801 1638 3040 1694; x_wconf 88' lang='lat' dir='ltr'>nutritus</span> <span class='ocrx_word' id='word_1_311' title='bbox 3099 1645 3156 1692; x_wconf 85' lang='lat' dir='ltr'>et</span> <span class='ocrx_word' id='word_1_312' title='bbox 3209 1638 3494 1692; x_wconf 81' lang='lat' dir='ltr'>educatus.</span> 
     </span>
    </p>
   </div>
   <div class='ocr_carea' id='block_1_47' title="bbox 1917 1730 3498 1804">
    <p class='ocr_par' dir='ltr' id='par_1_47' title="bbox 1917 1730 3498 1804">
     <span class='ocr_line' id='line_1_47' title="bbox 1917 1730 3498 1804; baseline -0.003 -14"><span class='ocrx_word' id='word_1_313' title='bbox 1917 1734 2160 1804; x_wconf 89' lang='lat' dir='ltr'>Cumque</span> <span class='ocrx_word' id='word_1_314' title='bbox 2189 1732 2483 1804; x_wconf 87' lang='lat' dir='ltr'>pluritnum</span> <span class='ocrx_word' id='word_1_315' title='bbox 2510 1732 2629 1787; x_wconf 85' lang='lat' dir='ltr'>urbi</span> <span class='ocrx_word' id='word_1_316' title='bbox 2657 1732 2918 1787; x_wconf 78' lang='lat' dir='ltr'>auxilium</span> <span class='ocrx_word' id='word_1_317' title='bbox 2944 1731 3087 1786; x_wconf 80' lang='lat' dir='ltr'>ferre</span> <span class='ocrx_word' id='word_1_318' title='bbox 3115 1730 3310 1796; x_wconf 81' lang='lat' dir='ltr'>vellet,</span> <span class='ocrx_word' id='word_1_319' title='bbox 3336 1746 3498 1786; x_wconf 79' lang='lat' dir='ltr'>naves</span> 
     </span>
    </p>
   </div>
   <div class='ocr_carea' id='block_1_48' title="bbox 1917 1822 3500 1894">
    <p class='ocr_par' dir='ltr' id='par_1_48' title="bbox 1917 1822 3500 1894">
     <span class='ocr_line' id='line_1_48' title="bbox 1917 1822 3500 1894; baseline -0.004 -12"><span class='ocrx_word' id='word_1_320' title='bbox 1917 1825 2222 1894; x_wconf 88' lang='lat' dir='ltr'>complures</span> <span class='ocrx_word' id='word_1_321' title='bbox 2249 1824 2512 1879; x_wconf 87' lang='lat' dir='ltr'>militibus</span> <span class='ocrx_word' id='word_1_322' title='bbox 2560 1825 2828 1894; x_wconf 89' lang='lat' dir='ltr'>rebusque</span> <span class='ocrx_word' id='word_1_323' title='bbox 2856 1822 2978 1877; x_wconf 84' lang='lat' dir='ltr'>aliis</span> <span class='ocrx_word' id='word_1_324' title='bbox 3011 1822 3337 1878; x_wconf 89' lang='lat' dir='ltr'>necessariis</span> <span class='ocrx_word' id='word_1_325' title='bbox 3367 1837 3500 1877; x_wconf 79' lang='lat' dir='ltr'>onc-</span> 
     </span>
    </p>
   </div>
   <div class='ocr_carea' id='block_1_49' title="bbox 1919 1917 3499 1990">
    <p class='ocr_par' dir='ltr' id='par_1_49' title="bbox 1919 1917 3499 1990">
     <span class='ocr_line' id='line_1_49' title="bbox 1919 1917 3499 1990; baseline -0.003 -16"><span class='ocrx_word' id='word_1_326' title='bbox 1919 1930 2064 1974; x_wconf 86' lang='lat' dir='ltr'>ratas</span> <span class='ocrx_word' id='word_1_327' title='bbox 2094 1933 2351 1990; x_wconf 87' lang='lat' dir='ltr'>superare</span> <span class='ocrx_word' id='word_1_328' title='bbox 2377 1919 2574 1974; x_wconf 87' lang='lat' dir='ltr'>Istrum</span> <span class='ocrx_word' id='word_1_329' title='bbox 2606 1926 2658 1972; x_wconf 89' lang='lat' dir='ltr'>et</span> <span class='ocrx_word' id='word_1_330' title='bbox 2689 1917 2923 1971; x_wconf 86' lang='lat' dir='ltr'>obsessis</span> <span class='ocrx_word' id='word_1_331' title='bbox 2952 1927 3315 1973; x_wconf 87' lang='lat' dir='ltr'>commeatum</span> <span class='ocrx_word' id='word_1_332' title='bbox 3360 1930 3499 1985; x_wconf 67' lang='lat' dir='ltr'>pra:-</span> 
     </span>
    </p>
   </div>
   <div class='ocr_carea' id='block_1_50' title="bbox 1916 2007 3496 2082">
    <p class='ocr_par' dir='ltr' id='par_1_50' title="bbox 1916 2007 3496 2082">
     <span class='ocr_line' id='line_1_50' title="bbox 1916 2007 3496 2082; baseline -0.006 -14"><span class='ocrx_word' id='word_1_333' title='bbox 1916 2013 2045 2068; x_wconf 90' lang='lat' dir='ltr'><strong>bere</strong></span> <span class='ocrx_word' id='word_1_334' title='bbox 2083 2012 2268 2082; x_wconf 82' lang='lat' dir='ltr'>jussit,</span> <span class='ocrx_word' id='word_1_335' title='bbox 2305 2010 2477 2064; x_wconf 90' lang='lat' dir='ltr'>donec</span> <span class='ocrx_word' id='word_1_336' title='bbox 2526 2009 2641 2078; x_wconf 85' lang='lat' dir='ltr'>ipse</span> <span class='ocrx_word' id='word_1_337' title='bbox 2675 2022 2797 2062; x_wconf 90' lang='lat' dir='ltr'>cum</span> <span class='ocrx_word' id='word_1_338' title='bbox 2845 2009 3104 2063; x_wconf 85' lang='lat' dir='ltr'>universo</span> <span class='ocrx_word' id='word_1_339' title='bbox 3155 2007 3396 2063; x_wconf 82' lang='lat' dir='ltr'>exercitu</span> <span class='ocrx_word' id='word_1_340' title='bbox 3446 2007 3496 2059; x_wconf 89' lang='lat' dir='ltr'>in</span> 
     </span>
    </p>
   </div>
   <div class='ocr_carea' id='block_1_51' title="bbox 1916 2099 3570 2175">
    <p class='ocr_par' dir='ltr' id='par_1_51' title="bbox 1916 2099 3570 2175">
     <span class='ocr_line' id='line_1_51' title="bbox 1916 2099 3570 2175; baseline -0.007 -13"><span class='ocrx_word' id='word_1_341' title='bbox 1916 2105 2247 2175; x_wconf 77' lang='lat' dir='ltr'>llungariain</span> <span class='ocrx_word' id='word_1_342' title='bbox 2298 2102 2672 2158; x_wconf 85' lang='lat' dir='ltr'>descenderet.</span> <span class='ocrx_word' id='word_1_343' title='bbox 2727 2099 2972 2171; x_wconf 80' lang='lat' dir='ltr'>Hungari</span> <span class='ocrx_word' id='word_1_344' title='bbox 3024 2114 3179 2165; x_wconf 87' lang='lat' dir='ltr'>vero,</span> <span class='ocrx_word' id='word_1_345' title='bbox 3223 2115 3346 2154; x_wconf 89' lang='lat' dir='ltr'>cum</span> <span class='ocrx_word' id='word_1_346' title='bbox 3406 2101 3496 2153; x_wconf 88' lang='lat' dir='ltr'>diu</span> <span class='ocrx_word' id='word_1_347' title='bbox 3567 2163 3570 2166; x_wconf 92' lang='lat'><strong><em>_</em></strong></span> 
     </span>
    </p>
   </div>
   <div class='ocr_carea' id='block_1_52' title="bbox 1924 2191 3497 2263">
    <p class='ocr_par' dir='ltr' id='par_1_52' title="bbox 1924 2191 3497 2263">
     <span class='ocr_line' id='line_1_52' title="bbox 1924 2191 3497 2263; baseline -0.008 -8"><span class='ocrx_word' id='word_1_348' title='bbox 1924 2200 2069 2255; x_wconf 87' lang='lat' dir='ltr'>circa</span> <span class='ocrx_word' id='word_1_349' title='bbox 2105 2197 2257 2254; x_wconf 81' lang='lat' dir='ltr'>urbis</span> <span class='ocrx_word' id='word_1_350' title='bbox 2295 2194 2494 2251; x_wconf 88' lang='lat' dir='ltr'>moenia</span> <span class='ocrx_word' id='word_1_351' title='bbox 2534 2196 2730 2250; x_wconf 83' lang='lat' dir='ltr'>morati</span> <span class='ocrx_word' id='word_1_352' title='bbox 2784 2209 2847 2249; x_wconf 88' lang='lat' dir='ltr'>ea</span> <span class='ocrx_word' id='word_1_353' title='bbox 2896 2194 3090 2263; x_wconf 69' lang='lat' dir='ltr'>saepius</span> <span class='ocrx_word' id='word_1_354' title='bbox 3140 2191 3497 2262; x_wconf 84' lang='lat' dir='ltr'>nequidquam</span> 
     </span>
    </p>
   </div>
   <div class='ocr_carea' id='block_1_53' title="bbox 1917 2287 3498 2357">
    <p class='ocr_par' dir='ltr' id='par_1_53' title="bbox 1917 2287 3498 2357">
     <span class='ocr_line' id='line_1_53' title="bbox 1917 2287 3498 2357; baseline -0.006 -10"><span class='ocrx_word' id='word_1_355' title='bbox 1917 2301 2248 2354; x_wconf 88' lang='lat' dir='ltr'>tentassent,</span> <span class='ocrx_word' id='word_1_356' title='bbox 2301 2304 2416 2344; x_wconf 86' lang='lat' dir='ltr'>rem</span> <span class='ocrx_word' id='word_1_357' title='bbox 2467 2302 2629 2357; x_wconf 87' lang='lat' dir='ltr'>supra</span> <span class='ocrx_word' id='word_1_358' title='bbox 2683 2287 2827 2342; x_wconf 89' lang='lat' dir='ltr'>vires</span> <span class='ocrx_word' id='word_1_359' title='bbox 2885 2287 3105 2356; x_wconf 76' lang='lat' dir='ltr'>aggredi</span> <span class='ocrx_word' id='word_1_360' title='bbox 3157 2295 3498 2341; x_wconf 86' lang='lat' dir='ltr'>statuerunt.</span> 
     </span>
    </p>
   </div>
   <div class='ocr_carea' id='block_1_54' title="bbox 1915 2366 3497 2440">
    <p class='ocr_par' dir='ltr' id='par_1_54' title="bbox 1915 2366 3497 2440">
     <span class='ocr_line' id='line_1_54' title="bbox 1915 2366 3497 2440; baseline -0.006 0"><span class='ocrx_word' id='word_1_361' title='bbox 1915 2384 2118 2440; x_wconf 87' lang='lat' dir='ltr'>Classis</span> <span class='ocrx_word' id='word_1_362' title='bbox 2135 2382 2279 2439; x_wconf 88' lang='lat' dir='ltr'>enim</span> <span class='ocrx_word' id='word_1_363' title='bbox 2302 2383 2546 2437; x_wconf 81' lang='lat' dir='ltr'>Romana</span> <span class='ocrx_word' id='word_1_364' title='bbox 2577 2379 2631 2435; x_wconf 92' lang='lat' dir='ltr'>in</span> <span class='ocrx_word' id='word_1_365' title='bbox 2660 2379 2890 2434; x_wconf 88' lang='lat' dir='ltr'>alterum</span> <span class='ocrx_word' id='word_1_366' title='bbox 2908 2377 3056 2432; x_wconf 83' lang='lat' dir='ltr'>ﬂuvii</span> <span class='ocrx_word' id='word_1_367' title='bbox 3085 2366 3224 2432; x_wconf 87' lang='lat' dir='ltr'>latus</span> <span class='ocrx_word' id='word_1_368' title='bbox 3251 2377 3497 2436; x_wconf 87' lang='lat' dir='ltr'>advecta,</span> 
     </span>
    </p>
   </div>
   <div class='ocr_carea' id='block_1_55' title="bbox 1919 2471 3496 2547">
    <p class='ocr_par' dir='ltr' id='par_1_55' title="bbox 1919 2471 3496 2547">
     <span class='ocr_line' id='line_1_55' title="bbox 1919 2471 3496 2547; baseline -0.008 -14"><span class='ocrx_word' id='word_1_369' title='bbox 1919 2491 2028 2533; x_wconf 93' lang='lat' dir='ltr'>tum</span> <span class='ocrx_word' id='word_1_370' title='bbox 2071 2487 2125 2532; x_wconf 91' lang='lat' dir='ltr'>et</span> <span class='ocrx_word' id='word_1_371' title='bbox 2171 2492 2363 2547; x_wconf 78' lang='lat' dir='ltr'>magna</span> <span class='ocrx_word' id='word_1_372' title='bbox 2397 2473 2681 2538; x_wconf 85' lang='lat' dir='ltr'>Romanis,</span> <span class='ocrx_word' id='word_1_373' title='bbox 2711 2471 2802 2542; x_wconf 88' lang='lat' dir='ltr'>qui</span> <span class='ocrx_word' id='word_1_374' title='bbox 2842 2473 2896 2527; x_wconf 91' lang='lat' dir='ltr'>in</span> <span class='ocrx_word' id='word_1_375' title='bbox 2945 2472 3082 2526; x_wconf 91' lang='lat' dir='ltr'>urbe</span> <span class='ocrx_word' id='word_1_376' title='bbox 3131 2479 3309 2532; x_wconf 89' lang='lat' dir='ltr'>erant,</span> <span class='ocrx_word' id='word_1_377' title='bbox 3342 2484 3496 2524; x_wconf 87' lang='lat' dir='ltr'>cem-</span> 
     </span>
    </p>
   </div>
   <div class='ocr_carea' id='block_1_56' title="bbox 1918 2564 3504 2638">
    <p class='ocr_par' dir='ltr' id='par_1_56' title="bbox 1918 2564 3504 2638">
     <span class='ocr_line' id='line_1_56' title="bbox 1918 2564 3504 2638; baseline -0.006 -12"><span class='ocrx_word' id='word_1_378' title='bbox 1918 2572 2072 2626; x_wconf 75' lang='lat' dir='ltr'>m‘oda</span> <span class='ocrx_word' id='word_1_379' title='bbox 2110 2568 2422 2638; x_wconf 62' lang='lat' dir='ltr'>praestabat,</span> <span class='ocrx_word' id='word_1_380' title='bbox 2486 2576 2597 2619; x_wconf 88' lang='lat' dir='ltr'>tum</span> <span class='ocrx_word' id='word_1_381' title='bbox 2639 2565 2808 2621; x_wconf 90' lang='lat' dir='ltr'>etiam</span> <span class='ocrx_word' id='word_1_382' title='bbox 2849 2564 2917 2618; x_wconf 88' lang='lat' dir='ltr'>iis</span> <span class='ocrx_word' id='word_1_383' title='bbox 2951 2564 3041 2634; x_wconf 91' lang='lat' dir='ltr'>qui</span> <span class='ocrx_word' id='word_1_384' title='bbox 3089 2565 3229 2618; x_wconf 88' lang='lat' dir='ltr'>inter</span> <span class='ocrx_word' id='word_1_385' title='bbox 3258 2577 3504 2633; x_wconf 80' lang='lat' dir='ltr'>pugnan-</span> 
     </span>
    </p>
   </div>
   <div class='ocr_carea' id='block_1_57' title="bbox 1917 2655 3503 2728">
    <p class='ocr_par' dir='ltr' id='par_1_57' title="bbox 1917 2655 3503 2728">
     <span class='ocr_line' id='line_1_57' title="bbox 1917 2655 3503 2728; baseline -0.004 -11"><span class='ocrx_word' id='word_1_386' title='bbox 1917 2664 2041 2717; x_wconf 87' lang='lat' dir='ltr'>dum</span> <span class='ocrx_word' id='word_1_387' title='bbox 2075 2660 2297 2716; x_wconf 79' lang='lat' dir='ltr'>vulnera</span> <span class='ocrx_word' id='word_1_388' title='bbox 2342 2668 2674 2728; x_wconf 82' lang='lat' dir='ltr'>exceperant</span> <span class='ocrx_word' id='word_1_389' title='bbox 2708 2657 2972 2726; x_wconf 86' lang='lat' dir='ltr'>receptis,</span> <span class='ocrx_word' id='word_1_390' title='bbox 3021 2655 3156 2710; x_wconf 84' lang='lat' dir='ltr'>alios</span> <span class='ocrx_word' id='word_1_391' title='bbox 3187 2657 3503 2723; x_wconf 87' lang='lat' dir='ltr'>corporibus</span> 
     </span>
    </p>
   </div>
   <div class='ocr_carea' id='block_1_58' title="bbox 1918 2747 3500 2825">
    <p class='ocr_par' dir='ltr' id='par_1_58' title="bbox 1918 2747 3500 2825">
     <span class='ocr_line' id='line_1_58' title="bbox 1918 2747 3500 2825; baseline -0.008 -12"><span class='ocrx_word' id='word_1_392' title='bbox 1918 2759 2154 2825; x_wconf 73' lang='lat' dir='ltr'>integros</span> <span class='ocrx_word' id='word_1_393' title='bbox 2182 2752 2348 2823; x_wconf 84' lang='lat'>239</span> <span class='ocrx_word' id='word_1_394' title='bbox 2382 2751 2436 2805; x_wconf 91' lang='lat' dir='ltr'>in</span> <span class='ocrx_word' id='word_1_395' title='bbox 2464 2766 2651 2805; x_wconf 90' lang='lat' dir='ltr'>eorum</span> <span class='ocrx_word' id='word_1_396' title='bbox 2683 2751 2862 2804; x_wconf 78' lang='lat' dir='ltr'>locum</span> <span class='ocrx_word' id='word_1_397' title='bbox 2899 2748 3290 2804; x_wconf 79' lang='lat' dir='ltr'>substituebat.</span> <span class='ocrx_word' id='word_1_398' title='bbox 3331 2747 3500 2802; x_wconf 78' lang='lat' dir='ltr'>Navi-</span> 
     </span>
    </p>
   </div>
   <div class='ocr_carea' id='block_1_59' title="bbox 1918 2841 3507 2919">
    <p class='ocr_par' dir='ltr' id='par_1_59' title="bbox 1918 2841 3507 2919">
     <span class='ocr_line' id='line_1_59' title="bbox 1918 2841 3507 2919; baseline -0.006 -17"><span class='ocrx_word' id='word_1_399' title='bbox 1918 2849 2019 2919; x_wconf 80' lang='lat' dir='ltr'>giis</span> <span class='ocrx_word' id='word_1_400' title='bbox 2051 2848 2213 2917; x_wconf 78' lang='lat' dir='ltr'>igitur</span> <span class='ocrx_word' id='word_1_401' title='bbox 2261 2855 2318 2900; x_wconf 90' lang='lat' dir='ltr'>et</span> <span class='ocrx_word' id='word_1_402' title='bbox 2368 2844 2470 2914; x_wconf 90' lang='lat' dir='ltr'>ipsi</span> <span class='ocrx_word' id='word_1_403' title='bbox 2523 2842 2800 2904; x_wconf 81' lang='lat' dir='ltr'>collectis,</span> <span class='ocrx_word' id='word_1_404' title='bbox 2841 2843 3158 2912; x_wconf 89' lang='lat' dir='ltr'>priusquam</span> <span class='ocrx_word' id='word_1_405' title='bbox 3217 2841 3406 2896; x_wconf 73' lang='lat' dir='ltr'>Gabrae</span> <span class='ocrx_word' id='word_1_406' title='bbox 3451 2852 3507 2895; x_wconf 88' lang='lat' dir='ltr'>et</span> 
     </span>
    </p>
   </div>
   <div class='ocr_carea' id='block_1_60' title="bbox 1917 2931 3506 3010">
    <p class='ocr_par' dir='ltr' id='par_1_60' title="bbox 1917 2931 3506 3010">
     <span class='ocr_line' id='line_1_60' title="bbox 1917 2931 3506 3010; baseline -0.007 -15"><span class='ocrx_word' id='word_1_407' title='bbox 1917 2940 2176 3010; x_wconf 87' lang='lat' dir='ltr'>Bryennii</span> <span class='ocrx_word' id='word_1_408' title='bbox 2213 2939 2264 2993; x_wconf 91' lang='lat' dir='ltr'>in</span> <span class='ocrx_word' id='word_1_409' title='bbox 2293 2937 2626 3007; x_wconf 81' lang='lat' dir='ltr'>llungariam</span> <span class='ocrx_word' id='word_1_410' title='bbox 2674 2935 3022 2989; x_wconf 85' lang='lat' dir='ltr'>advenissent</span> <span class='ocrx_word' id='word_1_411' title='bbox 3066 2932 3236 2999; x_wconf 74' lang='lat' dir='ltr'>cepite</span> <span class='ocrx_word' id='word_1_412' title='bbox 3277 2948 3369 3000; x_wconf 85' lang='lat' dir='ltr'>per</span> <span class='ocrx_word' id='word_1_413' title='bbox 3406 2931 3506 2985; x_wconf 84' lang='lat' dir='ltr'>litt-</span> 
     </span>
    </p>
   </div>
   <div class='ocr_carea' id='block_1_61' title="bbox 1918 3023 3504 3090">
    <p class='ocr_par' dir='ltr' id='par_1_61' title="bbox 1918 3023 3504 3090">
     <span class='ocr_line' id='line_1_61' title="bbox 1918 3023 3504 3090; baseline -0.006 -4"><span class='ocrx_word' id='word_1_414' title='bbox 1918 3048 2044 3086; x_wconf 87' lang='lat' dir='ltr'>men</span> <span class='ocrx_word' id='word_1_415' title='bbox 2075 3031 2127 3086; x_wconf 93' lang='lat' dir='ltr'>in</span> <span class='ocrx_word' id='word_1_416' title='bbox 2165 3031 2438 3085; x_wconf 79' lang='lat' dir='ltr'>Romanas</span> <span class='ocrx_word' id='word_1_417' title='bbox 2471 3044 2637 3084; x_wconf 85' lang='lat' dir='ltr'>naves</span> <span class='ocrx_word' id='word_1_418' title='bbox 2663 3026 2827 3082; x_wconf 84' lang='lat' dir='ltr'>delati</span> <span class='ocrx_word' id='word_1_419' title='bbox 2860 3034 3010 3090; x_wconf 91' lang='lat' dir='ltr'>sunt,</span> <span class='ocrx_word' id='word_1_420' title='bbox 3039 3033 3100 3079; x_wconf 90' lang='lat' dir='ltr'>ut</span> <span class='ocrx_word' id='word_1_421' title='bbox 3130 3037 3224 3078; x_wconf 88' lang='lat' dir='ltr'>eas</span> <span class='ocrx_word' id='word_1_422' title='bbox 3255 3023 3504 3077; x_wconf 84' lang='lat' dir='ltr'>submer-</span> 
     </span>
    </p>
   </div>
   <div class='ocr_carea' id='block_1_62' title="bbox 211 3109 1816 3198">
    <p class='ocr_par' dir='ltr' id='par_1_62' title="bbox 211 3109 1816 3189">
     <span class='ocr_line' id='line_1_62' title="bbox 211 3109 1816 3189; baseline 0.009 -29"><span class='ocrx_word' id='word_1_423' title='bbox 211 3109 461 3179; x_wconf 75' lang='grc' dir='ltr'>ἑτέρους</span> <span class='ocrx_word' id='word_1_424' title='bbox 495 3110 816 3178; x_wconf 77' lang='grc' dir='ltr'>ἀκραιφνεῖς</span> <span class='ocrx_word' id='word_1_425' title='bbox 839 3115 952 3176; x_wconf 85' lang='grc' dir='ltr'>τοῖς</span> <span class='ocrx_word' id='word_1_426' title='bbox 1003 3112 1252 3184; x_wconf 81' lang='grc' dir='ltr'>σώμασιν</span> <span class='ocrx_word' id='word_1_427' title='bbox 1290 3119 1680 3189; x_wconf 84' lang='grc' dir='ltr'>ἀντιπαρείχον</span> <span class='ocrx_word' id='word_1_428' title='bbox 1718 3122 1816 3175; x_wconf 78' lang='grc' dir='ltr'>αύο</span> 
     </span>
    </p>
   </div>
   <div class='ocr_carea' id='block_1_63' title="bbox 1925 3109 3504 3198">
    <p class='ocr_par' dir='ltr' id='par_1_63' title="bbox 1925 3115 3504 3197">
     <span class='ocr_line' id='line_1_63' title="bbox 1925 3115 3504 3197; baseline -0.01 -17"><span class='ocrx_word' id='word_1_429' title='bbox 1925 3134 2111 3197; x_wconf 78' lang='lat' dir='ltr'>gerent</span> <span class='ocrx_word' id='word_1_430' title='bbox 2151 3139 2253 3178; x_wconf 87' lang='lat' dir='ltr'>nec</span> <span class='ocrx_word' id='word_1_431' title='bbox 2301 3123 2471 3177; x_wconf 89' lang='lat' dir='ltr'>multo</span> <span class='ocrx_word' id='word_1_432' title='bbox 2501 3137 2623 3176; x_wconf 90' lang='lat' dir='ltr'>cum</span> <span class='ocrx_word' id='word_1_433' title='bbox 2671 3120 2857 3175; x_wconf 83' lang='lat' dir='ltr'>labore</span> <span class='ocrx_word' id='word_1_434' title='bbox 2891 3120 3074 3173; x_wconf 84' lang='lat' dir='ltr'>hostes</span> <span class='ocrx_word' id='word_1_435' title='bbox 3107 3115 3293 3184; x_wconf 73' lang='lat' dir='ltr'>pnelio</span> <span class='ocrx_word' id='word_1_436' title='bbox 3320 3115 3504 3169; x_wconf 79' lang='lat' dir='ltr'>devin-</span> 
     </span>
    </p>
   </div>
   <div class='ocr_carea' id='block_1_64' title="bbox 204 3203 1813 3281">
    <p class='ocr_par' dir='ltr' id='par_1_64' title="bbox 204 3203 1813 3281">
     <span class='ocr_line' id='line_1_64' title="bbox 204 3203 1813 3281; baseline 0.007 -25"><span class='ocrx_word' id='word_1_437' title='bbox 204 3207 396 3267; x_wconf 74' lang='grc' dir='ltr'>τοῖς),</span> <span class='ocrx_word' id='word_1_438' title='bbox 453 3203 593 3272; x_wconf 81' lang='grc' dir='ltr'>νῆας</span> <span class='ocrx_word' id='word_1_439' title='bbox 623 3204 716 3257; x_wconf 72' lang='grc' dir='ltr'>καὶ</span> <span class='ocrx_word' id='word_1_440' title='bbox 748 3206 902 3260; x_wconf 72' lang='grc' dir='ltr'>αὐτοὶ</span> <span class='ocrx_word' id='word_1_441' title='bbox 947 3208 1356 3279; x_wconf 77' lang='grc' dir='ltr'>συλλεξάμενοι,</span> <span class='ocrx_word' id='word_1_442' title='bbox 1397 3212 1563 3281; x_wconf 77' lang='grc' dir='ltr'>μήπω</span> <span class='ocrx_word' id='word_1_443' title='bbox 1595 3213 1689 3266; x_wconf 81' lang='grc' dir='ltr'>τοῦ</span> <span class='ocrx_word' id='word_1_444' title='bbox 1717 3216 1813 3268; x_wconf 77' lang='grc' dir='ltr'>σὺν</span> 
     </span>
    </p>
   </div>
   <div class='ocr_carea' id='block_1_65' title="bbox 202 3293 1804 3375">
    <p class='ocr_par' dir='ltr' id='par_1_65' title="bbox 202 3293 1804 3375">
     <span class='ocr_line' id='line_1_65' title="bbox 202 3293 1804 3375; baseline 0.008 -28"><span class='ocrx_word' id='word_1_445' title='bbox 202 3295 289 3366; x_wconf 85' lang='grc' dir='ltr'>τῷ</span> <span class='ocrx_word' id='word_1_446' title='bbox 352 3293 554 3366; x_wconf 76' lang='grc' dir='ltr'>Γαόρᾷ</span> <span class='ocrx_word' id='word_1_447' title='bbox 587 3296 678 3351; x_wconf 74' lang='grc' dir='ltr'>καὶ</span> <span class='ocrx_word' id='word_1_448' title='bbox 715 3296 791 3368; x_wconf 82' lang='grc' dir='ltr'>τῷ</span> <span class='ocrx_word' id='word_1_449' title='bbox 833 3299 1106 3370; x_wconf 84' lang='grc' dir='ltr'>Βρυεννίῳ</span> <span class='ocrx_word' id='word_1_450' title='bbox 1158 3305 1569 3374; x_wconf 80' lang='grc' dir='ltr'>στρατεύματος</span> <span class='ocrx_word' id='word_1_451' title='bbox 1605 3308 1804 3375; x_wconf 81' lang='grc' dir='ltr'>ἀφικο-</span> 
     </span>
    </p>
   </div>
   <div class='ocr_carea' id='block_1_66' title="bbox 203 3388 1816 3465">
    <p class='ocr_par' dir='ltr' id='par_1_66' title="bbox 203 3388 1816 3465">
     <span class='ocr_line' id='line_1_66' title="bbox 203 3388 1816 3465; baseline 0.009 -26"><span class='ocrx_word' id='word_1_452' title='bbox 203 3389 406 3457; x_wconf 79' lang='grc' dir='ltr'>μένου</span> <span class='ocrx_word' id='word_1_453' title='bbox 448 3388 543 3441; x_wconf 77' lang='grc' dir='ltr'>ἐπὶ</span> <span class='ocrx_word' id='word_1_454' title='bbox 599 3389 1003 3461; x_wconf 78' lang='grc' dir='ltr'>Οὐννικὴν,ὁιὰ</span> <span class='ocrx_word' id='word_1_455' title='bbox 1057 3394 1151 3447; x_wconf 86' lang='grc' dir='ltr'>τοῦ</span> <span class='ocrx_word' id='word_1_456' title='bbox 1215 3396 1462 3465; x_wconf 76' lang='grc' dir='ltr'>ποταμοῦ</span> <span class='ocrx_word' id='word_1_457' title='bbox 1513 3401 1651 3454; x_wconf 83' lang='grc' dir='ltr'>κατὰ</span> <span class='ocrx_word' id='word_1_458' title='bbox 1706 3401 1816 3454; x_wconf 86' lang='grc' dir='ltr'>τῶν</span> 
     </span>
    </p>
   </div>
   <div class='ocr_carea' id='block_1_67' title="bbox 213 3480 1813 3554">
    <p class='ocr_par' dir='ltr' id='par_1_67' title="bbox 213 3480 1813 3554">
     <span class='ocr_line' id='line_1_67' title="bbox 213 3480 1813 3554; baseline 0.006 -20"><span class='ocrx_word' id='word_1_459' title='bbox 213 3480 577 3551; x_wconf 84' lang='grc' dir='ltr'>Ῥωμαῖκῶν</span> <span class='ocrx_word' id='word_1_460' title='bbox 610 3483 870 3554; x_wconf 76' lang='grc' dir='ltr'>ἐφέροντο</span> <span class='ocrx_word' id='word_1_461' title='bbox 897 3485 971 3549; x_wconf 79' lang='grc' dir='ltr'>ὡς</span> <span class='ocrx_word' id='word_1_462' title='bbox 1005 3488 1400 3552; x_wconf 82' lang='grc' dir='ltr'>καταδύσοντές</span> <span class='ocrx_word' id='word_1_463' title='bbox 1429 3507 1487 3542; x_wconf 84' lang='grc' dir='ltr'>τε</span> <span class='ocrx_word' id='word_1_464' title='bbox 1522 3492 1691 3554; x_wconf 73' lang='grc' dir='ltr'>αὑτὰς</span> <span class='ocrx_word' id='word_1_465' title='bbox 1715 3495 1813 3546; x_wconf 57' lang='grc' dir='ltr'>καὶ⁹</span> 
     </span>
    </p>
   </div>
   <div class='ocr_carea' id='block_1_68' title="bbox 203 3573 1816 3657">
    <p class='ocr_par' dir='ltr' id='par_1_68' title="bbox 203 3573 1816 3657">
     <span class='ocr_line' id='line_1_68' title="bbox 203 3573 1816 3657; baseline 0.011 -34"><span class='ocrx_word' id='word_1_466' title='bbox 203 3575 387 3646; x_wconf 75' lang='grc' dir='ltr'>μάχῃ</span> <span class='ocrx_word' id='word_1_467' title='bbox 419 3573 480 3625; x_wconf 81' lang='grc' dir='ltr'>οῦ</span> <span class='ocrx_word' id='word_1_468' title='bbox 525 3574 620 3627; x_wconf 80' lang='grc' dir='ltr'>σὺν</span> <span class='ocrx_word' id='word_1_469' title='bbox 669 3575 817 3648; x_wconf 83' lang='grc' dir='ltr'>πόνῳ</span> <span class='ocrx_word' id='word_1_470' title='bbox 863 3581 1377 3651; x_wconf 84' lang='grc' dir='ltr'>περιγενησόμενοι,</span> <span class='ocrx_word' id='word_1_471' title='bbox 1404 3584 1450 3634; x_wconf 79' lang='grc' dir='ltr'>εί</span> <span class='ocrx_word' id='word_1_472' title='bbox 1495 3586 1588 3637; x_wconf 75' lang='grc' dir='ltr'>καὶ</span> <span class='ocrx_word' id='word_1_473' title='bbox 1615 3586 1816 3657; x_wconf 82' lang='grc' dir='ltr'>ταύτης</span> 
     </span>
    </p>
   </div>
   <div class='ocr_carea' id='block_1_69' title="bbox 196 3665 1814 3751">
    <p class='ocr_par' dir='ltr' id='par_1_69' title="bbox 196 3665 1814 3751">
     <span class='ocr_line' id='line_1_69' title="bbox 196 3665 1814 3751; baseline 0.009 -31"><span class='ocrx_word' id='word_1_474' title='bbox 196 3670 318 3735; x_wconf 78' lang='grc' dir='ltr'>τῆς</span> <span class='ocrx_word' id='word_1_475' title='bbox 356 3665 569 3736; x_wconf 82' lang='grc' dir='ltr'>πείρας</span> <span class='ocrx_word' id='word_1_476' title='bbox 596 3668 888 3741; x_wconf 78' lang='grc' dir='ltr'>ἠλέγχοντο</span> <span class='ocrx_word' id='word_1_477' title='bbox 911 3674 1177 3746; x_wconf 84' lang='grc' dir='ltr'>δεύτεροι.</span> <span class='ocrx_word' id='word_1_478' title='bbox 1232 3678 1297 3730; x_wconf 68' lang='lat' dir='ltr'>At</span> <span class='ocrx_word' id='word_1_479' title='bbox 1320 3677 1432 3748; x_wconf 76' lang='grc' dir='ltr'>γὰρ</span> <span class='ocrx_word' id='word_1_480' title='bbox 1465 3678 1645 3731; x_wconf 85' lang='grc' dir='ltr'>αὐτῶν</span> <span class='ocrx_word' id='word_1_481' title='bbox 1668 3683 1814 3751; x_wconf 81' lang='grc' dir='ltr'>νῆες,</span> 
     </span>
    </p>
   </div>
   <div class='ocr_carea' id='block_1_70' title="bbox 1923 3211 3500 3282">
    <p class='ocr_par' dir='ltr' id='par_1_70' title="bbox 1923 3211 3500 3282">
     <span class='ocr_line' id='line_1_70' title="bbox 1923 3211 3500 3282; baseline -0.008 -6"><span class='ocrx_word' id='word_1_482' title='bbox 1923 3228 2146 3276; x_wconf 84' lang='lat' dir='ltr'>cercnt:</span> <span class='ocrx_word' id='word_1_483' title='bbox 2179 3218 2280 3274; x_wconf 87' lang='lat' dir='ltr'>etsi</span> <span class='ocrx_word' id='word_1_484' title='bbox 2316 3218 2404 3271; x_wconf 89' lang='lat' dir='ltr'>hic</span> <span class='ocrx_word' id='word_1_485' title='bbox 2454 3223 2682 3270; x_wconf 87' lang='lat' dir='ltr'>conatus</span> <span class='ocrx_word' id='word_1_486' title='bbox 2712 3215 2894 3268; x_wconf 91' lang='lat' dir='ltr'>minus</span> <span class='ocrx_word' id='word_1_487' title='bbox 2923 3226 3183 3282; x_wconf 87' lang='lat' dir='ltr'>prospere</span> <span class='ocrx_word' id='word_1_488' title='bbox 3217 3212 3284 3266; x_wconf 89' lang='lat' dir='ltr'>iis</span> <span class='ocrx_word' id='word_1_489' title='bbox 3317 3211 3500 3265; x_wconf 87' lang='lat' dir='ltr'>cessit.</span> 
     </span>
    </p>
   </div>
   <div class='ocr_carea' id='block_1_71' title="bbox 1923 3301 3503 3380">
    <p class='ocr_par' dir='ltr' id='par_1_71' title="bbox 1923 3301 3503 3380">
     <span class='ocr_line' id='line_1_71' title="bbox 1923 3301 3503 3380; baseline -0.008 -13"><span class='ocrx_word' id='word_1_490' title='bbox 1923 3312 2123 3367; x_wconf 82' lang='lat' dir='ltr'>Eorum</span> <span class='ocrx_word' id='word_1_491' title='bbox 2166 3310 2365 3380; x_wconf 89' lang='lat' dir='ltr'>quippe</span> <span class='ocrx_word' id='word_1_492' title='bbox 2421 3321 2585 3362; x_wconf 85' lang='lat' dir='ltr'>naves</span> <span class='ocrx_word' id='word_1_493' title='bbox 2636 3307 2818 3360; x_wconf 86' lang='lat' dir='ltr'>minus</span> <span class='ocrx_word' id='word_1_494' title='bbox 2866 3314 2988 3374; x_wconf 87' lang='lat' dir='ltr'>apte</span> <span class='ocrx_word' id='word_1_495' title='bbox 3035 3303 3310 3357; x_wconf 69' lang='lat' dir='ltr'>fabricata:</span> <span class='ocrx_word' id='word_1_496' title='bbox 3354 3312 3407 3356; x_wconf 89' lang='lat' dir='ltr'>et</span> <span class='ocrx_word' id='word_1_497' title='bbox 3453 3301 3503 3355; x_wconf 91' lang='lat' dir='ltr'>in</span> 
     </span>
    </p>
   </div>
   <div class='ocr_carea' id='block_1_72' title="bbox 1924 3394 3503 3464">
    <p class='ocr_par' dir='ltr' id='par_1_72' title="bbox 1924 3394 3503 3464">
     <span class='ocr_line' id='line_1_72' title="bbox 1924 3394 3503 3464; baseline -0.011 -1"><span class='ocrx_word' id='word_1_498' title='bbox 1924 3408 2265 3464; x_wconf 87' lang='lat' dir='ltr'>immodicam</span> <span class='ocrx_word' id='word_1_499' title='bbox 2310 3413 2549 3458; x_wconf 66' lang='lat' dir='ltr'>extensae</span> <span class='ocrx_word' id='word_1_500' title='bbox 2591 3400 2931 3455; x_wconf 87' lang='lat' dir='ltr'>latitudinem</span> <span class='ocrx_word' id='word_1_501' title='bbox 2969 3397 3258 3453; x_wconf 84' lang='lat' dir='ltr'>velocitate</span> <span class='ocrx_word' id='word_1_502' title='bbox 3303 3394 3503 3449; x_wconf 51' lang='lat' dir='ltr'>Roma.</span> 
     </span>
    </p>
   </div>
   <div class='ocr_carea' id='block_1_73' title="bbox 1925 3489 3509 3568">
    <p class='ocr_par' dir='ltr' id='par_1_73' title="bbox 1925 3489 3509 3568">
     <span class='ocr_line' id='line_1_73' title="bbox 1925 3489 3509 3568; baseline -0.011 -11"><span class='ocrx_word' id='word_1_503' title='bbox 1925 3516 2116 3558; x_wconf 90' lang='lat' dir='ltr'>norum</span> <span class='ocrx_word' id='word_1_504' title='bbox 2167 3496 2581 3568; x_wconf 84' lang='lat' dir='ltr'>superabantur.</span> <span class='ocrx_word' id='word_1_505' title='bbox 2634 3494 2698 3547; x_wconf 84' lang='lat' dir='ltr'>Et</span> <span class='ocrx_word' id='word_1_506' title='bbox 2740 3491 2854 3562; x_wconf 84' lang='lat' dir='ltr'>jam</span> <span class='ocrx_word' id='word_1_507' title='bbox 2905 3491 2959 3546; x_wconf 91' lang='lat' dir='ltr'>in</span> <span class='ocrx_word' id='word_1_508' title='bbox 3021 3490 3217 3545; x_wconf 85' lang='lat' dir='ltr'>ﬂumen</span> <span class='ocrx_word' id='word_1_509' title='bbox 3266 3489 3509 3544; x_wconf 80' lang='lat' dir='ltr'>deductae</span> 
     </span>
    </p>
   </div>
   <div class='ocr_carea' id='block_1_74' title="bbox 1925 3578 3509 3658">
    <p class='ocr_par' dir='ltr' id='par_1_74' title="bbox 1925 3578 3509 3658">
     <span class='ocr_line' id='line_1_74' title="bbox 1925 3578 3509 3658; baseline -0.009 -12"><span class='ocrx_word' id='word_1_510' title='bbox 1925 3600 2100 3658; x_wconf 80' lang='lat' dir='ltr'>erant,</span> <span class='ocrx_word' id='word_1_511' title='bbox 2131 3605 2252 3645; x_wconf 90' lang='lat' dir='ltr'>eum</span> <span class='ocrx_word' id='word_1_512' title='bbox 2272 3587 2502 3643; x_wconf 79' lang='lat' dir='ltr'>Romani</span> <span class='ocrx_word' id='word_1_513' title='bbox 2539 3584 2917 3640; x_wconf 78' lang='lat' dir='ltr'>navibus°suis</span> <span class='ocrx_word' id='word_1_514' title='bbox 2959 3583 3012 3636; x_wconf 92' lang='lat' dir='ltr'>in</span> <span class='ocrx_word' id='word_1_515' title='bbox 3046 3581 3214 3635; x_wconf 88' lang='lat' dir='ltr'>aciem</span> <span class='ocrx_word' id='word_1_516' title='bbox 3245 3578 3509 3635; x_wconf 81' lang='lat' dir='ltr'>ordinatis</span> 
     </span>
    </p>
   </div>
   <div class='ocr_carea' id='block_1_75' title="bbox 1927 3671 3507 3751">
    <p class='ocr_par' dir='ltr' id='par_1_75' title="bbox 1927 3671 3507 3751">
     <span class='ocr_line' id='line_1_75' title="bbox 1927 3671 3507 3751; baseline -0.009 -12"><span class='ocrx_word' id='word_1_517' title='bbox 1927 3686 2049 3739; x_wconf 87' lang='lat' dir='ltr'>illas</span> <span class='ocrx_word' id='word_1_518' title='bbox 2120 3683 2401 3751; x_wconf 83' lang='lat' dir='ltr'>excipiunt</span> <span class='ocrx_word' id='word_1_519' title='bbox 2487 3679 2808 3746; x_wconf 85' lang='lat' dir='ltr'>crebrisque</span> <span class='ocrx_word' id='word_1_520' title='bbox 2871 3674 3293 3743; x_wconf 76' lang='lat' dir='ltr'>iaculationibus</span> <span class='ocrx_word' id='word_1_521' title='bbox 3364 3671 3507 3726; x_wconf 85' lang='lat' dir='ltr'>inl&#39;e-</span> 
     </span>
    </p>
   </div>
   <div class='ocr_carea' id='block_1_76' title="bbox 199 3758 1818 3842">
    <p class='ocr_par' dir='ltr' id='par_1_76' title="bbox 199 3758 1818 3842">
     <span class='ocr_line' id='line_1_76' title="bbox 199 3758 1818 3842; baseline 0.008 -28"><span class='ocrx_word' id='word_1_522' title='bbox 199 3759 313 3814; x_wconf 68' lang='grc' dir='ltr'>ἅτε</span> <span class='ocrx_word' id='word_1_523' title='bbox 356 3758 570 3828; x_wconf 72' lang='grc' dir='ltr'>ἥκιστα</span> <span class='ocrx_word' id='word_1_524' title='bbox 602 3760 696 3813; x_wconf 87' lang='grc' dir='ltr'>τοῦ</span> <span class='ocrx_word' id='word_1_525' title='bbox 733 3767 1138 3832; x_wconf 76' lang='grc' dir='ltr'>ναυπηγεῖσθαι</span> <span class='ocrx_word' id='word_1_526' title='bbox 1166 3766 1359 3834; x_wconf 81' lang='grc' dir='ltr'>δεξιῶς</span> <span class='ocrx_word' id='word_1_527' title='bbox 1388 3771 1444 3831; x_wconf 82' lang='grc' dir='ltr'>ὲς</span> <span class='ocrx_word' id='word_1_528' title='bbox 1462 3770 1818 3842; x_wconf 82' lang='grc' dir='ltr'>ἀσύμμετρόν</span> 
     </span>
    </p>
   </div>
   <div class='ocr_carea' id='block_1_77' title="bbox 198 3852 1818 3937">
    <p class='ocr_par' dir='ltr' id='par_1_77' title="bbox 198 3852 1818 3937">
     <span class='ocr_line' id='line_1_77' title="bbox 198 3852 1818 3937; baseline 0.009 -33"><span class='ocrx_word' id='word_1_529' title='bbox 198 3868 260 3904; x_wconf 78' lang='grc' dir='ltr'>τι</span> <span class='ocrx_word' id='word_1_530' title='bbox 301 3852 725 3920; x_wconf 81' lang='grc' dir='ltr'>διατεινόμεναι</span> <span class='ocrx_word' id='word_1_531' title='bbox 761 3855 942 3926; x_wconf 78' lang='grc' dir='ltr'>εὖρος,</span> <span class='ocrx_word' id='word_1_532' title='bbox 975 3859 1043 3911; x_wconf 77' lang='grc' dir='ltr'>τὰ</span> <span class='ocrx_word' id='word_1_533' title='bbox 1076 3859 1368 3932; x_wconf 79' lang='grc' dir='ltr'>δευτεραία</span> <span class='ocrx_word' id='word_1_534' title='bbox 1409 3863 1498 3914; x_wconf 81' lang='grc' dir='ltr'>ἐπὶ</span> <span class='ocrx_word' id='word_1_535' title='bbox 1555 3866 1818 3937; x_wconf 84' lang='grc' dir='ltr'>ταχύτητι</span> 
     </span>
    </p>
   </div>
   <div class='ocr_carea' id='block_1_78' title="bbox 198 3945 1820 4029">
    <p class='ocr_par' dir='ltr' id='par_1_78' title="bbox 198 3945 1820 4029">
     <span class='ocr_line' id='line_1_78' title="bbox 198 3945 1820 4029; baseline 0.01 -32"><span class='ocrx_word' id='word_1_536' title='bbox 198 3945 559 4015; x_wconf 77' lang='grc' dir='ltr'>κομίζονται</span> <span class='ocrx_word' id='word_1_537' title='bbox 614 3949 722 4002; x_wconf 86' lang='grc' dir='ltr'>τῶν</span> <span class='ocrx_word' id='word_1_538' title='bbox 773 3950 1120 4018; x_wconf 80' lang='grc' dir='ltr'>Ῥωμαϊκῶν.</span> <span class='ocrx_word' id='word_1_539' title='bbox 1179 3955 1388 4026; x_wconf 81' lang='grc' dir='ltr'>ᾟεσαν</span> <span class='ocrx_word' id='word_1_540' title='bbox 1443 3957 1540 4024; x_wconf 84' lang='grc' dir='ltr'>μὲν</span> <span class='ocrx_word' id='word_1_541' title='bbox 1585 3959 1694 4029; x_wconf 81' lang='grc' dir='ltr'>γὰρ</span> <span class='ocrx_word' id='word_1_542' title='bbox 1732 3960 1820 4014; x_wconf 83' lang='grc' dir='ltr'>διὰ</span> 
     </span>
    </p>
   </div>
   <div class='ocr_carea' id='block_1_79' title="bbox 199 4033 1821 4120">
    <p class='ocr_par' dir='ltr' id='par_1_79' title="bbox 199 4033 1821 4120">
     <span class='ocr_line' id='line_1_79' title="bbox 199 4033 1821 4120; baseline 0.007 -28"><span class='ocrx_word' id='word_1_543' title='bbox 199 4033 313 4092; x_wconf 72' lang='grc' dir='ltr'>τοῦ</span> <span class='ocrx_word' id='word_1_544' title='bbox 387 4038 639 4107; x_wconf 81' lang='grc' dir='ltr'>ποταμοῦ</span> <span class='ocrx_word' id='word_1_545' title='bbox 672 4077 690 4105; x_wconf 87' lang='grc'>,</span> <span class='ocrx_word' id='word_1_546' title='bbox 780 4040 1047 4110; x_wconf 82' lang='grc' dir='ltr'>Ῥωμαῖοι</span> <span class='ocrx_word' id='word_1_547' title='bbox 1097 4042 1154 4098; x_wconf 83' lang='grc' dir='ltr'>δὲ</span> <span class='ocrx_word' id='word_1_548' title='bbox 1208 4045 1576 4116; x_wconf 80' lang='grc' dir='ltr'>παρατάξεως</span> <span class='ocrx_word' id='word_1_549' title='bbox 1631 4052 1821 4120; x_wconf 80' lang='grc' dir='ltr'>σχῆμα</span> 
     </span>
    </p>
   </div>
   <div class='ocr_carea' id='block_1_80' title="bbox 201 4127 1822 4208">
    <p class='ocr_par' dir='ltr' id='par_1_80' title="bbox 201 4127 1822 4208">
     <span class='ocr_line' id='line_1_80' title="bbox 201 4127 1822 4208; baseline 0.008 -26"><span class='ocrx_word' id='word_1_550' title='bbox 201 4127 604 4208; x_wconf 73' lang='grc' dir='ltr'>ποιησάμενοι</span> <span class='ocrx_word' id='word_1_551' title='bbox 655 4131 799 4185; x_wconf 82' lang='grc' dir='ltr'>κατά</span> <span class='ocrx_word' id='word_1_552' title='bbox 861 4135 1024 4203; x_wconf 85' lang='grc' dir='ltr'>μέσον</span> <span class='ocrx_word' id='word_1_553' title='bbox 1075 4134 1558 4206; x_wconf 65' lang='grc' dir='ltr'>ἀπολαμϐάνουσαι</span> <span class='ocrx_word' id='word_1_554' title='bbox 1620 4140 1822 4207; x_wconf 79' lang='grc' dir='ltr'>αὐτοὺς</span> 
     </span>
    </p>
   </div>
   <div class='ocr_carea' id='block_1_81' title="bbox 205 4219 1820 4306">
    <p class='ocr_par' dir='ltr' id='par_1_81' title="bbox 205 4219 1820 4306">
     <span class='ocr_line' id='line_1_81' title="bbox 205 4219 1820 4306; baseline 0.008 -32"><span class='ocrx_word' id='word_1_555' title='bbox 205 4219 416 4288; x_wconf 76' lang='grc' dir='ltr'>συχνά</span> <span class='ocrx_word' id='word_1_556' title='bbox 437 4237 499 4272; x_wconf 85' lang='grc' dir='ltr'>τε</span> <span class='ocrx_word' id='word_1_557' title='bbox 519 4223 652 4285; x_wconf 78' lang='grc' dir='ltr'>⁶τοῖς</span> <span class='ocrx_word' id='word_1_558' title='bbox 707 4223 1042 4293; x_wconf 76' lang='grc' dir='ltr'>τοξεύμασιν</span> <span class='ocrx_word' id='word_1_559' title='bbox 1073 4226 1324 4294; x_wconf 74' lang='grc' dir='ltr'>ἔϐαλλον,</span> <span class='ocrx_word' id='word_1_560' title='bbox 1361 4229 1449 4300; x_wconf 78' lang='grc' dir='ltr'>ἐφ’</span> <span class='ocrx_word' id='word_1_561' title='bbox 1475 4224 1555 4296; x_wconf 73' lang='grc' dir='ltr'>οἷς</span> <span class='ocrx_word' id='word_1_562' title='bbox 1583 4233 1820 4306; x_wconf 84' lang='grc' dir='ltr'>ἀπειρη-</span> 
     </span>
    </p>
   </div>
   <div class='ocr_carea' id='block_1_82' title="bbox 202 4314 1816 4404">
    <p class='ocr_par' dir='ltr' id='par_1_82' title="bbox 202 4314 1816 4404">
     <span class='ocr_line' id='line_1_82' title="bbox 202 4314 1816 4404; baseline 0.006 -37"><span class='ocrx_word' id='word_1_563' title='bbox 202 4314 394 4374; x_wconf 83' lang='grc' dir='ltr'>κότες</span> <span class='ocrx_word' id='word_1_564' title='bbox 429 4315 628 4404; x_wconf 75' lang='grc' dir='ltr'>ἐκεῖνοι</span> <span class='ocrx_word' id='word_1_565' title='bbox 657 4316 913 4386; x_wconf 87' lang='grc' dir='ltr'>πρύμναν</span> <span class='ocrx_word' id='word_1_566' title='bbox 942 4319 1297 4389; x_wconf 80' lang='grc' dir='ltr'>ὲκρούσαντο.</span> <span class='ocrx_word' id='word_1_567' title='bbox 1329 4323 1394 4374; x_wconf 78' lang='lat' dir='ltr'>Al</span> <span class='ocrx_word' id='word_1_568' title='bbox 1428 4321 1529 4390; x_wconf 81' lang='grc' dir='ltr'>μὲν</span> <span class='ocrx_word' id='word_1_569' title='bbox 1555 4322 1648 4377; x_wconf 80' lang='grc' dir='ltr'>οὖν</span> <span class='ocrx_word' id='word_1_570' title='bbox 1663 4323 1816 4379; x_wconf 80' lang='grc' dir='ltr'>ἄλλαι</span> 
     </span>
    </p>
   </div>
   <div class='ocr_carea' id='block_1_83' title="bbox 1925 4314 3510 4404">
    <p class='ocr_par' dir='ltr' id='par_1_83' title="bbox 1934 4320 3510 4398">
     <span class='ocr_line' id='line_1_83' title="bbox 1934 4320 3510 4398; baseline -0.01 -13"><span class='ocrx_word' id='word_1_571' title='bbox 1934 4329 2028 4398; x_wconf 88' lang='lat' dir='ltr'>qui</span> <span class='ocrx_word' id='word_1_572' title='bbox 2063 4327 2342 4398; x_wconf 84' lang='lat' dir='ltr'>Stephano</span> <span class='ocrx_word' id='word_1_573' title='bbox 2389 4324 2816 4381; x_wconf 77' lang='lat' dir='ltr'>lamulabantur,</span> <span class='ocrx_word' id='word_1_574' title='bbox 2853 4320 3095 4391; x_wconf 84' lang='lat' dir='ltr'>pecuniis</span> <span class='ocrx_word' id='word_1_575' title='bbox 3138 4326 3510 4384; x_wconf 83' lang='lat' dir='ltr'>corrumpunt,</span> 
     </span>
    </p>
   </div>
   <div class='ocr_carea' id='block_1_84' title="bbox 202 4408 1816 4496">
    <p class='ocr_par' dir='ltr' id='par_1_84' title="bbox 202 4409 1816 4496">
     <span class='ocr_line' id='line_1_84' title="bbox 202 4409 1816 4496; baseline 0.008 -35"><span class='ocrx_word' id='word_1_576' title='bbox 202 4411 358 4481; x_wconf 74' lang='grc' dir='ltr'>νῆες</span> <span class='ocrx_word' id='word_1_577' title='bbox 425 4409 611 4493; x_wconf 80' lang='grc' dir='ltr'>αὐτῶν</span> <span class='ocrx_word' id='word_1_578' title='bbox 637 4492 643 4496; x_wconf 26' lang='grc' dir='ltr'><strong>Ι</strong></span> <span class='ocrx_word' id='word_1_579' title='bbox 667 4409 874 4484; x_wconf 71' lang='grc' dir='ltr'>θατέρᾳ</span> <span class='ocrx_word' id='word_1_580' title='bbox 903 4411 998 4464; x_wconf 86' lang='grc' dir='ltr'>τοῦ</span> <span class='ocrx_word' id='word_1_581' title='bbox 1036 4416 1282 4486; x_wconf 80' lang='grc' dir='ltr'>ποταμοῦ</span> <span class='ocrx_word' id='word_1_582' title='bbox 1343 4416 1654 4472; x_wconf 77' lang='grc' dir='ltr'>πελάσασαι</span> <span class='ocrx_word' id='word_1_583' title='bbox 1687 4419 1816 4494; x_wconf 78' lang='grc' dir='ltr'>δχθῃ</span> 
     </span>
    </p>
   </div>
   <div class='ocr_carea' id='block_1_85' title="bbox 1925 4408 3510 4496">
    <p class='ocr_par' dir='ltr' id='par_1_85' title="bbox 1934 4408 3510 4491">
     <span class='ocr_line' id='line_1_85' title="bbox 1934 4408 3510 4491; baseline -0.011 -16"><span class='ocrx_word' id='word_1_584' title='bbox 1934 4422 2104 4491; x_wconf 88' lang='lat' dir='ltr'>iisque</span> <span class='ocrx_word' id='word_1_585' title='bbox 2157 4417 2485 4488; x_wconf 86' lang='lat' dir='ltr'>persuadent</span> <span class='ocrx_word' id='word_1_586' title='bbox 2531 4428 2589 4470; x_wconf 89' lang='lat' dir='ltr'>ut</span> <span class='ocrx_word' id='word_1_587' title='bbox 2644 4416 2931 4486; x_wconf 85' lang='lat' dir='ltr'>prepinato</span> <span class='ocrx_word' id='word_1_588' title='bbox 2982 4426 3189 4466; x_wconf 88' lang='lat' dir='ltr'><strong>veneno</strong></span> <span class='ocrx_word' id='word_1_589' title='bbox 3238 4408 3510 4463; x_wconf 78' lang='lat' dir='ltr'>hominem</span> 
     </span>
    </p>
   </div>
   <div class='ocr_carea' id='block_1_86' title="bbox 201 4502 1816 4582">
    <p class='ocr_par' dir='ltr' id='par_1_86' title="bbox 201 4502 1816 4582">
     <span class='ocr_line' id='line_1_86' title="bbox 201 4502 1816 4582; baseline 0.006 -24"><span class='ocrx_word' id='word_1_590' title='bbox 201 4506 316 4558; x_wconf 65' lang='grc' dir='ltr'>τὶν</span> <span class='ocrx_word' id='word_1_591' title='bbox 353 4502 603 4557; x_wconf 87' lang='grc' dir='ltr'>κίνδυνον</span> <span class='ocrx_word' id='word_1_592' title='bbox 655 4504 876 4573; x_wconf 81' lang='grc' dir='ltr'>ἔφυγον,</span> <span class='ocrx_word' id='word_1_593' title='bbox 934 4507 1032 4575; x_wconf 86' lang='grc' dir='ltr'>μία</span> <span class='ocrx_word' id='word_1_594' title='bbox 1065 4506 1122 4561; x_wconf 80' lang='grc' dir='ltr'>δὲ</span> <span class='ocrx_word' id='word_1_595' title='bbox 1171 4505 1353 4563; x_wconf 80' lang='grc' dir='ltr'>αὐτῶν</span> <span class='ocrx_word' id='word_1_596' title='bbox 1407 4511 1621 4582; x_wconf 82' lang='grc' dir='ltr'>ἀνδρῶν</span> <span class='ocrx_word' id='word_1_597' title='bbox 1677 4513 1816 4566; x_wconf 81' lang='grc' dir='ltr'>πλέα</span> 
     </span>
    </p>
   </div>
   <div class='ocr_carea' id='block_1_87' title="bbox 1925 4502 3510 4582">
    <p class='ocr_par' dir='ltr' id='par_1_87' title="bbox 1927 4502 3510 4576">
     <span class='ocr_line' id='line_1_87' title="bbox 1927 4502 3510 4576; baseline -0.008 -8"><span class='ocrx_word' id='word_1_598' title='bbox 1927 4520 2209 4568; x_wconf 88' lang='lat' dir='ltr'>necarent.</span> <span class='ocrx_word' id='word_1_599' title='bbox 2247 4509 2326 4563; x_wconf 89' lang='lat' dir='ltr'>lta</span> <span class='ocrx_word' id='word_1_600' title='bbox 2357 4520 2410 4563; x_wconf 89' lang='lat' dir='ltr'>et</span> <span class='ocrx_word' id='word_1_601' title='bbox 2439 4510 2567 4562; x_wconf 89' lang='lat' dir='ltr'>urbs</span> <span class='ocrx_word' id='word_1_602' title='bbox 2614 4519 2774 4576; x_wconf 88' lang='lat' dir='ltr'>capta</span> <span class='ocrx_word' id='word_1_603' title='bbox 2820 4514 2899 4560; x_wconf 87' lang='lat' dir='ltr'>est</span> <span class='ocrx_word' id='word_1_604' title='bbox 2930 4515 2985 4559; x_wconf 91' lang='lat' dir='ltr'>et</span> <span class='ocrx_word' id='word_1_605' title='bbox 3037 4513 3204 4558; x_wconf 89' lang='lat' dir='ltr'>totum</span> <span class='ocrx_word' id='word_1_606' title='bbox 3257 4502 3510 4556; x_wconf 85' lang='lat' dir='ltr'>Sirmium</span> 
     </span>
    </p>
   </div>
   <div class='ocr_carea' id='block_1_88' title="bbox 1926 3764 3508 3843">
    <p class='ocr_par' dir='ltr' id='par_1_88' title="bbox 1926 3764 3508 3843">
     <span class='ocr_line' id='line_1_88' title="bbox 1926 3764 3508 3843; baseline -0.009 -13"><span class='ocrx_word' id='word_1_607' title='bbox 1926 3785 2070 3830; x_wconf 84' lang='lat' dir='ltr'>stant</span> <span class='ocrx_word' id='word_1_608' title='bbox 2108 3792 2121 3828; x_wconf 91' lang='lat'><strong>:</strong></span> <span class='ocrx_word' id='word_1_609' title='bbox 2179 3772 2376 3843; x_wconf 90' lang='lat' dir='ltr'>quibus</span> <span class='ocrx_word' id='word_1_610' title='bbox 2404 3770 2477 3824; x_wconf 90' lang='lat' dir='ltr'>illi</span> <span class='ocrx_word' id='word_1_611' title='bbox 2511 3766 2714 3838; x_wconf 77' lang='lat' dir='ltr'>fatigati</span> <span class='ocrx_word' id='word_1_612' title='bbox 2762 3781 2926 3821; x_wconf 88' lang='lat' dir='ltr'>naves</span> <span class='ocrx_word' id='word_1_613' title='bbox 2973 3766 3279 3820; x_wconf 88' lang='lat' dir='ltr'>inhibuere.</span> <span class='ocrx_word' id='word_1_614' title='bbox 3315 3764 3508 3816; x_wconf 84' lang='lat' dir='ltr'>Earum</span> 
     </span>
    </p>
   </div>
   <div class='ocr_carea' id='block_1_89' title="bbox 1929 3855 3509 3938">
    <p class='ocr_par' dir='ltr' id='par_1_89' title="bbox 1929 3855 3509 3938">
     <span class='ocr_line' id='line_1_89' title="bbox 1929 3855 3509 3938; baseline -0.008 -19"><span class='ocrx_word' id='word_1_615' title='bbox 1929 3881 2055 3938; x_wconf 76' lang='lat' dir='ltr'>pars</span> <span class='ocrx_word' id='word_1_616' title='bbox 2111 3865 2268 3920; x_wconf 88' lang='lat' dir='ltr'>alteri</span> <span class='ocrx_word' id='word_1_617' title='bbox 2317 3862 2541 3934; x_wconf 85' lang='lat' dir='ltr'>appulsa</span> <span class='ocrx_word' id='word_1_618' title='bbox 2590 3860 2758 3916; x_wconf 90' lang='lat' dir='ltr'>Iittori</span> <span class='ocrx_word' id='word_1_619' title='bbox 2813 3858 3107 3915; x_wconf 88' lang='lat' dir='ltr'>discrimen</span> <span class='ocrx_word' id='word_1_620' title='bbox 3159 3858 3355 3922; x_wconf 81' lang='lat' dir='ltr'>evasit,</span> <span class='ocrx_word' id='word_1_621' title='bbox 3405 3855 3509 3908; x_wconf 80' lang='lat' dir='ltr'>una</span> 
     </span>
    </p>
   </div>
   <div class='ocr_carea' id='block_1_90' title="bbox 1926 3949 3510 4022">
    <p class='ocr_par' dir='ltr' id='par_1_90' title="bbox 1926 3949 3510 4022">
     <span class='ocr_line' id='line_1_90' title="bbox 1926 3949 3510 4022; baseline -0.009 -8"><span class='ocrx_word' id='word_1_622' title='bbox 1926 3973 2055 4014; x_wconf 83' lang='lat' dir='ltr'>vero</span> <span class='ocrx_word' id='word_1_623' title='bbox 2085 3959 2281 4013; x_wconf 91' lang='lat' dir='ltr'>ducum</span> <span class='ocrx_word' id='word_1_624' title='bbox 2313 3953 2634 4009; x_wconf 89' lang='lat' dir='ltr'>militarium</span> <span class='ocrx_word' id='word_1_625' title='bbox 2671 3951 2831 4022; x_wconf 90' lang='lat' dir='ltr'>plena</span> <span class='ocrx_word' id='word_1_626' title='bbox 2861 3952 2914 4005; x_wconf 93' lang='lat' dir='ltr'>in</span> <span class='ocrx_word' id='word_1_627' title='bbox 2944 3949 3312 4005; x_wconf 75' lang='lat' dir='ltr'>Romanorum</span> <span class='ocrx_word' id='word_1_628' title='bbox 3354 3956 3510 4015; x_wconf 88' lang='lat' dir='ltr'>pote-</span> 
     </span>
    </p>
   </div>
   <div class='ocr_carea' id='block_1_91' title="bbox 1928 4043 3509 4116">
    <p class='ocr_par' dir='ltr' id='par_1_91' title="bbox 1928 4043 3509 4116">
     <span class='ocr_line' id='line_1_91' title="bbox 1928 4043 3509 4116; baseline -0.009 -8"><span class='ocrx_word' id='word_1_629' title='bbox 1928 4063 2124 4108; x_wconf 86' lang='lat' dir='ltr'>statem</span> <span class='ocrx_word' id='word_1_630' title='bbox 2158 4051 2328 4115; x_wconf 81' lang='lat' dir='ltr'>venit,</span> <span class='ocrx_word' id='word_1_631' title='bbox 2364 4062 2594 4116; x_wconf 86' lang='lat' dir='ltr'>arteque</span> <span class='ocrx_word' id='word_1_632' title='bbox 2627 4046 2876 4102; x_wconf 82' lang='lat' dir='ltr'>confecto</span> <span class='ocrx_word' id='word_1_633' title='bbox 2914 4044 3043 4114; x_wconf 81' lang='lat' dir='ltr'>igne</span> <span class='ocrx_word' id='word_1_634' title='bbox 3087 4043 3375 4110; x_wconf 87' lang='lat' dir='ltr'>absumpta</span> <span class='ocrx_word' id='word_1_635' title='bbox 3407 4049 3509 4094; x_wconf 82' lang='lat' dir='ltr'>est.</span> 
     </span>
    </p>
   </div>
   <div class='ocr_carea' id='block_1_92' title="bbox 1929 4125 3510 4215">
    <p class='ocr_par' dir='ltr' id='par_1_92' title="bbox 1929 4125 3510 4215">
     <span class='ocr_line' id='line_1_92' title="bbox 1929 4125 3510 4215; baseline -0.01 -16"><span class='ocrx_word' id='word_1_636' title='bbox 1929 4143 2166 4215; x_wconf 67' lang='lat' dir='ltr'>llungari</span> <span class='ocrx_word' id='word_1_637' title='bbox 2219 4143 2437 4211; x_wconf 87' lang='lat' dir='ltr'>itaque,</span> <span class='ocrx_word' id='word_1_638' title='bbox 2479 4147 2764 4209; x_wconf 85' lang='lat' dir='ltr'>postquam</span> <span class='ocrx_word' id='word_1_639' title='bbox 2815 4145 2870 4191; x_wconf 90' lang='lat' dir='ltr'>et</span> <span class='ocrx_word' id='word_1_640' title='bbox 2923 4137 3011 4190; x_wconf 93' lang='lat' dir='ltr'>hic</span> <span class='ocrx_word' id='word_1_641' title='bbox 3062 4125 3510 4190; x_wconf 79' lang='lat' dir='ltr'>irritus&#39;conatns</span> 
     </span>
    </p>
   </div>
   <div class='ocr_carea' id='block_1_93' title="bbox 1930 4229 3509 4300">
    <p class='ocr_par' dir='ltr' id='par_1_93' title="bbox 1930 4229 3509 4300">
     <span class='ocr_line' id='line_1_93' title="bbox 1930 4229 3509 4300; baseline -0.009 -9"><span class='ocrx_word' id='word_1_642' title='bbox 1930 4235 2051 4300; x_wconf 82' lang='lat' dir='ltr'>fuit,</span> <span class='ocrx_word' id='word_1_643' title='bbox 2075 4234 2223 4290; x_wconf 87' lang='lat' dir='ltr'>aliud</span> <span class='ocrx_word' id='word_1_644' title='bbox 2254 4243 2379 4288; x_wconf 82' lang='lat' dir='ltr'>sunt</span> <span class='ocrx_word' id='word_1_645' title='bbox 2403 4233 2595 4288; x_wconf 88' lang='lat' dir='ltr'>moliti.</span> <span class='ocrx_word' id='word_1_646' title='bbox 2620 4231 2919 4285; x_wconf 77' lang='lat' dir='ltr'>Nonnullos</span> <span class='ocrx_word' id='word_1_647' title='bbox 2941 4229 3084 4284; x_wconf 89' lang='lat' dir='ltr'>enim</span> <span class='ocrx_word' id='word_1_648' title='bbox 3111 4243 3174 4281; x_wconf 80' lang='lat' dir='ltr'>ex</span> <span class='ocrx_word' id='word_1_649' title='bbox 3208 4242 3301 4281; x_wconf 88' lang='lat' dir='ltr'>sua</span> <span class='ocrx_word' id='word_1_650' title='bbox 3331 4236 3509 4295; x_wconf 78' lang='lat' dir='ltr'>gente,</span> 
     </span>
    </p>
   </div>
   <div class='ocr_carea' id='block_1_94' title="bbox 202 4596 1823 4676">
    <p class='ocr_par' dir='ltr' id='par_1_94' title="bbox 202 4596 1823 4676">
     <span class='ocr_line' id='line_1_94' title="bbox 202 4596 1823 4676; baseline 0.012 -26"><span class='ocrx_word' id='word_1_651' title='bbox 202 4598 340 4650; x_wconf 77' lang='grc' dir='ltr'>τῶν</span> <span class='ocrx_word' id='word_1_652' title='bbox 410 4596 546 4665; x_wconf 82' lang='grc' dir='ltr'>παρ’</span> <span class='ocrx_word' id='word_1_653' title='bbox 599 4597 782 4661; x_wconf 71' lang='grc' dir='ltr'>αὐτοῖς</span> <span class='ocrx_word' id='word_1_654' title='bbox 837 4601 1295 4672; x_wconf 86' lang='grc' dir='ltr'>στρατηγούντων</span> <span class='ocrx_word' id='word_1_655' title='bbox 1325 4603 1640 4676; x_wconf 75' lang='grc' dir='ltr'>ὑποχείριος</span> <span class='ocrx_word' id='word_1_656' title='bbox 1686 4604 1823 4659; x_wconf 86' lang='grc' dir='ltr'>Ῥω·</span> 
     </span>
    </p>
   </div>
   <div class='ocr_carea' id='block_1_95' title="bbox 211 4689 1822 4769">
    <p class='ocr_par' dir='ltr' id='par_1_95' title="bbox 211 4689 1822 4769">
     <span class='ocr_line' id='line_1_95' title="bbox 211 4689 1822 4769; baseline 0.006 -27"><span class='ocrx_word' id='word_1_657' title='bbox 211 4689 428 4761; x_wconf 76' lang='grc' dir='ltr'>μαίοις</span> <span class='ocrx_word' id='word_1_658' title='bbox 483 4689 702 4757; x_wconf 79' lang='grc' dir='ltr'>ἐγένετο</span> <span class='ocrx_word' id='word_1_659' title='bbox 757 4693 1045 4764; x_wconf 82' lang='grc' dir='ltr'>σκευαστῷ</span> <span class='ocrx_word' id='word_1_660' title='bbox 1109 4695 1244 4767; x_wconf 78' lang='grc' dir='ltr'>πυρὶ</span> <span class='ocrx_word' id='word_1_661' title='bbox 1299 4695 1374 4767; x_wconf 68' lang='grc'>(4)</span> <span class='ocrx_word' id='word_1_662' title='bbox 1437 4697 1822 4769; x_wconf 80' lang='grc' dir='ltr'>καταπλήξασι</span> 
     </span>
    </p>
   </div>
   <div class='ocr_carea' id='block_1_96' title="bbox 208 4781 1823 4859">
    <p class='ocr_par' dir='ltr' id='par_1_96' title="bbox 208 4781 1823 4859">
     <span class='ocr_line' id='line_1_96' title="bbox 208 4781 1823 4859; baseline 0.004 -23"><span class='ocrx_word' id='word_1_663' title='bbox 208 4784 468 4852; x_wconf 80' lang='grc' dir='ltr'>ταύτην.</span> <span class='ocrx_word' id='word_1_664' title='bbox 497 4781 685 4836; x_wconf 78' lang='grc' dir='ltr'>Οὗννοι</span> <span class='ocrx_word' id='word_1_665' title='bbox 717 4785 919 4850; x_wconf 86' lang='grc' dir='ltr'>τοίνυν,</span> <span class='ocrx_word' id='word_1_666' title='bbox 979 4786 1168 4859; x_wconf 80' lang='grc' dir='ltr'>ἐπειδή</span> <span class='ocrx_word' id='word_1_667' title='bbox 1217 4789 1312 4842; x_wconf 71' lang='grc' dir='ltr'>καὶ</span> <span class='ocrx_word' id='word_1_668' title='bbox 1344 4789 1548 4858; x_wconf 81' lang='grc' dir='ltr'>ταύτης</span> <span class='ocrx_word' id='word_1_669' title='bbox 1578 4790 1823 4859; x_wconf 81' lang='grc' dir='ltr'>ἀπετύγ-</span> 
     </span>
    </p>
   </div>
   <div class='ocr_carea' id='block_1_97' title="bbox 210 4873 1824 4951">
    <p class='ocr_par' dir='ltr' id='par_1_97' title="bbox 210 4873 1824 4951">
     <span class='ocr_line' id='line_1_97' title="bbox 210 4873 1824 4951; baseline 0.004 -24"><span class='ocrx_word' id='word_1_670' title='bbox 210 4891 406 4946; x_wconf 72' lang='grc' dir='ltr'>χανον</span> <span class='ocrx_word' id='word_1_671' title='bbox 443 4873 542 4942; x_wconf 74' lang='grc' dir='ltr'>τῆς</span> <span class='ocrx_word' id='word_1_672' title='bbox 598 4875 818 4946; x_wconf 83' lang='grc' dir='ltr'>πείρας,</span> <span class='ocrx_word' id='word_1_673' title='bbox 849 4879 935 4946; x_wconf 83' lang='grc' dir='ltr'>ἐφ’</span> <span class='ocrx_word' id='word_1_674' title='bbox 967 4879 1162 4950; x_wconf 82' lang='grc' dir='ltr'>ἐτέρας</span> <span class='ocrx_word' id='word_1_675' title='bbox 1205 4879 1529 4951; x_wconf 74' lang='grc' dir='ltr'>ἐτράποντο.</span> <span class='ocrx_word' id='word_1_676' title='bbox 1561 4881 1680 4933; x_wconf 84' lang='grc' dir='ltr'>Τῶν</span> <span class='ocrx_word' id='word_1_677' title='bbox 1714 4882 1824 4951; x_wconf 85' lang='grc' dir='ltr'>γὰρ</span> 
     </span>
    </p>
   </div>
   <div class='ocr_carea' id='block_1_98' title="bbox 210 4965 1820 5043">
    <p class='ocr_par' dir='ltr' id='par_1_98' title="bbox 210 4965 1820 5043">
     <span class='ocr_line' id='line_1_98' title="bbox 210 4965 1820 5043; baseline 0.006 -27"><span class='ocrx_word' id='word_1_678' title='bbox 210 4967 309 5036; x_wconf 81' lang='grc' dir='ltr'>τῷ</span> <span class='ocrx_word' id='word_1_679' title='bbox 342 4965 1150 5039; x_wconf 68' lang='grc' dir='ltr'>Στεφὰνῳδιυπηρετουμένων</span> <span class='ocrx_word' id='word_1_680' title='bbox 1211 4970 1430 5025; x_wconf 75' lang='grc' dir='ltr'>θύννων</span> <span class='ocrx_word' id='word_1_681' title='bbox 1460 4973 1711 5043; x_wconf 80' lang='grc' dir='ltr'>χρήμασί</span> <span class='ocrx_word' id='word_1_682' title='bbox 1742 4991 1820 5026; x_wconf 80' lang='grc' dir='ltr'>τι-</span> 
     </span>
    </p>
   </div>
   <div class='ocr_carea' id='block_1_99' title="bbox 218 5059 1831 5139">
    <p class='ocr_par' dir='ltr' id='par_1_99' title="bbox 218 5059 1831 5139">
     <span class='ocr_line' id='line_1_99' title="bbox 218 5059 1831 5139; baseline 0.004 -25"><span class='ocrx_word' id='word_1_683' title='bbox 218 5079 335 5123; x_wconf 72' lang='grc' dir='ltr'>νας</span> <span class='ocrx_word' id='word_1_684' title='bbox 370 5059 804 5129; x_wconf 67' lang='grc' dir='ltr'>ὑποκλέψαντες,</span> <span class='ocrx_word' id='word_1_685' title='bbox 833 5063 1161 5135; x_wconf 80' lang='grc' dir='ltr'>δηλητήριον</span> <span class='ocrx_word' id='word_1_686' title='bbox 1192 5064 1267 5135; x_wconf 75' lang='grc'>(5)</span> <span class='ocrx_word' id='word_1_687' title='bbox 1314 5064 1392 5134; x_wconf 84' lang='grc' dir='ltr'>τῷ</span> <span class='ocrx_word' id='word_1_688' title='bbox 1432 5065 1704 5139; x_wconf 75' lang='grc' dir='ltr'>ἀνθρώπῳ</span> <span class='ocrx_word' id='word_1_689' title='bbox 1741 5085 1831 5121; x_wconf 85' lang='grc' dir='ltr'>κε-</span> 
     </span>
    </p>
   </div>
   <div class='ocr_carea' id='block_1_100' title="bbox 221 5149 1829 5224">
    <p class='ocr_par' dir='ltr' id='par_1_100' title="bbox 221 5149 1829 5224">
     <span class='ocr_line' id='line_1_100' title="bbox 221 5149 1829 5224; baseline 0.005 -22"><span class='ocrx_word' id='word_1_690' title='bbox 221 5149 412 5222; x_wconf 70' lang='grc' dir='ltr'>ράσαι</span> <span class='ocrx_word' id='word_1_691' title='bbox 461 5149 783 5205; x_wconf 78' lang='grc' dir='ltr'>ἀνέπεισαν.</span> <span class='ocrx_word' id='word_1_692' title='bbox 839 5153 1154 5206; x_wconf 78' lang='grc' dir='ltr'>Κὰντεῦῢεν</span> <span class='ocrx_word' id='word_1_693' title='bbox 1185 5154 1218 5224; x_wconf 70' lang='grc' dir='ltr'>ἦ</span> <span class='ocrx_word' id='word_1_694' title='bbox 1244 5171 1302 5207; x_wconf 86' lang='grc' dir='ltr'>τε</span> <span class='ocrx_word' id='word_1_695' title='bbox 1331 5154 1486 5218; x_wconf 82' lang='grc' dir='ltr'>πόλις</span> <span class='ocrx_word' id='word_1_696' title='bbox 1549 5155 1693 5209; x_wconf 80' lang='grc' dir='ltr'>ἑάλω</span> <span class='ocrx_word' id='word_1_697' title='bbox 1732 5159 1829 5210; x_wconf 75' lang='grc' dir='ltr'>καὶ</span> 
     </span>
    </p>
   </div>
   <div class='ocr_carea' id='block_1_101' title="bbox 219 5240 1827 5319">
    <p class='ocr_par' dir='ltr' id='par_1_101' title="bbox 219 5240 1827 5319">
     <span class='ocr_line' id='line_1_101' title="bbox 219 5240 1827 5319; baseline 0.004 -23"><span class='ocrx_word' id='word_1_698' title='bbox 219 5242 477 5312; x_wconf 72' lang='grc' dir='ltr'>Σίρμιον</span> <span class='ocrx_word' id='word_1_699' title='bbox 498 5240 646 5296; x_wconf 74' lang='grc' dir='ltr'>ἅπαν</span> <span class='ocrx_word' id='word_1_700' title='bbox 685 5244 788 5296; x_wconf 83' lang='grc' dir='ltr'>ὑπὸ</span> <span class='ocrx_word' id='word_1_701' title='bbox 822 5244 1054 5309; x_wconf 76' lang='grc' dir='ltr'>Οῦννους</span> <span class='ocrx_word' id='word_1_702' title='bbox 1084 5247 1239 5310; x_wconf 75' lang='grc' dir='ltr'>αὖθις</span> <span class='ocrx_word' id='word_1_703' title='bbox 1286 5247 1524 5317; x_wconf 81' lang='grc' dir='ltr'>ἐγένετο.</span> <span class='ocrx_word' id='word_1_704' title='bbox 1553 5249 1616 5301; x_wconf 79' lang='lat' dir='ltr'>Ol</span> <span class='ocrx_word' id='word_1_705' title='bbox 1642 5249 1827 5319; x_wconf 79' lang='grc' dir='ltr'>μέντοι</span> 
     </span>
    </p>
   </div>
   <div class='ocr_carea' id='block_1_102' title="bbox 223 5335 1828 5414">
    <p class='ocr_par' dir='ltr' id='par_1_102' title="bbox 223 5335 1828 5414">
     <span class='ocr_line' id='line_1_102' title="bbox 223 5335 1828 5414; baseline 0.001 -22"><span class='ocrx_word' id='word_1_706' title='bbox 223 5335 396 5392; x_wconf 78' lang='grc' dir='ltr'>ενδον</span> <span class='ocrx_word' id='word_1_707' title='bbox 433 5336 698 5408; x_wconf 85' lang='grc' dir='ltr'>Ῥωμαῖοί</span> <span class='ocrx_word' id='word_1_708' title='bbox 728 5356 788 5391; x_wconf 80' lang='grc' dir='ltr'>τε</span> <span class='ocrx_word' id='word_1_709' title='bbox 817 5341 912 5393; x_wconf 67' lang='grc' dir='ltr'>καὶ</span> <span class='ocrx_word' id='word_1_710' title='bbox 935 5340 1150 5404; x_wconf 81' lang='grc' dir='ltr'>Οὗννοι,</span> <span class='ocrx_word' id='word_1_711' title='bbox 1185 5344 1302 5395; x_wconf 80' lang='grc' dir='ltr'>ὅσοι</span> <span class='ocrx_word' id='word_1_712' title='bbox 1336 5341 1434 5396; x_wconf 83' lang='grc' dir='ltr'>σὺν</span> <span class='ocrx_word' id='word_1_713' title='bbox 1464 5343 1539 5414; x_wconf 82' lang='grc' dir='ltr'>τῷ</span> <span class='ocrx_word' id='word_1_714' title='bbox 1569 5343 1828 5413; x_wconf 79' lang='grc' dir='ltr'>Στεφάνῳ</span> 
     </span>
    </p>
   </div>
   <div class='ocr_carea' id='block_1_103' title="bbox 1921 4595 3511 4672">
    <p class='ocr_par' dir='ltr' id='par_1_103' title="bbox 1921 4595 3511 4672">
     <span class='ocr_line' id='line_1_103' title="bbox 1921 4595 3511 4672; baseline -0.008 -11"><span class='ocrx_word' id='word_1_715' title='bbox 1921 4607 1976 4661; x_wconf 83' lang='lat' dir='ltr'>in</span> <span class='ocrx_word' id='word_1_716' title='bbox 2015 4605 2106 4672; x_wconf 81' lang='lat' dir='ltr'>jus</span> <span class='ocrx_word' id='word_1_717' title='bbox 2149 4604 2296 4658; x_wconf 88' lang='lat' dir='ltr'>venit</span> <span class='ocrx_word' id='word_1_718' title='bbox 2334 4599 2735 4671; x_wconf 83' lang='lat' dir='ltr'>Hungarorum.</span> <span class='ocrx_word' id='word_1_719' title='bbox 2789 4601 2856 4651; x_wconf 84' lang='lat' dir='ltr'>At</span> <span class='ocrx_word' id='word_1_720' title='bbox 2899 4597 2986 4666; x_wconf 86' lang='lat' dir='ltr'>qui</span> <span class='ocrx_word' id='word_1_721' title='bbox 3038 4595 3088 4650; x_wconf 88' lang='lat' dir='ltr'>in</span> <span class='ocrx_word' id='word_1_722' title='bbox 3142 4595 3362 4663; x_wconf 80' lang='lat' dir='ltr'>civitate</span> <span class='ocrx_word' id='word_1_723' title='bbox 3414 4610 3511 4664; x_wconf 80' lang='lat' dir='ltr'>pro</span> 
     </span>
    </p>
   </div>
   <div class='ocr_carea' id='block_1_104' title="bbox 1923 4689 3510 4764">
    <p class='ocr_par' dir='ltr' id='par_1_104' title="bbox 1923 4689 3510 4764">
     <span class='ocr_line' id='line_1_104' title="bbox 1923 4689 3510 4764; baseline -0.006 -11"><span class='ocrx_word' id='word_1_724' title='bbox 1923 4697 2197 4764; x_wconf 83' lang='lat' dir='ltr'>Stephano</span> <span class='ocrx_word' id='word_1_725' title='bbox 2263 4697 2515 4756; x_wconf 80' lang='lat' dir='ltr'>Stabant,</span> <span class='ocrx_word' id='word_1_726' title='bbox 2567 4690 2798 4745; x_wconf 76' lang='lat' dir='ltr'>Romani</span> <span class='ocrx_word' id='word_1_727' title='bbox 2859 4691 3078 4760; x_wconf 86' lang='lat' dir='ltr'>perinde</span> <span class='ocrx_word' id='word_1_728' title='bbox 3128 4704 3194 4744; x_wconf 88' lang='lat' dir='ltr'>ac</span> <span class='ocrx_word' id='word_1_729' title='bbox 3244 4689 3510 4758; x_wconf 76' lang='lat' dir='ltr'>Hungari,</span> 
     </span>
    </p>
   </div>
   <div class='ocr_carea' id='block_1_105' title="bbox 1923 4783 3508 4852">
    <p class='ocr_par' dir='ltr' id='par_1_105' title="bbox 1923 4783 3508 4852">
     <span class='ocr_line' id='line_1_105' title="bbox 1923 4783 3508 4852; baseline -0.008 -7"><span class='ocrx_word' id='word_1_730' title='bbox 1923 4789 2224 4846; x_wconf 88' lang='lat' dir='ltr'>incolumes</span> <span class='ocrx_word' id='word_1_731' title='bbox 2256 4797 2313 4842; x_wconf 94' lang='lat' dir='ltr'>et</span> <span class='ocrx_word' id='word_1_732' title='bbox 2351 4785 2503 4840; x_wconf 63' lang='lat' dir='ltr'>illa-si</span> <span class='ocrx_word' id='word_1_733' title='bbox 2538 4799 2804 4849; x_wconf 85' lang='lat' dir='ltr'>mansere,</span> <span class='ocrx_word' id='word_1_734' title='bbox 2835 4792 3022 4852; x_wconf 72' lang='lat' dir='ltr'>utpote</span> <span class='ocrx_word' id='word_1_735' title='bbox 3057 4786 3148 4852; x_wconf 91' lang='lat' dir='ltr'>qui</span> <span class='ocrx_word' id='word_1_736' title='bbox 3186 4784 3272 4837; x_wconf 88' lang='lat' dir='ltr'>his</span> <span class='ocrx_word' id='word_1_737' title='bbox 3315 4783 3508 4835; x_wconf 89' lang='lat' dir='ltr'>condi-</span> 
     </span>
    </p>
   </div>
   <div class='ocr_carea' id='block_1_106' title="bbox 1935 4875 3512 4945">
    <p class='ocr_par' dir='ltr' id='par_1_106' title="bbox 1935 4875 3512 4945">
     <span class='ocr_line' id='line_1_106' title="bbox 1935 4875 3512 4945; baseline -0.005 -9"><span class='ocrx_word' id='word_1_738' title='bbox 1935 4884 2176 4939; x_wconf 89' lang='lat' dir='ltr'>tionibus</span> <span class='ocrx_word' id='word_1_739' title='bbox 2211 4883 2400 4936; x_wconf 90' lang='lat' dir='ltr'>urbem</span> <span class='ocrx_word' id='word_1_740' title='bbox 2434 4880 2791 4934; x_wconf 70' lang='lat' dir='ltr'>tradide‘rant.</span> <span class='ocrx_word' id='word_1_741' title='bbox 2820 4877 3236 4945; x_wconf 71' lang='lat' dir='ltr'>Stcpbani&#39;vero</span> <span class='ocrx_word' id='word_1_742' title='bbox 3260 4875 3512 4931; x_wconf 87' lang='lat' dir='ltr'>cadaveri</span> 
     </span>
    </p>
   </div>
   <div class='ocr_carea' id='block_1_107' title="bbox 1935 4967 3512 5042">
    <p class='ocr_par' dir='ltr' id='par_1_107' title="bbox 1935 4967 3512 5042">
     <span class='ocr_line' id='line_1_107' title="bbox 1935 4967 3512 5042; baseline -0.006 -11"><span class='ocrx_word' id='word_1_743' title='bbox 1935 4977 2223 5032; x_wconf 88' lang='lat' dir='ltr'>illudentes</span> <span class='ocrx_word' id='word_1_744' title='bbox 2281 4972 2519 5042; x_wconf 81' lang='lat' dir='ltr'>Hungari</span> <span class='ocrx_word' id='word_1_745' title='bbox 2594 4971 2828 5039; x_wconf 88' lang='lat' dir='ltr'>primum</span> <span class='ocrx_word' id='word_1_746' title='bbox 2889 4970 3107 5037; x_wconf 86' lang='lat' dir='ltr'>quidem</span> <span class='ocrx_word' id='word_1_747' title='bbox 3168 4968 3295 5020; x_wconf 88' lang='lat' dir='ltr'>illud</span> <span class='ocrx_word' id='word_1_748' title='bbox 3353 4967 3512 5021; x_wconf 90' lang='lat' dir='ltr'>nullis</span> 
     </span>
    </p>
   </div>
   <div class='ocr_carea' id='block_1_108' title="bbox 1934 5059 3512 5137">
    <p class='ocr_par' dir='ltr' id='par_1_108' title="bbox 1934 5059 3512 5137">
     <span class='ocr_line' id='line_1_108' title="bbox 1934 5059 3512 5137; baseline -0.008 -12"><span class='ocrx_word' id='word_1_749' title='bbox 1934 5069 2106 5125; x_wconf 87' lang='lat' dir='ltr'>sacris</span> <span class='ocrx_word' id='word_1_750' title='bbox 2154 5065 2426 5137; x_wconf 88' lang='lat' dir='ltr'>prosecuti</span> <span class='ocrx_word' id='word_1_751' title='bbox 2482 5072 2607 5118; x_wconf 88' lang='lat' dir='ltr'>sunt</span> <span class='ocrx_word' id='word_1_752' title='bbox 2643 5059 2959 5125; x_wconf 86' lang='lat' dir='ltr'>honoribus,</span> <span class='ocrx_word' id='word_1_753' title='bbox 3005 5076 3179 5129; x_wconf 87' lang='lat' dir='ltr'>neque</span> <span class='ocrx_word' id='word_1_754' title='bbox 3226 5059 3351 5114; x_wconf 87' lang='lat' dir='ltr'>aliis</span> <span class='ocrx_word' id='word_1_755' title='bbox 3393 5075 3512 5128; x_wconf 67' lang='lat' dir='ltr'>qute</span> 
     </span>
    </p>
   </div>
   <div class='ocr_carea' id='block_1_109' title="bbox 1935 5153 3513 5230">
    <p class='ocr_par' dir='ltr' id='par_1_109' title="bbox 1935 5153 3513 5230">
     <span class='ocr_line' id='line_1_109' title="bbox 1935 5153 3513 5230; baseline -0.009 -14"><span class='ocrx_word' id='word_1_756' title='bbox 1935 5162 2164 5216; x_wconf 89' lang='lat' dir='ltr'>mortuis</span> <span class='ocrx_word' id='word_1_757' title='bbox 2218 5158 2381 5230; x_wconf 67' lang='grc'>240</span> <span class='ocrx_word' id='word_1_758' title='bbox 2429 5157 2735 5221; x_wconf 89' lang='lat' dir='ltr'>debentur,</span> <span class='ocrx_word' id='word_1_759' title='bbox 2783 5153 3008 5208; x_wconf 75' lang='lat' dir='ltr'>olﬁciis:</span> <span class='ocrx_word' id='word_1_760' title='bbox 3051 5154 3143 5207; x_wconf 88' lang='lat' dir='ltr'>sed</span> <span class='ocrx_word' id='word_1_761' title='bbox 3208 5153 3513 5221; x_wconf 85' lang='lat' dir='ltr'>expositum</span> 
     </span>
    </p>
   </div>
   <div class='ocr_carea' id='block_1_110' title="bbox 1934 5239 3512 5322">
    <p class='ocr_par' dir='ltr' id='par_1_110' title="bbox 1934 5239 3512 5322">
     <span class='ocr_line' id='line_1_110' title="bbox 1934 5239 3512 5322; baseline -0.01 -15"><span class='ocrx_word' id='word_1_762' title='bbox 1934 5253 2344 5322; x_wconf 88' lang='lat' dir='ltr'>projectnmque</span> <span class='ocrx_word' id='word_1_763' title='bbox 2397 5259 2522 5302; x_wconf 86' lang='lat' dir='ltr'>ante</span> <span class='ocrx_word' id='word_1_764' title='bbox 2567 5246 2712 5302; x_wconf 88' lang='lat' dir='ltr'>urbis</span> <span class='ocrx_word' id='word_1_765' title='bbox 2753 5255 2938 5316; x_wconf 88' lang='lat' dir='ltr'>portas</span> <span class='ocrx_word' id='word_1_766' title='bbox 2993 5245 3333 5297; x_wconf 83' lang='lat' dir='ltr'>inhumatqu</span> <span class='ocrx_word' id='word_1_767' title='bbox 3383 5239 3512 5293; x_wconf 77' lang='lat' dir='ltr'>reli-</span> 
     </span>
    </p>
   </div>
   <div class='ocr_carea' id='block_1_111' title="bbox 1939 5330 3510 5413">
    <p class='ocr_par' dir='ltr' id='par_1_111' title="bbox 1939 5330 3510 5413">
     <span class='ocr_line' id='line_1_111' title="bbox 1939 5330 3510 5413; baseline -0.008 -16"><span class='ocrx_word' id='word_1_768' title='bbox 1939 5354 2195 5413; x_wconf 89' lang='lat' dir='ltr'>querunt,</span> <span class='ocrx_word' id='word_1_769' title='bbox 2225 5340 2398 5397; x_wconf 88' lang='lat' dir='ltr'>donec</span> <span class='ocrx_word' id='word_1_770' title='bbox 2424 5341 2558 5410; x_wconf 84' lang='lat' dir='ltr'>ipsis</span> <span class='ocrx_word' id='word_1_771' title='bbox 2589 5349 2795 5394; x_wconf 70' lang='lat' dir='ltr'>natura:</span> <span class='ocrx_word' id='word_1_772' title='bbox 2818 5335 3097 5391; x_wconf 66' lang='lat' dir='ltr'>aliectibus</span> <span class='ocrx_word' id='word_1_773' title='bbox 3121 5332 3348 5405; x_wconf 89' lang='lat' dir='ltr'>permoti</span> <span class='ocrx_word' id='word_1_774' title='bbox 3384 5330 3510 5385; x_wconf 90' lang='lat' dir='ltr'>illud</span> 
     </span>
    </p>
   </div>
   <div class='ocr_carea' id='block_1_112' title="bbox 1610 5461 2187 5542">
    <p class='ocr_par' dir='ltr' id='par_1_112' title="bbox 1610 5461 2187 5542">
     <span class='ocr_line' id='line_1_112' title="bbox 1610 5461 2187 5542; baseline 0.007 -22"><span class='ocrx_word' id='word_1_775' title='bbox 1610 5465 1704 5523; x_wconf 88' lang='lat' dir='ltr'>Du</span> <span class='ocrx_word' id='word_1_776' title='bbox 1741 5461 1964 5542; x_wconf 81' lang='lat' dir='ltr'>Cangii</span> <span class='ocrx_word' id='word_1_777' title='bbox 1996 5467 2187 5524; x_wconf 80' lang='lat' dir='ltr'>notae.</span> 
     </span>
    </p>
   </div>
   <div class='ocr_carea' id='block_1_113' title="bbox 320 5580 1334 5652">
    <p class='ocr_par' dir='ltr' id='par_1_113' title="bbox 320 5580 1334 5652">
     <span class='ocr_line' id='line_1_113' title="bbox 320 5580 1334 5652; baseline 0.007 -17"><span class='ocrx_word' id='word_1_778' title='bbox 320 5580 402 5650; x_wconf 76' lang='lat'>(3)</span> <span class='ocrx_word' id='word_1_779' title='bbox 441 5583 699 5652; x_wconf 70' lang='grc' dir='ltr'>Ζεύγμῃ.</span> <span class='ocrx_word' id='word_1_780' title='bbox 738 5583 814 5652; x_wconf 65' lang='grc' dir='ltr'><strong>ν.</strong></span> <span class='ocrx_word' id='word_1_781' title='bbox 839 5582 1011 5639; x_wconf 81' lang='lat' dir='ltr'>Nicet.</span> <span class='ocrx_word' id='word_1_782' title='bbox 1033 5585 1070 5640; x_wconf 91' lang='lat' dir='ltr'>l.</span> <span class='ocrx_word' id='word_1_783' title='bbox 1097 5601 1170 5650; x_wconf 79' lang='lat' dir='ltr'>Iv,</span> <span class='ocrx_word' id='word_1_784' title='bbox 1201 5605 1255 5639; x_wconf 87' lang='grc' dir='ltr'>ιι.</span> <span class='ocrx_word' id='word_1_785' title='bbox 1281 5587 1334 5642; x_wconf 76' lang='grc'>5.</span> 
     </span>
    </p>
   </div>
   <div class='ocr_carea' id='block_1_114' title="bbox 325 5651 1830 5727">
    <p class='ocr_par' dir='ltr' id='par_1_114' title="bbox 325 5651 1830 5727">
     <span class='ocr_line' id='line_1_114' title="bbox 325 5651 1830 5727; baseline 0.007 -23"><span class='ocrx_word' id='word_1_786' title='bbox 325 5653 413 5727; x_wconf 67' lang='grc' dir='ltr'>(ι)</span> <span class='ocrx_word' id='word_1_787' title='bbox 440 5651 762 5727; x_wconf 69' lang='grc' dir='ltr'>Σκευαρντῷ</span> <span class='ocrx_word' id='word_1_788' title='bbox 792 5654 958 5727; x_wconf 55' lang='grc' dir='ltr'>πυρί.</span> <span class='ocrx_word' id='word_1_789' title='bbox 1012 5653 1122 5725; x_wconf 73' lang='lat' dir='ltr'>igni</span> <span class='ocrx_word' id='word_1_790' title='bbox 1170 5659 1379 5722; x_wconf 70' lang='lat' dir='ltr'>Graeco,</span> <span class='ocrx_word' id='word_1_791' title='bbox 1405 5660 1493 5727; x_wconf 90' lang='lat' dir='ltr'>qui</span> <span class='ocrx_word' id='word_1_792' title='bbox 1528 5659 1727 5713; x_wconf 68' lang='lat' dir='ltr'>nostris</span> <span class='ocrx_word' id='word_1_793' title='bbox 1747 5659 1830 5727; x_wconf 75' lang='lat' dir='ltr'>[eu</span> 
     </span>
    </p>
   </div>
   <div class='ocr_carea' id='block_1_115' title="bbox 235 5725 1827 5852">
    <p class='ocr_par' dir='ltr' id='par_1_115' title="bbox 235 5725 1827 5852">
     <span class='ocr_line' id='line_1_115' title="bbox 235 5725 1827 5852; baseline -0.037 -69"><span class='ocrx_word' id='word_1_794' title='bbox 235 5726 515 5852; x_wconf 54' lang='grc' dir='ltr'>ἀναῖὃὶβῐξε</span> <span class='ocrx_word' id='word_1_795' title='bbox 537 5725 756 5849; x_wconf 55' lang='grc' dir='ltr'>(ὲίεἱιῑιιχ</span> <span class='ocrx_word' id='word_1_796' title='bbox 793 5725 1231 5798; x_wconf 85' lang='grc' dir='ltr'>Ἐσκευασμένον</span> <span class='ocrx_word' id='word_1_797' title='bbox 1257 5730 1368 5800; x_wconf 63' lang='grc' dir='ltr'>πῦρ</span> <span class='ocrx_word' id='word_1_798' title='bbox 1398 5725 1562 5786; x_wconf 59' lang='lat' dir='ltr'>Leoni</span> <span class='ocrx_word' id='word_1_799' title='bbox 1597 5734 1648 5785; x_wconf 54' lang='lat' dir='ltr'><strong>in</strong></span> <span class='ocrx_word' id='word_1_800' title='bbox 1672 5725 1827 5787; x_wconf 52' lang='lat' dir='ltr'>Tum.</span> 
     </span>
     <span class='ocr_line' id='line_1_116' title="bbox 235 5813 595 5852; baseline -0.089 2"><span class='ocrx_word' id='word_1_801' title='bbox 235 5813 300 5852; x_wconf 89' lang='lat' dir='ltr'>c.</span> <span class='ocrx_word' id='word_1_802' title='bbox 492 5834 506 5846; x_wconf 59' lang='grc'><em>,</em></span> <span class='ocrx_word' id='word_1_803' title='bbox 582 5835 595 5848; x_wconf 42' lang='grc' dir='ltr'><strong><em>ο</em></strong></span> 
     </span>
    </p>
   </div>
   <div class='ocr_carea' id='block_1_116' title="bbox 235 5813 595 5852">
    <p class='ocr_par' dir='ltr' id='par_1_116' title="bbox 235 5813 595 5852">
     <span class='ocr_line' id='line_1_117' title="bbox 235 5813 595 5852; baseline -0.011 0"><span class='ocrx_word' id='word_1_804' title='bbox 235 5813 300 5852; x_wconf 79' lang='lat' dir='ltr'>C.</span> <span class='ocrx_word' id='word_1_805' title='bbox 338 5813 404 5852; x_wconf 70' lang='grc' dir='ltr'>ιν</span> <span class='ocrx_word' id='word_1_806' title='bbox 449 5813 506 5848; x_wconf 80' lang='grc' dir='ltr'>Π.</span> <span class='ocrx_word' id='word_1_807' title='bbox 542 5813 595 5849; x_wconf 81' lang='grc' dir='ltr'>υ.</span> 
     </span>
    </p>
   </div>
   <div class='ocr_carea' id='block_1_117' title="bbox 2016 5576 3506 5659">
    <p class='ocr_par' dir='ltr' id='par_1_117' title="bbox 2016 5576 3506 5659">
     <span class='ocr_line' id='line_1_118' title="bbox 2016 5576 3506 5659; baseline -0.011 -16"><span class='ocrx_word' id='word_1_808' title='bbox 2016 5588 2093 5659; x_wconf 83' lang='lat'>(5)</span> <span class='ocrx_word' id='word_1_809' title='bbox 2129 5589 2543 5659; x_wconf 60' lang='grc' dir='ltr'>Δηλητιιοιον.⁸</span> <span class='ocrx_word' id='word_1_810' title='bbox 2589 5583 2810 5659; x_wconf 67' lang='lat' dir='ltr'>Veneno</span> <span class='ocrx_word' id='word_1_811' title='bbox 2874 5579 3141 5659; x_wconf 59' lang='lat' dir='ltr'>interiisse</span> <span class='ocrx_word' id='word_1_812' title='bbox 3175 5576 3506 5658; x_wconf 75' lang='lat' dir='ltr'>Stephanum</span> 
     </span>
    </p>
   </div>
   <div class='ocr_carea' id='block_1_118' title="bbox 1942 5648 3508 5724">
    <p class='ocr_par' dir='ltr' id='par_1_118' title="bbox 1942 5648 3508 5724">
     <span class='ocr_line' id='line_1_119' title="bbox 1942 5648 3508 5724; baseline -0.01 -10"><span class='ocrx_word' id='word_1_813' title='bbox 1942 5648 2210 5714; x_wconf 77' lang='lat' dir='ltr'>seniorem</span> <span class='ocrx_word' id='word_1_814' title='bbox 2252 5648 2442 5710; x_wconf 81' lang='lat' dir='ltr'>scribit</span> <span class='ocrx_word' id='word_1_815' title='bbox 2472 5654 2636 5709; x_wconf 86' lang='lat' dir='ltr'>etiam</span> <span class='ocrx_word' id='word_1_816' title='bbox 2681 5652 2918 5724; x_wconf 70' lang='lat' dir='ltr'>Nicetes.</span> <span class='ocrx_word' id='word_1_817' title='bbox 2945 5648 3300 5724; x_wconf 65' lang='lat' dir='ltr'>Tlnvrogsius</span> <span class='ocrx_word' id='word_1_818' title='bbox 3327 5648 3379 5724; x_wconf 31' lang='lat' dir='ltr'>i‘n</span> <span class='ocrx_word' id='word_1_819' title='bbox 3410 5660 3508 5724; x_wconf 70' lang='lat' dir='ltr'>op-</span> 
     </span>
    </p>
   </div>
   <div class='ocr_carea' id='block_1_119' title="bbox 1943 5714 3502 5794">
    <p class='ocr_par' dir='ltr' id='par_1_119' title="bbox 1943 5714 3502 5794">
     <span class='ocr_line' id='line_1_120' title="bbox 1943 5714 3502 5794; baseline -0.009 -13"><span class='ocrx_word' id='word_1_820' title='bbox 1943 5729 2070 5794; x_wconf 90' lang='lat' dir='ltr'>pido</span> <span class='ocrx_word' id='word_1_821' title='bbox 2095 5728 2310 5782; x_wconf 79' lang='lat' dir='ltr'>Zemlen</span> <span class='ocrx_word' id='word_1_822' title='bbox 2342 5727 2542 5780; x_wconf 83' lang='lat' dir='ltr'>obiisse</span> <span class='ocrx_word' id='word_1_823' title='bbox 2569 5725 2729 5777; x_wconf 82' lang='lat' dir='ltr'>tradit</span> <span class='ocrx_word' id='word_1_824' title='bbox 2761 5724 2827 5776; x_wconf 83' lang='lat' dir='ltr'>A.</span> <span class='ocrx_word' id='word_1_825' title='bbox 2859 5722 3009 5775; x_wconf 88' lang='lat' dir='ltr'>Dom.</span> <span class='ocrx_word' id='word_1_826' title='bbox 3047 5719 3186 5774; x_wconf 81' lang='lat' dir='ltr'>H75</span> <span class='ocrx_word' id='word_1_827' title='bbox 3220 5719 3294 5772; x_wconf 90' lang='lat' dir='ltr'>Id.</span> <span class='ocrx_word' id='word_1_828' title='bbox 3329 5714 3502 5781; x_wconf 75' lang='lat' dir='ltr'>April.</span> 
     </span>
    </p>
   </div>
   <div class='ocr_carea' id='block_1_120' title="bbox 1946 5797 2684 5866">
    <p class='ocr_par' dir='ltr' id='par_1_120' title="bbox 1946 5797 2684 5866">
     <span class='ocr_line' id='line_1_121' title="bbox 1946 5797 2684 5866; baseline -0.007 -13"><span class='ocrx_word' id='word_1_829' title='bbox 1946 5799 2046 5854; x_wconf 80' lang='lat' dir='ltr'>fer.</span> <span class='ocrx_word' id='word_1_830' title='bbox 2078 5799 2110 5854; x_wconf 84' lang='lat'><strong>5</strong></span> <span class='ocrx_word' id='word_1_831' title='bbox 2140 5807 2192 5852; x_wconf 89' lang='lat' dir='ltr'>et</span> <span class='ocrx_word' id='word_1_832' title='bbox 2222 5797 2368 5852; x_wconf 76' lang='lat' dir='ltr'>Alba:</span> <span class='ocrx_word' id='word_1_833' title='bbox 2396 5797 2684 5866; x_wconf 65' lang='lat' dir='ltr'>sepultum.</span> 
     </span>
    </p>
   </div>
  </div>
