3960 6164
479 359 593 430 803

1771 361 2016 424 JOANN
2023 363 2094 424 IS
2132 362 2455 426 CINNAMI

3628 362 3720 427 604

472 479 693 535 tandem
729 477 783 533 in
820 474 1086 548 Stephani
1143 472 1566 545 protomartyris
1624 471 1857 530 intulere
1910 485 2067 531 tem-‘

2172 477 2467 541 ἐτάττοντο,
2495 479 2703 544 ἀσινεῖς
2727 480 3055 549 διεγένοντο,
3093 478 3191 536 ἅτε
3219 479 3488 551 ὁμολογίᾳ
3513 479 3726 551 τοιαύτῃ

470 572 642 640 plum,
666 570 848 640 ibique
876 571 1038 623 humo
1073 565 1420 622 mandavere.

2156 572 2255 640 τὴν
2281 572 2435 626 πόλιν
2457 573 2700 640 ἐνδόντες
2742 576 2949 641 αὐτοῖς.
2988 571 3182 631 θύννοι
3206 575 3265 630 δὲ
3293 575 3370 645 τῷ
3401 574 3495 628 τοῦ
3530 575 3724 642 Scapi-

471 673 565 717 Vou
598 663 973 735 ένοϐρίίοντες
1018 657 1201 731 νεκρῷ
1244 657 1307 714 τὸ
1378 655 1479 729 μὲν
1509 656 1729 727 πρῶτον
1780 655 1906 711 οὔτε
1966 657 2122 725 ὁσίας
2162 663 2476 732 μετέδωκαν
2537 664 2668 720 οὕτε
2716 667 2864 732 τινὸς
2934 667 3097 723 ἀλλου
3148 667 3259 721 τῶν
3326 668 3419 721 ἐπὶ
3469 667 3721 720 τεθνεῶτι

471 760 561 833 ίΡ.
596 758 717 833 139]
736 758 988 830 ’νομίμων
1029 755 1311 825 ἠξίωσανά
1342 757 1448 825 πρὸ
1482 753 1545 808 δὲ
1575 754 1684 808 τῶν
1722 754 1826 825 τῆς
1882 754 2097 821 πόλεως
2134 757 2356 812 ἐκθετον
2380 762 2740 834 ποιησάμενοι
2780 763 2985 829 πυλῶν,
3011 765 3219 834 ἄταφον
3237 764 3425 833 μένειν
3442 761 3725 817 ἐδικαίουν.

406 909 415 915 _
484 852 613 923 Ὀψὲ
640 851 685 905 δ’
707 850 800 905 οὖν
835 848 941 930 ὑπὸ
984 849 1083 919 τῆς
1140 845 1357 918 φύσεως
1390 844 1844 918 παρακληθέντες
1869 847 1928 910 ἐς
1956 847 2048 902 τὸν
2085 849 2358 922 Στεφάνου
2394 850 2488 907 τοῦ
2517 854 2991 930 πρωτομάρτυρος
3052 856 3247 926 ἄγουσι
3314 856 3475 920 νεὼν,
3506 854 3633 909 ἔνθα
3659 854 3729 925 τῷ

471 947 689 1017 χώματι
710 926 902 997 τοῦτον
930 940 1158 997 ἔδωκαν.

542 1041 629 1097 14.
691 1037 984 1108 Postquam
1044 1040 1160 1096 haec
1212 1033 1421 1105 accepit
1485 1036 1763 1107 princeps,
1817 1034 2058 1106 Augusta

475 1137 599 1190 licet
631 1135 864 1204 graviori
910 1134 1099 1190 morbo
1134 1135 1201 1190 iis
1241 1134 1436 1191 diebus
1480 1130 1905 1195 conﬂictaretur,
1942 1130 2058 1196 ipse

474 1227 661 1282 divino
690 1228 949 1298 quodam,
993 1228 1070 1281 uti
1107 1226 1335 1291 solebat,
1376 1238 1639 1279 accensus
1661 1222 1879 1290 ardore,
1910 1231 2056 1297 totus

474 1321 530 1374 in
564 1322 761 1375 bellum
792 1321 1062 1379 incubuit.
1097 1320 1382 1376 Sardicam
1418 1332 1547 1388 ergo
1571 1331 1697 1372 cum
1722 1317 2059 1389 pervenisset

474 1410 779 1481 Illyriorum
829 1410 1192 1480 nrctropolim,
1238 1410 1423 1480 copias
1478 1407 1549 1462 ibi
1583 1407 1880 1462 contrahit.
1930 1404 2058 1461 Inde

474 1496 637 1552 Junio
679 1512 865 1552 mense
905 1508 1101 1552 exacto
1132 1498 1295 1553 motis
1335 1496 1530 1552 castris
1569 1495 1635 1550 ad
1686 1492 1883 1549 Istrum
1926 1509 2058 1548 con-

478 1591 652 1646 tendit
681 1608 696 1645 :
726 1606 957 1660 cumque
986 1591 1136 1646 illum
1186 1590 1512 1662 traiecturus
1550 1598 1720 1653 esset,
1757 1588 1808 1643 id
1841 1586 2057 1656 potissi-

431 1698 627 1750 ,mum
679 1683 1153 1739 comminiscitur:
1207 1692 1448 1753 quoquot
1500 1693 1659 1737 erant
1709 1682 1761 1735 in
1817 1680 2059 1737 exercitu

479 1775 675 1844 potiori
722 1782 997 1831 armatura
1044 1783 1138 1830 aut
1185 1778 1381 1832 robore
1426 1774 1736 1843 conspicui.
1767 1789 1797 1828 Θ
1841 1776 2059 1843 τεεῖυηθ

479 1867 695 1923 Chrami
728 1867 1015 1937 Hungariae
1045 1868 1226 1938 oppidi
1259 1866 1575 1933 collocavit,
1609 1882 1673 1922 eo
1711 1865 1813 1921 loci
1855 1878 2064 1920 extem-

480 1960 569 2029 plo
602 1958 1050 2014 transmissurum
1081 1974 1141 2017 se
1189 1960 1391 2015 Istrum
1444 1958 1710 2015 simulans
1752 1974 1765 2011 :
1799 1974 1920 2011 cum
1963 1972 2063 2010 au-

490 2063 601 2107 tem
644 2053 847 2108 videret
886 2055 1113 2108 adversa
1151 2054 1516 2108 consistentes
1542 2052 1655 2122 ripa
1689 2051 2063 2120 IIungarorum

480 2146 690 2216 cepias,
721 2148 787 2201 ad
829 2147 1121 2217 Belegrada
1160 2162 1516 2217 progressus,
1565 2147 1653 2201 ubi
1696 2145 1897 2207 illuxit,
1942 2158 2069 2197 con-

480 2239 659 2293 festim
690 2239 812 2293 inde
834 2239 1091 2295 excessit.
1122 2238 1201 2293 Ita
1232 2239 1472 2294 hostium
1506 2239 1616 2294 illic
1650 2240 1794 2295 vires
1822 2238 2051 2295 distrahi

483 2348 549 2387 ac
607 2331 788 2387 divelli
850 2332 1100 2403 contigit,
1159 2333 1287 2387 dum
1339 2333 1559 2403 utrique
1606 2334 1873 2389 obsistere
1926 2336 2063 2402 parti

483 2424 853 2478 contrituntur.
904 2422 1090 2495 Neque
1132 2432 1312 2480 tamen
1363 2426 1545 2481 minor
1587 2427 1653 2479 ad
1687 2425 2066 2494 trajiciendum

486 2515 851 2569 Romanorum
905 2517 1115 2572 animos
1147 2518 1433 2588 occupavit
1466 2533 1654 2588 parur.
1704 2517 1858 2583 Quod
1906 2517 2067 2571 simul

490 2621 653 2678 atque
702 2614 933 2665 advertit
981 2615 1298 2679 imperator,
1334 2615 1633 2683 ipseante
1706 2613 1860 2678 alios,
1892 2611 2067 2681 qualia

485 2719 628 2774 smpe
674 2719 838 2759 ausus
883 2715 987 2771 est,
1034 2707 1292 2776 scapham
1353 2707 1630 2778 ingressus
1676 2708 1726 2761 in
1780 2688 2073 2760 adversam.

486 2799 656 2865 ripam
699 2798 959 2855 transiit:
1012 2808 1179 2868 atque
1228 2798 1353 2853 inde
1408 2800 1648 2868 reliquus
1699 2798 2064 2851 Romanorum

484 2893 755 2942 exercitus
809 2889 1157 2957 imperatoris
1215 2890 1466 2944 ardorem
1549 2888 1822 2943 reveritus
1903 2900 2067 2942 naves

485 2982 825 3035 conscendit.
876 2980 1119 3050 Iiungari
1172 2995 1298 3035 vero
1342 2991 1627 3052 postquam
1685 2981 2066 3048 imperatorem

487 3073 858 3128 transmisisse
892 3074 1164 3140 viderunt,
1195 3074 1366 3142 ruptis
1403 3074 1584 3129 statim
1614 3072 1894 3128 ordinibus
1918 3079 2067 3124 retro

2240 1038 2319 1096 ιδ’.
2352 1040 2572 1097 Τούτων
2622 1041 2865 1108 ἀκούσας
2903 1041 3185 1114 βασιλεὺς,
3236 1042 3417 1097 καίτοι
3459 1041 3564 1113 τῆς
3589 1040 3732 1112 βασι-

2160 1131 2303 1195 λίδος
2361 1133 2501 1205 νόσῳ
2565 1134 2762 1208 βαρείᾳ
2790 1136 2852 1189 τὸ
2904 1134 3163 1208 τηνικάδε
3198 1133 3555 1204 πιεζομένης,
3579 1133 3728 1198 aerii;

2162 1220 2421 1295 δαιμονίᾳ
2452 1224 2560 1277 τινὶ
2589 1224 2782 1296 ὥσπερ
2811 1224 2991 1279 είώθει
3020 1224 3383 1295 κεκινημένος
3412 1212 3559 1294 ὁρμῇ
3605 1223 3731 1278 καθ-

2170 1312 2358 1367 ίστατο
2395 1315 2531 1385 πρὸς
2577 1314 2672 1368 τὸν
2716 1315 2976 1388 πόλεμον.
3031 1316 3122 1369 Ἐν
3148 1316 3387 1387 Σαρδικῇ
3444 1314 3624 1369 τοίνυν
3669 1317 3728 1385 τῇ

2180 1403 2460 1473 Ἰλλυριῶν
2485 1406 2778 1476 γενόμενος
2827 1407 3160 1479 μητροπόλει
3185 1406 3422 1461 ἐνταῦθα
3452 1406 3547 1460 τὸν
3574 1423 3731 1479 στρα-

2166 1493 2256 1547 τὸν
2309 1494 2583 1567 ἤθροιζεν.
2640 1497 2860 1551 Ἰουνίου
2892 1497 2949 1551 δὲ
2977 1497 3259 1566 φθίνοντος
3323 1496 3538 1551 ἐκεῖθεν
3604 1498 3732 1566 ἄρας

2166 1585 2260 1638 ἐπὶ
2285 1586 2377 1638 τὸν
2411 1587 2625 1657 Ἴστρον
2675 1584 2828 1661 ἦλθε.
2883 1589 3109 1643 Μέλλων
3157 1590 3213 1643 δὲ
3245 1589 3345 1662 ἤδη
3384 1588 3733 1656 περαιοῦσθαι

2169 1675 2309 1730 κατὰ
2350 1678 2477 1731 τάδε
2529 1677 2726 1735 ἐποίει.
2818 1680 3049 1734 Ὃπόσον
3112 1681 3171 1734 ἐν
3229 1679 3307 1750 τῷ
3366 1678 3732 1750 στρατεύματι

2165 1768 2378 1823 ὁπλίσει
2406 1788 2467 1824 τε
2490 1770 2747 1841 διαφέρον
2802 1773 2895 1825 καὶ
2952 1771 3340 1844 μαχιμώτερον
3379 1767 3471 1844 ἦν,
3514 1773 3731 1840 ἀντικρῦ

2170 1863 2400 1933 Χράμου
2428 1863 2635 1927 πόλεως
2664 1863 2892 1936 ἔστησεν
2911 1865 3198 1936 Ούννικῆς,
3226 1865 3458 1935 δόκησιν
3485 1870 3731 1935 παρέχων

2169 1952 2245 2016 ὡς
2283 1954 2478 2007 αὐτίκα
2496 1954 2706 2008 ἐκεῖθεν
2738 1953 3203 2024 περαιωσόμενος.
3238 1955 3401 2008 Ὅθεν
3425 1956 3522 2010 καὶ
3555 1955 3733 2024 ἐπειδὴ

2168 2042 2540 2113 ἀντίπορθμον
2568 2043 2800 2098 ἐνταῦθα
2852 2042 2913 2096 τὸ
2945 2042 3204 2098 υύννικὸν
3247 2042 3423 2107 ἑστὼς
3460 2040 3625 2109 εἶδεν,
3648 2043 3734 2097 ἐπὶ

2169 2134 2479 2207 Βελέγραδα
2538 2138 2783 2208 μεταϐὰς
2831 2137 3031 2208 ὄρθρου
3068 2138 3282 2191 ἐκεῖθεν
3315 2138 3576 2194 ἀπέπλει.
3626 2138 3734 2192 Ἐν-

2167 2230 2360 2284 τεῦθέν
2390 2250 2449 2286 τε
2472 2233 2765 2304 διῃρῆσθαι
2794 2234 3075 2287 συνέϐαινε
3106 2234 3235 2297 τοὺς
3272 2232 3569 2304 πολεμίους
3616 2234 3737 2287 ἑκα-

2168 2319 2344 2387 τέροις
2403 2319 2796 2388 ἀντιτάξασθαι
2849 2320 3266 2391 διανοουμένους
3320 2320 3540 2392 μέρεσι.
3600 2321 3735 2391 Πλὴν

2168 2410 2305 2466 ἀλλᾶ
2332 2414 2426 2469 καὶ
2454 2414 2778 2481 οἱῬωμαζοι
2810 2413 3033 2482 ὀκνήσει
3069 2414 3240 2487 πολλῇ
3274 2416 3333 2478 ἐς
3356 2415 3459 2486 τὴν
3491 2414 3736 2469 διάϐασιν

2167 2504 2397 2574 εἴχοντο,
2441 2504 2468 2559 ὃ
2503 2506 2665 2571 γνοὺς
2723 2506 2980 2576 βασιλεὺς
3022 2505 3184 2571 αύτδς
3231 2508 3339 2579 πρὸ
3383 2506 3497 2561 τῶν
3546 2506 3734 2573 ἄλλων,

2166 2598 2325 2650 ὁποῖα
2389 2597 2646 2660 πολλάκις
2702 2600 2802 2670 ἤδη
2862 2597 3143 2669 τολμήσας
3207 2597 3409 2670 ἔτυχε,
3466 2596 3735 2668 λεμϐαδίῳ

2167 2690 2366 2753 ἐπιϐὰς
2412 2691 2504 2742 ἐπὶ
2554 2690 2653 2760 τὴν
2714 2691 3014 2762 ἀντιπέρας
3046 2686 3272 2762 ἐφέρετο
3302 2690 3492 2762 ὄχθην,
3532 2689 3656 2759 ἑξῆς
3682 2690 3732 2742 δὲ

2167 2784 2260 2834 καὶ
2289 2783 2316 2835 ὁ
2367 2782 2657 2851 Ῥωμαίων
2686 2782 2915 2854 στρατὸς
2941 2781 3040 2854 τὴν
3074 2782 3338 2854 βασιλέως
3376 2782 3553 2854 ὁρμὴν
3589 2782 3725 2835 αἰδε-

2170 2872 2388 2935 σθέντες
2448 2873 2539 2925 ἐπὶ
2575 2873 2675 2937 τὰς
2734 2874 2866 2937 ναῦς
2933 2871 3196 2944 ἐχώρουν.
3246 2870 3437 2929 Οὗννοι
3466 2873 3523 2928 δὲ
3554 2872 3734 2944 ἐπειδὴ

2169 2963 2400 3036 βασιλέα
2456 2966 2913 3038 περαιωσάμενον
2978 2961 3139 3033 εἶδον,
3166 2967 3320 3021 έλυόν
3348 2984 3410 3020 τε
3449 2968 3580 3038 παρ’
3608 2965 3735 3019 αὐτά

2166 3058 2260 3108 τὸν
2296 3058 2678 3127 συνασπισμδν
2717 3058 2814 3112 καὶ
2841 3058 3150 3131 ἀνεχώρουν
3200 3060 3401 3115 ὀπίσω.
3452 3060 3582 3113 Ὅτε
3629 3074 3735 3111 συν-

484 3177 718 3217 cessere.
751 3163 868 3230 Quo
905 3174 1017 3218 tum
1052 3177 1292 3235 tempore
1322 3164 1542 3231 accidit,
1576 3173 1634 3219 ut
1665 3162 1791 3216 dum
1827 3162 2061 3231 impera-

2172 3144 2266 3215 έϐη
2298 3145 2375 3214 τῷ
2411 3144 2622 3214 βασιλεί
2669 3147 2727 3198 ὲν
2758 3148 2823 3217 τῇ
2860 3146 2998 3219 πρὸς
3038 3146 3137 3217 τὴν
3172 3146 3441 3217 πολεμίαν
3475 3147 3733 3202 ἀποϐάσει

486 3265 570 3308 tor
598 3256 662 3309 ad
695 3265 894 3310 terram
934 3255 1185 3312 hostilem
1216 3256 1494 3325 appelletis
1521 3254 1736 3326 longius
1775 3268 1934 3323 quam
1970 3269 2064 3321 par

482 3357 602 3401 erat
629 3347 903 3416 prosiliret
935 3346 1204 3418 (obstabat
1232 3349 1429 3419 quippe
1455 3347 1635 3414 limus,
1660 3346 2068 3420 aﬂlquomi-

485 3456 586 3495 nus
641 3442 863 3511 propius
897 3444 962 3495 ad
1014 3442 1166 3496 littus
1218 3450 1400 3517 posset
1460 3442 1613 3497 navis
1653 3441 1939 3511 applicari)
1975 3455 2067 3510 pes

484 3529 625 3585 alter
660 3531 876 3601 gravius
905 3529 1231 3596 offenderit,
1267 3541 1426 3602 atque
1478 3530 1606 3586 inde
1652 3530 1793 3586 male
1827 3529 2067 3585 haberet.

487 3620 674 3690 Neque
709 3631 885 3675 tamen
914 3623 1035 3676 ideo
1062 3638 1090 3675 a
1119 3624 1281 3689 priori
1318 3623 1528 3678 remisit
1551 3623 1747 3677 ardore
1772 3641 1786 3679 :
1821 3624 1913 3677 sed
1940 3621 2065 3675 dum

489 3714 727 3767 ﬂuminis
751 3731 969 3769 cursum
999 3716 1269 3769 divertere
1299 3700 1550 3783 conatur,
1583 3725 1802 3785 totoque
1828 3714 1916 3770 die
1945 3714 2070 3770 huic

488 3807 639 3875 operi
696 3808 941 3872 interest,
986 3816 1293 3862 tumescere
1344 3823 1470 3877 pars
1517 3806 1642 3862 lazsa
1682 3784 1833 3876 pedis
1882 3806 2067 3875 etrapit.

489 3898 713 3954 Plurimi
773 3913 901 3955 vero
946 3915 1009 3953 ex
1054 3898 1311 3955 Barbaris
1352 3900 1441 3970 qui
1480 3898 1750 3970 Zeugmen
1787 3901 2073 3953 tuebantur

487 4000 646 4047 extra
691 3993 891 4046 muenia
946 4001 1330 4061 procurrentes
1371 4006 1646 4061 opponere
1705 4006 1765 4046 se
1812 3990 2074 4046 Romanis

492 4094 707 4152 parant.
745 4082 939 4138 Verum
991 4083 1153 4137 simul
1204 4092 1367 4153 atque
1419 4083 1801 4153 imperatorem
1857 4084 2070 4148 vident,

491 4174 617 4227 dum
669 4188 787 4229 sese
846 4173 1077 4228 invicem
1143 4182 1468 4241 praevertere
1534 4174 1805 4239 nituntur,
1864 4172 2070 4242 ingenti

494 4267 724 4320 tumultu
758 4278 811 4321 et
844 4266 1201 4336 trepidatione
1253 4266 1305 4321 in
1357 4268 1544 4323 urbem
1588 4266 1823 4328 irruuut.
1863 4281 1961 4320 nec
2008 4282 2070 4319 ea

496 4360 729 4427 amplius
773 4360 973 4414 audent
998 4357 1204 4429 egredi.
1236 4358 1462 4413 lion-iani
1496 4370 1619 4429 post
1645 4357 1782 4422 haec,
1825 4356 2073 4412 omnibus

494 4466 616 4520 qum
650 4451 714 4506 ad
741 4450 1201 4521 oppugnationem
1235 4451 1542 4506 necessaria
1579 4458 1736 4503 erant
1768 4446 2069 4518 apparatis,

2170 3235 2392 3305 πλέονῆ
2456 3236 2625 3308 ἐχρῆν
2674 3237 2923 3313 ἀλομένῳ
2982 3237 3123 3309 (οὐδὲ
3172 3237 3281 3307 γάρ
3335 3236 3635 3308 συνεχώρει
3677 3236 3733 3289 διὸ

2164 3329 2468 3397 τεναγῶδες
2503 3332 2569 3399 τῇ
2599 3329 2781 3402 χέρσῳ
2836 3331 3101 3384 διοκεῖλαι
3156 3330 3261 3401 τὴν
3300 3328 3455 3401 ναῦν)
3514 3330 3732 3401 θάτερον

2168 3418 2608 3488 παρασφήλαντα
2638 3419 2751 3472 τοῖν
2806 3418 2991 3471 ποδοῖν
3024 3420 3278 3491 πονήρως
3310 3416 3464 3490 αύτῷ
3488 3417 3733 3488 διατεθῆ-

2169 3528 2276 3564 ναι.
2308 3510 2367 3565 Ὀ
2396 3510 2450 3562 δὲ
2480 3509 2597 3563 οὐδὲ
2627 3510 2703 3574 ὣς
2726 3510 2822 3581 τῆς
2851 3510 2991 3579 άγαν
3014 3511 3173 3583 ἤθελε
3189 3511 3382 3580 λήγειν
3414 3506 3731 3581 προθυμίας.

2169 3601 2307 3655 ἀλλά
2334 3619 2455 3656 τινα
2478 3601 2572 3656 τοῦ
2616 3603 2862 3672 ποταμοῦ
2888 3602 2996 3673 γὰρ
3022 3599 3113 3658 οὖν
3166 3604 3522 3674 ἐπειγόμενος
3556 3602 3734 3671 ἐκτρο-

2169 3691 2300 3761 πὴν,
2325 3692 2381 3745 ὲν
2412 3689 2587 3762 τούτῳ
2612 3708 2673 3744 τε
2724 3691 3095 3763 διημερεύσας
3125 3691 3207 3764 τῷ
3245 3693 3397 3763 πόνῳ
3437 3694 3517 3757 είς
3572 3690 3727 3759 ὄγκον

2170 3786 2341 3857 ἐπῆρε
2372 3788 2434 3838 τὸ
2490 3786 2798 3857 πεπονηκὸς
2839 3787 2990 3857 αὐτῷ
3026 3785 3121 3841 τοῦ
3170 3787 3331 3850 ποδὸς
3396 3786 3584 3857 μέρος.
3617 3784 3731 3838 Τῶν

2170 3878 2224 3932 δὲ
2255 3880 2351 3948 τὴν
2402 3876 2660 3950 Ζεύγμην
2728 3879 3110 3950 φρουρούντων
3142 3880 3445 3951 Βαρϐάρων
3468 3880 3541 3942 ὠς
3584 3876 3731 3931 πλεῖ-

2174 3990 2288 4026 στοι
2317 3974 2541 4044 τειχέων
2565 3974 2930 4045 ἐκδραμόντες
2954 3974 3029 4039 ὡς
3060 3971 3475 4046 ἀντιταξόμενοι
3505 3972 3731 4045 ἔστησαν

2184 4066 2326 4119 Ἀλλ’
2393 4067 2507 4137 ἅμα
2541 4084 2600 4120 τε
2626 4066 2850 4136 βασιλέα
2882 4062 3021 4121 εἶδον
3057 4068 3149 4121 καὶ
3173 4067 3330 4132 ἄλλος
3388 4067 3543 4121 ἀλλον
3602 4081 3731 4133 προ·

2176 4160 2399 4228 φθάνειν
2446 4160 2791 4231 ἐπειγόμενοι
2843 4160 3122 4231 ταραγμῷ
3170 4161 3265 4215 καὶ
3299 4160 3516 4232 θορύϐῳ
3547 4150 3600 4222 ἐς
3640 4157 3738 4229 τὴν

2175 4252 2329 4305 πόλιν
2351 4253 2667 4305 εἰσέπιπτον
2710 4253 2989 4318 ἐπεξιέναι
3013 4270 3071 4307 τε
3106 4254 3290 4307 οὐκέτι
3340 4252 3593 4320 ἐτόλμων.
3625 4250 3728 4305 Καὶ

2173 4346 2357 4399 λοιπὸν
2395 4346 2753 4416 Ῥωμαῖοιτὰ
2798 4346 2933 4416 πρὸς
2995 4345 3354 4417 τειχομαχίαν
3399 4343 3725 4418 ἐξηρτύοντο.

2175 4440 2345 4511 Τρίτῃ
2380 4441 2436 4493 δὲ
2463 4442 2581 4510 μετ’
2616 4439 2835 4510 ἐκείνην
2862 4440 3044 4511 ἡμέρᾳ
3068 4441 3162 4495 καὶ
3194 4438 3359 4512 ἔργου
3393 4440 3612 4511 εἴχοντο.
3671 4437 3727 4490 0i

497 4541 660 4597 tertio
702 4553 827 4613 post
848 4541 935 4597 die
975 4556 1084 4595 rem
1116 4541 1528 4611 aggrediuntur.
1570 4538 1796 4594 Barbari
1839 4547 2016 4591 autem
2047 4552 2067 4591 ε

2179 4533 2234 4586 δὲ
2260 4530 2535 4602 Βάρϐαροι
2566 4532 2629 4585 ὲκ
2651 4530 2762 4585 τῶν
2808 4530 3090 4597 ἐπάλξεων
3149 4530 3484 4602 ἀμυνόμενοι
3512 4543 3729 4598 κεκραγ·

494 4617 733 4687 turribus
764 4640 1188 4701 propugnantes,
1233 4630 1672 4699 clamoribusque
1700 4636 1754 4682 et
1798 4626 2070 4681 vociiera-

2179 4625 2296 4697 μῶν
2363 4642 2523 4678 τινων
2556 4624 2653 4678 καὶ
2719 4625 2950 4695 ἀσήμων
2984 4624 3272 4693 ἀλαλαγῶν
3307 4624 3398 4679 τδν
3425 4624 3554 4696 ἀέρα
3575 4622 3728 4691 ἐπλή-

496 4725 735 4779 tiouibus
766 4725 1053 4793 implentes
1094 4738 1274 4777 aerem
1302 4766 1314 4788 ,
1355 4723 1456 4777 tela
1502 4722 1763 4777 continuo
1798 4721 2067 4791 jaciebant

2177 4734 2304 4789 ρουν
2342 4716 2567 4770 ἔϐαλλόν
2592 4734 2652 4770 τε
2682 4717 2933 4790 διηνεκὲς
2986 4719 3081 4772 καὶ
3124 4717 3433 4774 ἐϐάλλοντο.
3474 4716 3610 4773 ‘AD.’
3638 4714 3727 4767 ιπὶ

498 4819 725 4888 telisque
752 4817 993 4872 vicissim
1045 4816 1469 4886 itnpetebantur.
1510 4817 1682 4883 Atque
1720 4816 1768 4869 in
1798 4829 1863 4869 eo
1898 4822 2077 4867 certa-

498 4910 661 4964 minis
690 4924 887 4979 genere
930 4910 1044 4964 dies
1083 4909 1186 4964 iste
1228 4920 1282 4963 et
1314 4922 1547 4979 sequens
1580 4919 1931 4975 consumptus
1970 4917 2073 4962 est.

501 5001 757 5056 liornanis
787 5002 1007 5070 perinde
1049 5016 1112 5055 ac
1162 5000 1434 5067 [Iungaris
1469 4999 1596 5053 nihil
1644 4999 2075 5069 proﬁcientibus.

499 5096 635 5151 Tum
663 5104 717 5151 et
756 5095 858 5149 alia
907 5094 1165 5149 demirari
1209 5094 1354 5149 subit
1399 5094 1451 5147 in
1499 5108 1561 5147 ea
1595 5092 1877 5146 obsidione
1911 5092 2076 5159 facta,

500 5188 800 5260 praesertim
836 5203 964 5260 vero
996 5187 1341 5257 imperatoris
1387 5185 1666 5240 audaciam
1696 5202 1709 5238 :
1751 5198 1939 5254 quam,
1974 5185 2076 5241 nisi

503 5258 629 5335 tunc
681 5258 944 5347 temporis
989 5275 1281 5332 adfuissem
1323 5290 1581 5346 praesens,
1616 5285 1671 5328 et
1718 5290 1906 5330 eorum
1954 5290 2075 5345 quae

503 5372 591 5425 hic
624 5380 773 5442 gesta
808 5379 934 5425 sunt
970 5370 1125 5425 testis
1156 5370 1272 5439 ipse
1304 5372 1661 5435 exstitissem,
1694 5369 1813 5424 aliis
1847 5385 2080 5424 narran-

507 5464 649 5517 tibus
679 5464 767 5515 vix
793 5477 857 5516 ac
882 5479 945 5516 ne
980 5463 1066 5516 vix
1090 5463 1305 5530 quidem
1343 5462 1641 5518 crederem.
1671 5461 1901 5515 Romani
1934 5463 2077 5516 enim

504 5557 683 5625 lignea
740 5565 1014 5610 exstructa
1070 5555 1206 5609 turri
1254 5555 1640 5611 transcendere
1697 5555 1748 5609 in
1784 5554 1974 5608 urbem
2029 5566 2080 5609 et

510 5650 813 5705 comminus
845 5664 966 5703 cum
999 5648 1250 5703 Barbaris
1294 5649 1489 5703 moenia
1526 5648 1935 5704 defensrmtibus
1969 5661 2082 5701 ma-

512 5756 614 5798 nus
661 5755 945 5795 conserere
994 5748 1317 5794 statuerunt.
1351 5739 1466 5806 lpse
1513 5751 1691 5795 autem
1728 5731 1930 5807 primus
1958 5754 2077 5793 om.

518 5832 667 5888 uinm
698 5833 1065 5888 conscendere
1097 5830 1269 5886 voluit
1297 5849 1310 5886 :
1343 5850 1360 5885 ι
1396 5832 1540 5888 istud
1565 5849 1674 5902 pra:
1724 5830 1955 5895 caeteris,
1988 5830 2073 5884 itt-

2173 4811 2436 4874 τοιούτοις
2471 4812 2568 4882 μὲν
2598 4814 2631 4883 ἡ
2655 4811 2856 4866 αὐτίκα
2881 4814 2977 4866 καὶ
3001 4814 3033 4883 ὴ
3065 4813 3182 4884 μετ’
3234 4814 3453 4885 ἐκείνην
3481 4811 3720 4882 ἡνάλωτο,

2178 4906 2274 4959 καὶ
2325 4905 2475 4960 οὐδὲν
2548 4904 2672 4959 οὔτε
2735 4905 3033 4976 Ῥωμαίοις
3086 4904 3209 4960 οὔτε
3236 4906 3331 4981 [Ρ.
3356 4905 3480 4971 140]
3523 4904 3724 4963 Οὖννοις

2180 4992 2515 5065 προύχώρει.
2578 4991 2721 5062 Ἐγὼ
2749 4993 2807 5048 δὲ
2833 4995 2928 5047 καὶ
2977 4993 3114 5049 ἄλλα
3144 4994 3245 5065 μὲν
3280 4995 3388 5049 τῶν
3410 4996 3489 5058 είς
3528 4991 3721 5058 ἐκείνην

2177 5084 2582 5157 τετελεσμένων
2616 5084 2916 5155 θαυμάζειν
2940 5084 3049 5157 ἔχω
3111 5086 3209 5157 τὴν
3259 5086 3588 5158 πολιορκίαν,
3629 5080 3722 5151 τήν

2178 5197 2240 5249 γε
2281 5179 2387 5251 μὴν
2413 5176 2508 5231 τοῦ
2537 5178 2799 5249 βασιλέως
2819 5178 3046 5249 τόλμαν,
3088 5178 3231 5251 είμη
3269 5180 3462 5250 παρὼν
3510 5176 3720 5243 ἐτύγχα-

2179 5287 2269 5326 νον
2303 5269 2429 5340 τῇδε
2443 5267 2554 5324 τῶν
2568 5268 2958 5340 πραττομένων
2977 5268 3253 5338 αὐτόπτης
3264 5271 3560 5340 γινόμενος,
3578 5264 3720 5336 σχολῇ

2178 5363 2244 5416 ἂν
2270 5362 2678 5433 ἀφηγουμένοις
2727 5361 3046 5415 ἐπίστευσα.
3110 5360 3373 5430 Ῥωμαῖοι
3406 5361 3512 5431 γάρ
3536 5358 3718 5424 ξύλινον

2179 5456 2575 5526 τεκτηνάμενοι
2606 5453 2816 5526 πύργον
2840 5454 3153 5509 ἀναϐαίνειν
3182 5456 3277 5508 ἐπὶ
3302 5456 3401 5527 τὴν
3445 5453 3591 5508 πόλιν
3616 5448 3718 5503 διε-

2178 5546 2419 5611 νοοῦντο,
2477 5546 2552 5611 ὡς
2605 5546 2733 5600 ἀπὸ’
2767 5546 2948 5617 χειρὸς
2993 5548 3109 5611 τοῖς
3150 5547 3246 5601 ἐπὶ
3296 5547 3407 5602 τῶν
3462 5545 3717 5612 ἐπάλξεων

2178 5639 2770 5711 ἀντικαταστησόμενοι
2834 5638 3161 5712 Βαρϐἀροις.
3201 5639 3261 5693 '0
3282 5640 3341 5695 δὲ
3397 5633 3713 5711 πρῶτοςτῶν

2182 5732 2357 5789 ἀλλων
2411 5731 2726 5787 ἀναϐαίνειν
2778 5730 2933 5803 ἠξίου
2990 5732 3251 5801 «Ταύτην
3295 5732 3353 5788 δέ
3398 5750 3507 5803 μοι,
3543 5730 3710 5797 λέγων.

2183 5828 2373 5898 ἄνδρες
2426 5827 2709 5897 Ῥωμαῖοι,
2770 5825 2938 5898 μείζω
2961 5825 3066 5881 τῶν
3113 5825 3292 5883 ἀλλων
3338 5822 3597 5899 χαριεῖσθε
3621 5818 3709 5889 την
