3960 6164
241 337 341 403 605

1469 317 2020 384 HlSTOlUARUM
2061 323 2210 386 LIB’.
2247 326 2315 386 V.

3401 322 3506 388 606

242 449 472 516 εὔνοιαν,
529 447 583 500 εί
625 461 690 512 γε
741 439 1109 497 ἀναϐαίνοντα
1168 434 1410 490 κωλύετε
1468 433 1702 506 μηδὲν.»
1739 431 1814 486 Ob

1942 439 2144 507 quiens,
2179 439 2280 493 viri
2314 437 2563 502 Romani,
2593 438 2699 494 erit
2730 438 2860 494 mibi
2895 435 3280 494 benevolentiae
3313 445 3506 490 vestra:

245 543 423 616 μέντοι
451 539 546 595 καὶ
563 535 832 609 ἐξέπραξε
854 533 916 587 τό
943 531 1295 602 ἐπιθύμημα.
1322 529 1388 585 Oi
1412 524 1819 615 y.&p.1tpobxov-

241 598 324 700 τες
352 633 465 686 τῶν
516 598 842 701 στρατηγῶν
885 598 1249 696 περιστάντες
1293 599 1458 690 αὐτῷ’
1492 598 1818 688 ίᾶχυρότατα

242 723 600 782 διεκώλυσαν.
641 720 703 777 Ὀ
740 720 796 773 δέ
826 717 1013 787 κύκλῳ
1037 713 1100 769 τὸ
1136 716 1312 784 τεῖχος
1341 708 1570 782 περιιὼν
1596 708 1732 762 αύτό
1757 724 1819 760 τε

242 818 359 874 ὅθεν
383 818 666 887 ἐπίμαχον
699 813 936 884 μάλιστα
960 805 1028 880 ἦν
1045 807 1388 862 διεσκοπεῖτο
1443 805 1540 858 καὶ
1578 803 1676 865 τὰς
1723 801 1832 854 τάο’

245 928 433 980 φρους,
485 910 546 963 αἱ
581 908 684 977 τὴν
713 905 870 959 πόλιν
923 901 1218 968 ἐζώννυον,
1273 897 1473 962 βάθους
1503 913 1564 950 τε
1601 896 1700 950 καὶ
1726 892 1821 947 εὕ-

243 1025 366 1078 ρους
393 1005 598 1068 ίκανῶς
629 1004 874 1074 ἔχουσαι,
901 997 1190 1069 φακέλλων
1215 996 1382 1050 τινῶν
1405 993 1502 1049 καὶ
1523 992 1821 1063 φρυγάνων

242 1100 448 1170 ἀπορίᾳ
471 1099 639 1152 λίθων
664 1096 884 1149 ἐκέλευε
908 1093 1152 1165 πληροῦν
1209 1091 1356 1170 οὕτω
1392 1106 1453 1141 τε
1479 1087 1822 1153 διαδιϐάξειν

243 1193 306 1247 τὰ
335 1169 969 1264 μηχανήματασ’ἡνυστο
991 1187 1049 1241 δέ
1079 1188 1231 1256 ὅμως
1258 1169 1352 1237 ἐπὶ
1377 1186 1445 1254 τῇ
1473 1181 1576 1254 τῆς
1609 1181 1821 1247 πόλεως

245 1283 449 1340 ἁλώσει
501 1281 656 1337 οὔπω
700 1281 877 1336 οὐδέν.
935 1275 1128 1334 Οὗννοι
1186 1279 1319 1348 γὰρ,
1377 1279 1557 1333 καίτοι
1610 1278 1823 1349 μεγάλα

246 1377 383 1447 πρὸς
418 1375 716 1446 Ῥωμαίων
752 1374 1065 1446 βιαζόμενοι
1093 1373 1463 1442 στρατιωτῶν,
1509 1369 1825 1434 ἐπαιάνιζόν

243 1485 302 1521 τε
331 1467 542 1536 μᾶλλον
579 1467 612 1536 ἦ
655 1465 923 1536 πρότερον
965 1465 1059 1518 καὶ
1108 1465 1322 1518 ἐλπίσιν
1376 1463 1616 1535 ὠχοῦντο
1672 1462 1824 1534 παρά

252 1561 422 1626 πόδας
451 1562 634 1625 αὐτοῖς
663 1561 754 1614 τὸν
777 1560 938 1616 ἄλλον
965 1561 1101 1616 ίέναι
1123 1560 1231 1615 τῶν
1255 1557 1472 1615 Ούννων
1499 1559 1752 1630 στρατόν.

313 1815 408 1868 ιε’.
480 1811 607 1866 Ἐπὶ
637 1811 910 1876 τοιούτοις
944 1812 1055 1867 τῶν
1089 1815 1439 1886 πραγμάτων
1471 1815 1824 1888 ἠρτημένων,
1862 1800 1904 1855 Β

244 1903 580 1974 προσιόντες
640 1907 690 1958 oi
752 1907 1041 1977 Ῥωμαίων
1092 1910 1286 1962 σκοποὶ
1343 1909 1591 1979 μεγάλου.
1637 1909 1828 1980 ἔφοδον

241 1995 498 2066 ἐμήνυον
533 1999 946 2070 στρατεύματος
978 1987 1184 2066 αύτοϊςο
1221 2003 1373 2057 κόνιν
1414 2004 1526 2072 γάρ
1554 2002 1648 2056 ἐπὶ
1675 2004 1830 2056 πλεῖ-

243 2106 376 2142 στον
404 2091 502 2142 τοῦ
536 2089 694 2161 ἀέρος
735 2092 1095 2163 όρθιάζουσαν
1129 2096 1361 2150 ἰδέσθαι.
1398 2095 1561 2149 Ἀλλά
1591 2096 1683 2148 καὶ
1722 2096 1830 2150 τῶν

241 2197 330 2244 τις
366 2183 592 2235 υῦννων
619 2182 791 2254 τύχης
833 2187 1136 2257 ἐπιφανοῦς
1185 2189 1440 2258 Βασάκης
1471 2188 1643 2258 ὄνομα
1695 2188 1831 2242 Ῥω-

242 2275 440 2343 μαίοις
491 2278 901 2347 προσχωρήσας
951 2279 1010 2330 ού
1070 2278 1288 2349 μακρὰν
1323 2280 1528 2334 ἄποθεν
1557 2277 1696 2333 εἶναι
1740 2282 1830 2335 τὸν

241 2367 506 2422 Παιόνων
578 2370 916 2440 ἰσχυρίζεται
985 2373 1148 2444 ρἦα,
1209 2372 1407 2436 ,ἀλλους
1466 2390 1528 2427 τε
1593 2375 1828 2446 ἀριθμοῦ

241 2461 548 2530 κρείσσους
573 2465 662 2516 καὶ
690 2464 753 2535 δὴ
786 2467 880 2517 καὶ
911 2463 1124 2535 Σκύθην
1154 2465 1290 2535 όμοῦ
1321 2467 1415 2520 καὶ
1439 2468 1832 2539 Ταυροσκύθην

240 2554 468 2622 ἄγοντα
514 2557 770 2624 στρατὸν,
815 2556 951 2627 πρὸς
1005 2551 1088 2620 οἷς
1129 2559 1224 2612 καὶ
1264 2559 1359 2611 τὸν
1411 2559 1631 2629 Τζέχων
1679 2561 1832 2626 ἔλεγε

240 2646 533 2717 δυνάστην
583 2650 888 2719 πανστρατὶ
937 2649 1030 2702 καὶ
1083 2649 1248 2704 πάλιν
1300 2649 1399 2704 σὺν
1449 2653 1600 2725 αὐτῷ
1652 2653 1830 2724 ἥκειν.

245 2736 485 2791 Τούτων
528 2741 832 2811 ἐπειδήπερ
870 2742 898 2794 ὁ
931 2741 1188 2812 βασιλεὺς
1228 2743 1428 2814 ἢκουσε
1456 2785 1471 2807 ,
1507 2745 1705 2816 βουλὴν
1735 2749 1834 2801 σὺν

241 2829 366 2890 τοῖς
403 2832 703 2899 μεγιστᾶσι
721 2831 1122 2897 καθίζει,δπως
1136 2833 1337 2902 δήποτε
1361 2836 1469 2906 χρὴ
1499 2837 1565 2890 τά
1590 2838 1834 2906 παρόντα

241 2918 586 3004 διοικεῖσθαι
619 2921 820 2993 ζητῶν.
852 2941 873 2975 ι
911 2924 1140 2995 Ἀνδρες
1177 2926 1394 2995 ἀμέλει,
1420 2925 1834 2999 ἕφη,⁹Ρωμαῖοι

243 3015 306 3065 ού
359 3013 530 3066 τοῦτο
564 3015 724 3085 μόνον
770 3019 802 3089 ἡ
851 3019 958 3072 τῶν
996 3023 1341 3090 πραγμάτων
1380 3018 1488 3076 οἵδε
1531 3025 1716 3092 φύσις,
1752 3026 1836 3079 ἵνα

241 3123 338 3171 τις
371 3107 541 3177 μόνον
574 3110 770 3180 τολμᾷ,
798 3111 916 3165 ἀλλ’
936 3113 1012 3176 ὡς
1040 3113 1106 3166 ἂν
1141 3117 1205 3184 τῇ
1236 3115 1407 3186 τόλμῃ
1441 3116 1515 3186 μὴ
1545 3115 1836 3187 ἀξύμὸατα

244 3202 346 3254 καὶ
377 3201 451 3254 τά
479 3200 616 3272 ἔργα
645 3203 893 3275 ἐπιτιθῇ,
933 3203 1169 3273 μάλιστα
1198 3204 1376 3274 ἔγωγε
1415 3206 1494 3275 τῷ
1545 3208 1639 3260 καὶ
1692 3210 1832 3261 κατὰ

245 3295 442 3368 βραχὺ
476 3297 848 3367 σωφρονοῦντι
897 3299 1026 3367 περὶ
1077 3298 1348 3352 πλείστων
1379 3296 1521 3352 εἶναι
1563 3301 1832 3370 οἰόμενος.

243 3391 345 3458 Μὴ
381 3389 590 3452 τοίνυν,
626 3390 813 3460 ἐπειδὴ
845 3391 905 3444 τὸ
934 3389 1086 3454 ἔθνος
1114 3391 1275 3445 τοῦτο
1306 3394 1369 3444 ἐκ
1400 3391 1725 3461 ’παραλόγου
1757 3410 1838 3444 τι-

244 3483 343 3546 νὸς
374 3483 593 3538 ἀνωθεν
636 3483 809 3552 τύχης
853 3485 1207 3556 εύημερῆσαν
1242 3483 1710 3539 δυσαντίϐλεπτον
1764 3488 1830 3556 τῇ

253 3574 571 3645 Ῥωμαίων
611 3576 852 3647 κατέστη
893 3578 1060 3647 ἀρχῇ,
1094 3576 1184 3629 διὰ
1218 3576 1391 3629 ταῦτα
1432 3578 1683 3648 ἀποχρῆν
1709 3578 1840 3647 ἡμῖν

241 3669 560 3741 οἰηθῶμεν,
581 3670 630 3722 εί
662 3670 825 3739 μόνον
852 3670 943 3724 ἐπὶ
961 3659 1064 3740 ﬁt;
1091 3671 1487 3742 στρατεύοιμεν
1506 3671 1606 3741 τῆς
1630 3670 1834 3724 αὐτῶν.

261 3763 421 3817 Ἀλλ’
458 3763 841 3834 ἀπονεμητέον
869 3763 1091 3833 ἐκάστῳ
1124 3765 1304 3835 καιρῷ
1329 3764 1389 3818 τὸ
1430 3765 1708 3836 προσῆκον
1749 3765 1842 3818 καὶ

249 3856 567 3910 ἀποδοτέον
597 3858 933 3911 καταστάσει
970 3859 1035 3929 τῇ
1073 3856 1324 3929 παρούσῃ
1357 3860 1556 3929 πρᾶξιν
1599 3857 1685 3929 [Ρ.
1716 3856 1840 3929 Ml]

245 3949 357 4019 τὴν
389 3948 646 4001 δέουσαν.
679 3949 752 4002 Ού
799 3949 908 4019 γὰρ
936 3947 1110 4001 ταῦτα
1147 3949 1518 4019 εύημεροῦσιν
1546 3945 1702 4020 οἴμαι
1749 3950 1843 4003 καὶ

246 4039 683 4118 δυσπραγοᾷῖιν
734 4039 1038 4111 ἁρμόσαιεν
1093 4042 1159 4094 ἂν
1215 4041 1522 4114 πράγματα
1564 4055 1580 4072 ⁸
1633 4041 1727 4094 καὶ
1774 4044 1842 4113 τῇ

259 4132 578 4204 Ῥωμαίων
603 4133 784 4186 τοίνυν
812 4132 978 4202 ἀρχῇ,
1027 4135 1075 4186 εί
1111 4135 1208 4188 καὶ
1253 4137 1350 4204 τῆς
1409 4135 1649 4200 παλαιᾶς
1691 4134 1846 4188 οὔπω

247 4227 576 4297 τετύχηκεν
613 4223 933 4294 εύκληρίας,
974 4222 1110 4276 ἀλλὰ
1137 4224 1260 4293 (σὺν
1291 4223 1411 4296 Θεῷ
1437 4227 1626 4295 φάναι)
1665 4225 1845 4298 πολλῷ

253 4321 505 4393 βελτίονι
567 4317 661 4387 ὑφ’
713 4321 847 4390 ἡμῖν
909 4320 1247 4393 ἀναφανείσῃ
1312 4328 1734 4392 προασπισταῖς,
1767 4330 1846 4392 είς

249 4414 516 4478 εὐδοξίαν
563 4414 960 4484 περιστήσεται
1013 4414 1232 4479 πάντως
1266 4417 1330 4468 ἐκ
1383 4415 1562 4469 ποδὼν
1607 4419 1683 4488 τῷ
1713 4419 1846 4475 06v-

1930 541 2331 604 argumentum,
2366 533 2410 587 si
2438 546 2524 586 me
2562 532 2858 586 ascendere
2893 546 3000 586 non
3037 527 3442 601 probibueritis.
3477 543 3497 577 ι

1925 625 2112 695 Neque
2159 635 2337 681 tamen
2388 625 2530 695 quod
2588 623 2767 678 animo
2798 623 3043 678 volverat
3077 620 3330 693 perfecit,
3377 613 3504 686 quia

1927 717 2122 773 ducum
2170 716 2332 789 242
2393 716 2647 788 prazcipui
2713 715 2805 784 qui
2854 729 2976 768 eum
3040 710 3504 770 circumstabant,

1927 811 2258 880 pertinacius
2307 809 2489 864 obnixi
2541 817 2687 862 sunt.
2725 807 2814 862 Ille
2861 805 3044 876 itaque
3099 803 3250 858 urbis
3306 797 3504 856 muenia

1925 901 2246 971 obequitans
2273 910 2328 957 et
2347 901 2467 971 lqua
2499 909 2651 969 parte
2695 910 3002 970 expugnato
3047 895 3306 958 facillima
3354 891 3506 945 νὶιιε-

1926 1004 2119 1048 rentur
2143 993 2456 1063 explorans,
2489 991 2661 1047 fossas
2699 996 2887 1048 urbem
2921 989 3248 1051 ambientes,
3280 980 3502 1055 profun-

1923 1084 2021 1141 das
2051 1086 2184 1142 satis
2214 1096 2268 1144 et
2309 1087 2448 1143 latas
2471 1127 2486 1149 ,
2521 1085 2746 1141 fascium
2781 1094 2832 1139 et
2866 1081 3219 1152 virgultorum
3253 1074 3501 1147 penuria,

1930 1181 2202 1254 lapidibus
2255 1179 2512 1249 compleri
2565 1177 2751 1245 sicque
2808 1168 3170 1242 transportari
3223 1163 3505 1247 machinas

1931 1270 2240 1346 imperavit.
2271 1245 2580 1339 Sedvneque
2607 1284 2668 1323 ea
2705 1281 2790 1322 res
2824 1264 3115 1335 quidquam
3149 1245 3404 1315 momenti
3436 1255 3502 1309 ad

1930 1371 2249 1444 capiendam
2282 1366 2468 1420 urbem
2499 1359 2698 1415 attulit.
2735 1355 2974 1426 Hungari
3006 1353 3222 1424 quippe,
3261 1345 3510 1420 quamvis

1927 1479 1959 1519 a
1993 1438 2254 1517 homanis
2288 1452 2547 1508 militibus
2587 1448 2770 1521 gravia
2820 1453 3008 1502 essent
3057 1442 3222 1513 passi,
3271 1438 3508 1506 majores

1929 1571 2094 1628 quam
2145 1560 2303 1606 antea
2351 1545 2618 1600 clamores
2665 1540 2920 1603 edebant,
2967 1547 3171 1606 speque
3224 1531 3510 1586 alebantur

1930 1649 2176 1721 proxime
2204 1640 2416 1697 venturi
2447 1640 2501 1693 in
2534 1650 2721 1693 eorum
2756 1630 3028 1689 auxilium
3077 1625 3304 1683 alterius
3355 1622 3508 1678 Hun-

1932 1753 2185 1813 garorum
2221 1734 2516 1792 exercitus.

2007 1833 2096 1887 l5.
2126 1830 2261 1884 Dum
2307 1829 2359 1882 in
2406 1840 2469 1880 eo
2499 1831 2683 1880 essent
2724 1834 2903 1875 rerum
2936 1825 3102 1880 statu,
3135 1815 3506 1869 Romanorum

1931 1925 2300 1996 speculatores
2351 1931 2604 1990 magnum
2663 1915 2912 1970 hostibus
2966 1910 3168 1966 auxilio
3213 1906 3508 1963 exercitum

1929 2019 2186 2074 advenire
2248 2014 2535 2069 nuntiant:
2590 2009 2870 2079 pulverem
2927 2005 3070 2060 enim
3120 2017 3179 2057 se
3220 2001 3276 2057 in
3327 2011 3509 2054 aerem

1933 2113 2095 2168 altius
2132 2111 2334 2165 elatum
2382 2105 2686 2175 advenisse
2719 2103 2959 2157 aiebant.
2999 2099 3103 2154 Sed
3129 2107 3183 2152 et
3223 2092 3512 2164 Hungarus

1933 2205 2148 2275 quidam
2180 2217 2244 2255 ex
2282 2197 2695 2258 illustrioribus,
2737 2194 2955 2250 nomine
2986 2189 3224 2244 Basakes
3263 2187 3355 2259 qui
3398 2184 3512 2239 Ro-

1932 2309 2214 2352 manorum
2246 2298 2428 2362 partes
2468 2288 2749 2357 amplexus
2779 2293 2919 2352 erat,
2963 2298 3069 2338 non
3117 2281 3271 2350 longe
3321 2277 3512 2331 abesse

1933 2388 2316 2459 llungarorum
2352 2396 2532 2450 regem
2569 2377 2893 2443 alﬁrmabat,
2919 2386 2974 2431 et
3003 2385 3199 2446 praeter
3239 2370 3511 2427 inﬁnitum

1933 2454 2255 2538 bellatorum
2285 2466 2651 2530 numerumet
2689 2471 3010 2542 Scytharum
3037 2465 3197 2521 simul
3222 2472 3275 2517 et
3305 2454 3532 2517 Tauro-—

1936 2573 2250 2644 scytbarum
2287 2567 2483 2631 aciem,
2527 2565 2751 2631 insuper
2783 2561 2946 2615 etiam
2993 2557 3332 2613 Tzecborum
3363 2552 3518 2623 prin-

1935 2667 2114 2734 cipem
2176 2677 2296 2716 cum
2371 2656 2640 2712 universis
2690 2653 2899 2708 viribus
2948 2663 3161 2704 rursum
3218 2659 3339 2701 cum
3393 2645 3515 2712 ipso

1938 2758 2144 2813 venire.
2203 2754 2496 2818 Postquam
2560 2750 2676 2804 haec
2732 2745 2968 2818 principi
3039 2749 3316 2811 comperta
3367 2746 3514 2804 sunt,

1937 2859 2251 2916 magnatum
2311 2845 2605 2901 concilium
2666 2841 2814 2912 cogit
2886 2841 3060 2908 deque
3117 2835 3277 2891 modo
3333 2847 3512 2887 rermn

1937 2943 2267 3016 agendarum
2316 2935 2614 2992 sententias
2660 2947 2851 2989 eorum
2911 2939 3062 3001 rogat
3104 2947 3118 2983 :
3165 2945 3182 2979 ι
3226 2925 3343 2980 Non
3383 2921 3512 2978 illud

1938 3038 2136 3102 solum,
2168 3032 2269 3088 viri
2303 3028 2561 3094 Romani,
2586 3027 2858 3097 inquiens,
2883 3038 3063 3079 rerum
3095 3021 3264 3090 exigit
3296 3029 3514 3082 natura,

1942 3140 1997 3183 ut
2026 3128 2146 3197 quis
2180 3123 2338 3179 modo
2370 3120 2647 3175 audaciam
2696 3134 2806 3188 prae
2836 3131 2894 3173 se
2937 3116 3100 3182 ferat,
3133 3114 3224 3167 sed
3269 3122 3326 3164 ut
3349 3109 3516 3164 auda-

1941 3224 2038 3278 ciae
2065 3219 2241 3273 minus
2274 3223 2640 3270 consentanea
2689 3225 2795 3264 non
2830 3208 3056 3276 arripiat
3101 3202 3516 3273 aggrediaturve

1940 3331 2127 3387 opera,
2159 3317 2397 3368 maxime
2442 3307 2693 3379 equidem
2723 3305 2806 3360 vel
2833 3305 3024 3360 leviter
3054 3301 3213 3373 2&3
3245 3296 3516 3370 prudenti,

1941 3407 2327 3465 attendendum
2379 3401 2637 3456 arbitror.
2682 3397 2762 3452 Ne
2831 3396 3016 3466 igitur,
3064 3394 3190 3461 quia
3237 3403 3369 3461 gens
3414 3387 3518 3440 ista

1939 3501 2021 3556 sic
2077 3511 2270 3566 nempe
2330 3494 2513 3550 divina
2573 3491 2862 3546 ordinante
2922 3483 3295 3548 Providentia,
3356 3479 3518 3534 rebus

1943 3594 2081 3648 elata
2129 3587 2404 3662 prosperis
2435 3586 2488 3641 in
2521 3584 2824 3639 Romanum
2869 3577 3153 3648 imperium
3207 3571 3522 3631 terribiliter

1944 3683 2167 3753 ingruit,
2199 3688 2485 3750 propterea
2528 3676 2660 3732 satis
2710 3673 2865 3728 nobis
2909 3675 3053 3727 esse?»
3079 3668 3437 3730 arbitremur,
3473 3665 3522 3720 si

1945 3781 1996 3834 in
2027 3793 2214 3834 eorum
2248 3772 2622 3830 tantummodo
2645 3769 2763 3824 solo
2795 3766 2990 3822 bellum
3015 3776 3288 3835 geramus.
3316 3757 3520 3814 Verum

1945 3872 2072 3944 quid
2108 3866 2438 3938 temporibus
2465 3865 2770 3934 quibusque
2803 3857 3093 3914 conveniat
3119 3851 3520 3924 inspiciendum

1945 3974 2049 4031 est,
2089 3971 2144 4017 et
2176 3960 2424 4016 facienda
2459 3971 2582 4027 qua:
2619 3968 2859 4023 praesens
2888 3952 2976 4006 bic
3015 3959 3188 4031 status
3215 3947 3524 4017 postulave-

1950 4057 2043 4112 rit.
2094 4055 2277 4124 Neque
2322 4051 2464 4106 enim
2513 4047 2724 4111 eadem,
2777 4054 2836 4100 ut
2880 4027 3138 4106 arbitror,
3171 4047 3224 4093 et
3271 4049 3528 4108 prospere

1949 4147 2275 4206 habentibus
2306 4153 2360 4200 et
2391 4141 2619 4198 adversa
2648 4137 2927 4194 utentibus
2961 4135 3182 4190 fortuna
3219 4140 3342 4197 apta
3375 4137 3522 4184 sunt.

1950 4245 2319 4299 Romanorum
2344 4237 2528 4306 itaque
2558 4230 2814 4302 imperio,
2838 4228 2942 4285 etsi
2970 4227 3254 4297 pristinam
3281 4220 3521 4276 nondum

1951 4333 2262 4389 felicitatem
2287 4334 2598 4391 consecuto,
2625 4324 2719 4380 sed
2754 4321 2915 4394 (quod
2947 4317 3248 4390 praeﬁscine
3273 4309 3520 4381 dixerim)

1951 4431 2004 4483 in
2034 4425 2309 4481 meliorem
2365 4433 2541 4475 tamen
2585 4427 2784 4474 statum
2839 4414 2993 4468 nobis
3035 4408 3408 4466 defensoribus
3433 4405 3527 4458 ad-

249 4526 372 4562 νων
410 4505 669 4576 γενέσθαι
701 4508 854 4578 ρηγὶ,
887 4507 984 4560 σὺν
1022 4507 1203 4578 πολλῷ
1232 4509 1329 4578 μὲν
1361 4508 1437 4573 ὥς
1466 4527 1599 4578 φασι
1633 4513 1726 4565 καὶ
1767 4513 1837 4582 τῷ

1953 4523 2114 4575 ducto
2137 4558 2152 4585 ,
2185 4529 2527 4584 nequaquam
2564 4507 2978 4570 dedecori'erit,
3024 4505 3067 4558 si
3099 4499 3336 4555 universi
3381 4496 3527 4551 Hun-

252 4597 562 4669 αὐτόχθονι
590 4598 802 4650 ἐπιόντι
834 4598 1075 4669 στρατῷ,
1127 4599 1336 4652 πλείονι
1374 4601 1430 4654 δὲ
1486 4601 1580 4655 καὶ
1627 4601 1703 4672 τῷ
1743 4603 1850 4656 ἀπὸ

253 4690 621 4761 συμμαχίδος
658 4691 1122 4761 συγκροτουμένῳ
1146 4693 1348 4762 χειρός.
1382 4695 1572 4758 Ὅπως
1611 4693 1704 4748 οὖν
1736 4696 1850 4766 άμ-

255 4787 485 4855 φότερα
532 4783 706 4854 ταύτῃ
746 4784 1106 4856 περισωθείη,
1150 4785 1278 4850 δόξα
1309 4802 1369 4839 τε
1405 4789 1469 4856 ἣν
1504 4791 1584 4850 είς
1621 4789 1681 4841 τὸ
1731 4789 1854 4859 βέλο

253 4894 389 4931 τιον
428 4876 528 4946 ἤδη
569 4873 988 4943 μεταϐαλοῦσαν
1019 4873 1171 4945 ἔσχε,
1219 4876 1310 4928 καὶ
1340 4874 1571 4946 δύναμις
1603 4876 1638 4950 ἢ
1680 4877 1852 4950 αὐτῆς

157 4978 160 4980 ⁷
256 4968 593 5040 ἀκραιφνὴς
629 4965 886 5021 ἐντεῦθεν
911 4965 1276 5039 ἀπαλλαγείη,
1313 4968 1630 5038 βουλευτέον
1664 4971 1740 5036 ὡς
1771 4971 1852 5026 ἔνι

261 5062 541 5134 μάλιστα.
573 5079 590 5112 ι
631 5060 895 5123 Βασιλεὺς
938 5061 1034 5131 μὶν
1084 5061 1320 5115 τοσαῦτα
1365 5059 1512 5118 εἶπε.
1564 5063 1854 5134 Ῥωμαίων

261 5157 329 5210 δέ
366 5155 482 5208 τῶν
515 5157 578 5208 ἐκ
615 5154 811 5224 βουλῆς
854 5157 969 5217 τοῖς
1001 5155 1099 5225 μὲν
1138 5159 1855 5225 μεταστρατοπεδεύσασθαι

263 5248 536 5303 ἐντεῦθεν
561 5247 655 5300 ἐπὶ
693 5249 831 5302 Σᾶόν
855 5265 911 5299 τε
941 5249 1032 5301 τὸν
1057 5248 1276 5318 χάρακα
1311 5249 1624 5318 πήγνυσθαι
1654 5251 1853 5317 ἐδόκει,

260 5349 433 5407 ὅπως
459 5341 710 5395 ἐντεῦθεν
737 5345 834 5394 σὺν
860 5342 937 5410 τῷ
967 5342 1203 5410 ἀσφαλεῖ
1233 5343 1345 5404 τοῖς
1375 5342 1659 5413 πολεμίοις
1703 5345 1855 5398 ἀντι-

262 5436 551 5512 φέρεσθαι
567 5437 846 5500 δύναιντο,
869 5437 994 5499 τοὺς
1013 5436 1068 5488 δὲ
1093 5436 1254 5488 τοῦτο
1271 5436 1370 5507 μὲν
1399 5436 1611 5507 ούδαμῆ
1630 5439 1856 5508 ἤρεσκε,

261 5535 378 5602 τῆς
434 5530 756 5599 πολιορκίας
808 5529 854 5580 δ’
911 5529 1219 5599 ἀφεμένους
1282 5530 1456 5584 ἐδόκει
1511 5531 1739 5601 δυνάμει
1793 5534 1856 5603 τῇ

266 5629 441 5698 πάσῃ
465 5625 619 5678 ἐπιὸν
652 5623 1060 5694 ὑποστήσεσθαι
1091 5621 1153 5675 τὸ
1180 5623 1464 5694 πολέμιον.
1501 5623 1668 5676 Ἀλλά
1705 5625 1863 5696 βασι-

265 5724 410 5783 λεὺς
445 5719 732 5789 ἀμφότερα
762 5717 861 5770 ούκ
887 5715 1074 5786 ἐπῄνει
1100 5732 1113 5746 ·
1165 5716 1225 5768 τὸ
1261 5715 1358 5786 μὲν
1392 5719 1498 5786 γὰρ
1530 5718 1750 5784 δειλίαν,
1799 5722 1860 5773 τδ

264 5813 327 5867 δέ
369 5812 470 5865 καὶ
503 5808 764 5864 ἀδουλίαν
811 5808 1168 5876 άπεψήφιστο
1198 5808 1482 5879 ἄντικρυς.
1530 5827 1548 5861 ι
1609 5810 1856 5878 Ἐξέσται

1953 4624 2210 4682 garorum
2265 4605 2377 4677 regi
2419 4603 2637 4665 cedant,
2670 4598 2761 4668 qui
2817 4612 2938 4650 cum
2990 4592 3217 4663 ingenti,
3246 4599 3306 4645 ut
3352 4590 3524 4652 aiunt,

1954 4705 2326 4773 indigenarum
2369 4694 2608 4752 exercitu
2654 4689 2882 4756 accedit,
2925 4697 2979 4743 et
3024 4685 3320 4756 majoribus
3351 4682 3527 4737 adhuc

1955 4796 2227 4851 sociorum
2262 4789 2430 4861 copiis
2459 4795 2652 4842 auctus
2690 4791 2773 4839 est
2820 4795 2885 4836 ac
2931 4781 3249 4835 instructus.
3282 4776 3528 4846 Quapro-

1956 4900 2075 4958 pter
2103 4884 2339 4940 maxime
2370 4879 2680 4953 prospicere
2716 4877 2945 4946 quisque
2979 4873 3138 4928 debet
3178 4887 3281 4942 qua
3321 4869 3528 4924 ratione

1957 4992 2185 5048 utraque
2238 4976 2313 5033 illi
2368 4979 2876 5033 conserventur,et
2931 4967 3119 5039 gloria,
3149 4981 3267 5035 quae
3311 4966 3420 5035 jam
3473 4963 3526 5017 in

1958 5072 2153 5128 melius
2184 5071 2262 5124 ire
2300 5067 2482 5138 coepit,
2513 5076 2566 5120 et
2586 5065 2843 5134 potentia,
2868 5076 2989 5132 quze
3018 5059 3143 5113 inde
3174 5067 3282 5113 t0ta
3314 5058 3381 5112 ab
3417 5057 3528 5126 ipso

1959 5165 2262 5219 recederet.
2302 5179 2319 5212 ι
2357 5160 2416 5213 ln
2462 5160 2610 5213 hunc
2660 5159 2877 5210 modum
2922 5152 3180 5208 disseruit
3215 5152 3527 5220 imperator.

1959 5257 2190 5325 Quidam
2238 5263 2415 5305 autem
2466 5265 2530 5304 ex
2562 5247 2844 5309 Romanis,
2870 5245 2958 5315 qui
2989 5243 3220 5299 concilio
3245 5241 3319 5296 illi
3364 5241 3526 5295 inter-

1959 5357 2136 5412 erant,
2173 5345 2543 5400 trausierenda
2586 5343 2708 5395 inde
2767 5341 2830 5393 ad
2888 5340 3086 5392 Savum
3127 5345 3307 5392 castra
3341 5351 3530 5390 cense:

1961 5445 2109 5505 baut,
2151 5452 2208 5492 ut
2239 5439 2406 5493 tutius
2447 5452 2511 5490 ex
2543 5451 2607 5489 co
2653 5436 2770 5488 loco
2817 5431 3060 5486 hostibus
3104 5439 3286 5498 posset
3318 5427 3528 5483 obsisti.

1958 5537 2091 5588 Aliis
2132 5533 2183 5587 id
2218 5531 2436 5585 anime
2469 5528 2711 5598 placuit:
2747 5527 2841 5581 sed
2881 5525 3062 5580 relicta
3091 5523 3368 5578 obsidione
3413 5536 3529 5574 cum

1959 5625 2212 5680 omnibus
2241 5623 2451 5676 viribus
2499 5619 2867 5674 imminentem
2904 5617 3109 5671 hostem
3151 5613 3402 5668 sustineri
3438 5613 3531 5668 dc-.

1963 5719 2087 5772 bere
2113 5716 2520 5778 existimabant,
2551 5716 2620 5766 At
2653 5712 2904 5782 princeps
2940 5720 3227 5778 utrumque
3269 5722 3529 5778 respuens

1963 5812 2268 5878 consilium,
2300 5810 2425 5864 illud
2455 5805 2648 5875 metus,
2677 5807 2779 5862 hoc
2810 5816 2996 5861 contra
3030 5803 3348 5860 temeritatis
3373 5801 3528 5873 244
