  <div class='ocr_page' id='page_1' title='image "/cluster/home/n/w/nwhite01/storage/ocr_20150623/133/hvd.32044073502502/309.png"; bbox 0 0 3932 6190; ppageno 0'>
   <div class='ocr_carea' id='block_1_1' title="bbox 489 356 592 420">
    <p class='ocr_par' dir='ltr' id='par_1_1' title="bbox 489 356 592 420">
     <span class='ocr_line' id='line_1_1' title="bbox 489 356 592 420; baseline 0.019 -2"><span class='ocrx_word' id='word_1_1' title='bbox 489 356 592 420; x_wconf 82' lang='grc' dir='ltr'><strong>6οτ</strong></span> 
     </span>
    </p>
   </div>
   <div class='ocr_carea' id='block_1_2' title="bbox 1784 351 2474 418">
    <p class='ocr_par' dir='ltr' id='par_1_2' title="bbox 1784 351 2474 418">
     <span class='ocr_line' id='line_1_2' title="bbox 1784 351 2474 418; baseline 0 0"><span class='ocrx_word' id='word_1_2' title='bbox 1784 351 2107 418; x_wconf 77' lang='lat' dir='ltr'><strong>JOANNIS</strong></span> <span class='ocrx_word' id='word_1_3' title='bbox 2144 352 2474 418; x_wconf 65' lang='lat' dir='ltr'><strong>CINNAM&#39;I</strong></span> 
     </span>
    </p>
   </div>
   <div class='ocr_carea' id='block_1_3' title="bbox 3619 360 3717 422">
    <p class='ocr_par' dir='ltr' id='par_1_3' title="bbox 3619 360 3717 422">
     <span class='ocr_line' id='line_1_3' title="bbox 3619 360 3717 422; baseline 0 0"><span class='ocrx_word' id='word_1_4' title='bbox 3619 360 3717 422; x_wconf 81' lang='lat'><strong>608</strong></span> 
     </span>
    </p>
   </div>
   <div class='ocr_carea' id='block_1_4' title="bbox 483 470 2075 547">
    <p class='ocr_par' dir='ltr' id='par_1_4' title="bbox 483 471 2056 543">
     <span class='ocr_line' id='line_1_4' title="bbox 483 471 2056 543; baseline -0.006 -9"><span class='ocrx_word' id='word_1_5' title='bbox 483 478 804 534; x_wconf 86' lang='lat' dir='ltr'><strong>damnavit:</strong></span> <span class='ocrx_word' id='word_1_6' title='bbox 839 496 858 530; x_wconf 79' lang='grc' dir='ltr'><strong>ι</strong></span> <span class='ocrx_word' id='word_1_7' title='bbox 887 477 1053 535; x_wconf 82' lang='lat' dir='ltr'><strong>Nobis</strong></span> <span class='ocrx_word' id='word_1_8' title='bbox 1113 479 1256 533; x_wconf 92' lang='lat' dir='ltr'><strong>enim</strong></span> <span class='ocrx_word' id='word_1_9' title='bbox 1292 477 1486 543; x_wconf 87' lang='lat' dir='ltr'><strong>aiebat,</strong></span> <span class='ocrx_word' id='word_1_10' title='bbox 1519 473 1855 532; x_wconf 83' lang='lat' dir='ltr'><strong>obsidionem</strong></span> <span class='ocrx_word' id='word_1_11' title='bbox 1891 471 2056 528; x_wconf 88' lang='lat' dir='ltr'><strong>omit-</strong></span> 
     </span>
    </p>
   </div>
   <div class='ocr_carea' id='block_1_5' title="bbox 2181 470 3718 547">
    <p class='ocr_par' dir='ltr' id='par_1_5' title="bbox 2181 470 3718 547">
     <span class='ocr_line' id='line_1_5' title="bbox 2181 470 3718 547; baseline 0.003 -22"><span class='ocrx_word' id='word_1_12' title='bbox 2181 470 2295 542; x_wconf 60' lang='grc' dir='ltr'>τὰρ,</span> <span class='ocrx_word' id='word_1_13' title='bbox 2345 471 2522 541; x_wconf 79' lang='grc' dir='ltr'>ἔλεγε,</span> <span class='ocrx_word' id='word_1_14' title='bbox 2573 475 2672 543; x_wconf 79' lang='grc' dir='ltr'>τῆς</span> <span class='ocrx_word' id='word_1_15' title='bbox 2715 473 3040 547; x_wconf 68' lang='grc' dir='ltr'><strong>πολιορκίας</strong></span> <span class='ocrx_word' id='word_1_16' title='bbox 3114 475 3507 547; x_wconf 79' lang='grc' dir='ltr'><strong>ἀποσχομένων</strong></span> <span class='ocrx_word' id='word_1_17' title='bbox 3575 476 3718 547; x_wconf 76' lang='grc' dir='ltr'>ἡμῶν</span> 
     </span>
    </p>
   </div>
   <div class='ocr_carea' id='block_1_6' title="bbox 485 565 2058 642">
    <p class='ocr_par' dir='ltr' id='par_1_6' title="bbox 485 565 2058 642">
     <span class='ocr_line' id='line_1_6' title="bbox 485 565 2058 642; baseline -0.002 -19"><span class='ocrx_word' id='word_1_18' title='bbox 485 571 750 635; x_wconf 85' lang='lat' dir='ltr'><strong>tentibus,</strong></span> <span class='ocrx_word' id='word_1_19' title='bbox 785 570 1053 642; x_wconf 85' lang='lat' dir='ltr'><strong>integrum</strong></span> <span class='ocrx_word' id='word_1_20' title='bbox 1085 571 1190 626; x_wconf 90' lang='lat' dir='ltr'><strong>erit</strong></span> <span class='ocrx_word' id='word_1_21' title='bbox 1214 569 1504 639; x_wconf 86' lang='lat' dir='ltr'><strong>llungaris,</strong></span> <span class='ocrx_word' id='word_1_22' title='bbox 1529 567 1626 640; x_wconf 86' lang='lat' dir='ltr'><strong>qui</strong></span> <span class='ocrx_word' id='word_1_23' title='bbox 1657 565 1908 637; x_wconf 70' lang='lat' dir='ltr'><strong>praesidio</strong></span> <span class='ocrx_word' id='word_1_24' title='bbox 1939 565 2058 620; x_wconf 94' lang='lat' dir='ltr'><strong>urbi</strong></span> 
     </span>
    </p>
   </div>
   <div class='ocr_carea' id='block_1_7' title="bbox 488 656 2061 733">
    <p class='ocr_par' dir='ltr' id='par_1_7' title="bbox 488 656 2061 733">
     <span class='ocr_line' id='line_1_7' title="bbox 488 656 2061 733; baseline -0.006 -13"><span class='ocrx_word' id='word_1_25' title='bbox 488 673 640 728; x_wconf 87' lang='lat' dir='ltr'><strong>sunt,</strong></span> <span class='ocrx_word' id='word_1_26' title='bbox 669 662 908 733; x_wconf 83' lang='lat' dir='ltr'><strong>majores</strong></span> <span class='ocrx_word' id='word_1_27' title='bbox 951 664 1132 733; x_wconf 87' lang='lat' dir='ltr'><strong>c0pias</strong></span> <span class='ocrx_word' id='word_1_28' title='bbox 1163 676 1356 731; x_wconf 79' lang='lat' dir='ltr'><strong>cogere</strong></span> <span class='ocrx_word' id='word_1_29' title='bbox 1388 667 1444 716; x_wconf 86' lang='lat' dir='ltr'><strong>et</strong></span> <span class='ocrx_word' id='word_1_30' title='bbox 1482 658 1807 716; x_wconf 71' lang='lat' dir='ltr'><strong>commeatui</strong></span> <span class='ocrx_word' id='word_1_31' title='bbox 1856 656 2061 728; x_wconf 87' lang='lat' dir='ltr'><strong>largius</strong></span> 
     </span>
    </p>
   </div>
   <div class='ocr_carea' id='block_1_8' title="bbox 489 749 2063 825">
    <p class='ocr_par' dir='ltr' id='par_1_8' title="bbox 489 749 2063 825">
     <span class='ocr_line' id='line_1_8' title="bbox 489 749 2063 825; baseline -0.004 -16"><span class='ocrx_word' id='word_1_32' title='bbox 489 756 796 824; x_wconf 75' lang='lat' dir='ltr'><strong>providere.</strong></span> <span class='ocrx_word' id='word_1_33' title='bbox 823 754 1049 811; x_wconf 79' lang='lat' dir='ltr'><strong>Censuit</strong></span> <span class='ocrx_word' id='word_1_34' title='bbox 1091 755 1256 825; x_wconf 80' lang='lat' dir='ltr'><strong>igitur</strong></span> <span class='ocrx_word' id='word_1_35' title='bbox 1287 755 1402 823; x_wconf 71' lang='lat' dir='ltr'><strong>ipse</strong></span> <span class='ocrx_word' id='word_1_36' title='bbox 1432 762 1488 806; x_wconf 91' lang='lat' dir='ltr'><strong>ut</strong></span> <span class='ocrx_word' id='word_1_37' title='bbox 1531 751 1761 807; x_wconf 84' lang='lat' dir='ltr'><strong>imbellis</strong></span> <span class='ocrx_word' id='word_1_38' title='bbox 1794 749 2063 804; x_wconf 82' lang='lat' dir='ltr'><strong>exercitus</strong></span> 
     </span>
    </p>
   </div>
   <div class='ocr_carea' id='block_1_9' title="bbox 490 843 2061 918">
    <p class='ocr_par' dir='ltr' id='par_1_9' title="bbox 490 843 2061 918">
     <span class='ocr_line' id='line_1_9' title="bbox 490 843 2061 918; baseline -0.003 -18"><span class='ocrx_word' id='word_1_39' title='bbox 490 863 616 914; x_wconf 91' lang='lat' dir='ltr'><strong>pars</strong></span> <span class='ocrx_word' id='word_1_40' title='bbox 650 850 878 918; x_wconf 56' lang='lat' dir='ltr'><strong>lixasque</strong></span> <span class='ocrx_word' id='word_1_41' title='bbox 921 864 986 903; x_wconf 78' lang='lat' dir='ltr'><strong>ac</strong></span> <span class='ocrx_word' id='word_1_42' title='bbox 1023 849 1242 904; x_wconf 76' lang='lat' dir='ltr'><strong>calones</strong></span> <span class='ocrx_word' id='word_1_43' title='bbox 1291 853 1669 912; x_wconf 84' lang='lat' dir='ltr'><strong>armarentur,</strong></span> <span class='ocrx_word' id='word_1_44' title='bbox 1702 855 1755 900; x_wconf 90' lang='lat' dir='ltr'><strong>et</strong></span> <span class='ocrx_word' id='word_1_45' title='bbox 1801 845 1871 900; x_wconf 85' lang='lat' dir='ltr'><strong>ibi</strong></span> <span class='ocrx_word' id='word_1_46' title='bbox 1915 843 2061 914; x_wconf 66' lang='lat' dir='ltr'><strong>circa</strong></span> 
     </span>
    </p>
   </div>
   <div class='ocr_carea' id='block_1_10' title="bbox 490 935 2066 1010">
    <p class='ocr_par' dir='ltr' id='par_1_10' title="bbox 490 935 2066 1010">
     <span class='ocr_line' id='line_1_10' title="bbox 490 935 2066 1010; baseline -0.003 -18"><span class='ocrx_word' id='word_1_47' title='bbox 490 939 682 993; x_wconf 85' lang='lat' dir='ltr'><strong>urbem</strong></span> <span class='ocrx_word' id='word_1_48' title='bbox 710 941 812 995; x_wconf 90' lang='lat' dir='ltr'><strong>sub</strong></span> <span class='ocrx_word' id='word_1_49' title='bbox 843 940 1050 1010; x_wconf 87' lang='lat' dir='ltr'><strong>aliquot</strong></span> <span class='ocrx_word' id='word_1_50' title='bbox 1087 940 1318 995; x_wconf 87' lang='lat' dir='ltr'><strong>ducibus</strong></span> <span class='ocrx_word' id='word_1_51' title='bbox 1356 937 1495 993; x_wconf 87' lang='lat' dir='ltr'><strong>haud</strong></span> <span class='ocrx_word' id='word_1_52' title='bbox 1543 936 1826 992; x_wconf 87' lang='lat' dir='ltr'><strong>admodum</strong></span> <span class='ocrx_word' id='word_1_53' title='bbox 1872 935 2066 990; x_wconf 88' lang='lat' dir='ltr'><strong>nobili-</strong></span> 
     </span>
    </p>
   </div>
   <div class='ocr_carea' id='block_1_11' title="bbox 489 1029 2062 1100">
    <p class='ocr_par' dir='ltr' id='par_1_11' title="bbox 489 1029 2062 1100">
     <span class='ocr_line' id='line_1_11' title="bbox 489 1029 2062 1100; baseline -0.003 -15"><span class='ocrx_word' id='word_1_54' title='bbox 489 1030 591 1085; x_wconf 87' lang='lat' dir='ltr'><strong>bus</strong></span> <span class='ocrx_word' id='word_1_55' title='bbox 622 1041 938 1098; x_wconf 90' lang='lat' dir='ltr'><strong>manerent;</strong></span> <span class='ocrx_word' id='word_1_56' title='bbox 971 1032 1209 1100; x_wconf 88' lang='lat' dir='ltr'><strong>reliquus</strong></span> <span class='ocrx_word' id='word_1_57' title='bbox 1257 1041 1432 1086; x_wconf 85' lang='lat' dir='ltr'><strong>autem</strong></span> <span class='ocrx_word' id='word_1_58' title='bbox 1480 1029 1751 1084; x_wconf 80' lang='lat' dir='ltr'><strong>exercitus</strong></span> <span class='ocrx_word' id='word_1_59' title='bbox 1795 1044 1978 1084; x_wconf 89' lang='lat' dir='ltr'><strong>secum</strong></span> <span class='ocrx_word' id='word_1_60' title='bbox 2009 1030 2062 1081; x_wconf 90' lang='lat' dir='ltr'><strong>iu</strong></span> 
     </span>
    </p>
   </div>
   <div class='ocr_carea' id='block_1_12' title="bbox 491 1120 2066 1193">
    <p class='ocr_par' dir='ltr' id='par_1_12' title="bbox 491 1120 2066 1193">
     <span class='ocr_line' id='line_1_12' title="bbox 491 1120 2066 1193; baseline 0.001 -19"><span class='ocrx_word' id='word_1_61' title='bbox 491 1122 731 1188; x_wconf 84' lang='lat' dir='ltr'><strong>reliquos</strong></span> <span class='ocrx_word' id='word_1_62' title='bbox 761 1120 1042 1191; x_wconf 84' lang='lat' dir='ltr'><strong>Hungaros</strong></span> <span class='ocrx_word' id='word_1_63' title='bbox 1071 1136 1404 1193; x_wconf 77' lang='lat' dir='ltr'><strong>pugnaturus</strong></span> <span class='ocrx_word' id='word_1_64' title='bbox 1438 1124 1631 1178; x_wconf 83' lang='lat' dir='ltr'><strong>exiret.</strong></span> <span class='ocrx_word' id='word_1_65' title='bbox 1666 1122 1791 1177; x_wconf 82' lang='lat' dir='ltr'><strong>llaec</strong></span> <span class='ocrx_word' id='word_1_66' title='bbox 1822 1121 1913 1176; x_wconf 86' lang='lat' dir='ltr'><strong>ubi</strong></span> <span class='ocrx_word' id='word_1_67' title='bbox 1945 1135 2066 1176; x_wconf 85' lang='lat' dir='ltr'><strong>sen-</strong></span> 
     </span>
    </p>
   </div>
   <div class='ocr_carea' id='block_1_13' title="bbox 495 1211 2062 1284">
    <p class='ocr_par' dir='ltr' id='par_1_13' title="bbox 495 1211 2062 1284">
     <span class='ocr_line' id='line_1_13' title="bbox 495 1211 2062 1284; baseline 0.003 -19"><span class='ocrx_word' id='word_1_68' title='bbox 495 1212 657 1265; x_wconf 91' lang='lat' dir='ltr'><strong>tentia</strong></span> <span class='ocrx_word' id='word_1_69' title='bbox 701 1213 873 1275; x_wconf 87' lang='lat' dir='ltr'><strong>stetit,</strong></span> <span class='ocrx_word' id='word_1_70' title='bbox 905 1211 972 1266; x_wconf 88' lang='lat' dir='ltr'><strong>ad</strong></span> <span class='ocrx_word' id='word_1_71' title='bbox 1004 1213 1109 1267; x_wconf 88' lang='lat' dir='ltr'><strong>iter</strong></span> <span class='ocrx_word' id='word_1_72' title='bbox 1139 1227 1198 1268; x_wconf 90' lang='lat' dir='ltr'><strong>se</strong></span> <span class='ocrx_word' id='word_1_73' title='bbox 1241 1213 1293 1267; x_wconf 92' lang='lat' dir='ltr'><strong>in</strong></span> <span class='ocrx_word' id='word_1_74' title='bbox 1322 1213 1622 1280; x_wconf 81' lang='lat' dir='ltr'><strong>proximum</strong></span> <span class='ocrx_word' id='word_1_75' title='bbox 1668 1213 1808 1268; x_wconf 89' lang='lat' dir='ltr'><strong>diem</strong></span> <span class='ocrx_word' id='word_1_76' title='bbox 1854 1230 2062 1284; x_wconf 69' lang='lat' dir='ltr'><strong>praepa-</strong></span> 
     </span>
    </p>
   </div>
   <div class='ocr_carea' id='block_1_14' title="bbox 495 1303 2060 1374">
    <p class='ocr_par' dir='ltr' id='par_1_14' title="bbox 495 1303 2060 1374">
     <span class='ocr_line' id='line_1_14' title="bbox 495 1303 2060 1374; baseline 0.001 -18"><span class='ocrx_word' id='word_1_77' title='bbox 495 1313 636 1358; x_wconf 90' lang='lat' dir='ltr'><strong>rant.</strong></span> <span class='ocrx_word' id='word_1_78' title='bbox 674 1303 804 1358; x_wconf 90' lang='lat' dir='ltr'><strong>Cum</strong></span> <span class='ocrx_word' id='word_1_79' title='bbox 849 1320 976 1358; x_wconf 88' lang='lat' dir='ltr'><strong>vero</strong></span> <span class='ocrx_word' id='word_1_80' title='bbox 1009 1304 1143 1358; x_wconf 89' lang='lat' dir='ltr'><strong>nihil</strong></span> <span class='ocrx_word' id='word_1_81' title='bbox 1185 1307 1318 1359; x_wconf 88' lang='lat' dir='ltr'><strong>certi</strong></span> <span class='ocrx_word' id='word_1_82' title='bbox 1370 1304 1500 1374; x_wconf 89' lang='lat' dir='ltr'><strong>ipsis</strong></span> <span class='ocrx_word' id='word_1_83' title='bbox 1544 1313 1690 1360; x_wconf 87' lang='lat' dir='ltr'><strong>esset</strong></span> <span class='ocrx_word' id='word_1_84' title='bbox 1736 1306 2060 1367; x_wconf 87' lang='lat' dir='ltr'><strong>nuntiatum,</strong></span> 
     </span>
    </p>
   </div>
   <div class='ocr_carea' id='block_1_15' title="bbox 495 1395 2061 1468">
    <p class='ocr_par' dir='ltr' id='par_1_15' title="bbox 495 1395 2061 1468">
     <span class='ocr_line' id='line_1_15' title="bbox 495 1395 2061 1468; baseline 0.003 -19"><span class='ocrx_word' id='word_1_85' title='bbox 495 1397 726 1464; x_wconf 87' lang='lat' dir='ltr'><strong>sumptis</strong></span> <span class='ocrx_word' id='word_1_86' title='bbox 759 1397 929 1465; x_wconf 91' lang='lat' dir='ltr'><strong>prima</strong></span> <span class='ocrx_word' id='word_1_87' title='bbox 969 1395 1087 1450; x_wconf 91' lang='lat' dir='ltr'><strong>luce</strong></span> <span class='ocrx_word' id='word_1_88' title='bbox 1122 1397 1289 1450; x_wconf 87' lang='lat' dir='ltr'><strong>armis</strong></span> <span class='ocrx_word' id='word_1_89' title='bbox 1321 1397 1539 1450; x_wconf 89' lang='lat' dir='ltr'><strong>tertium</strong></span> <span class='ocrx_word' id='word_1_90' title='bbox 1572 1397 1623 1450; x_wconf 92' lang='lat' dir='ltr'><strong>in</strong></span> <span class='ocrx_word' id='word_1_91' title='bbox 1651 1398 1842 1452; x_wconf 88' lang='lat' dir='ltr'><strong>urbem</strong></span> <span class='ocrx_word' id='word_1_92' title='bbox 1895 1399 2061 1468; x_wconf 80' lang='lat' dir='ltr'><strong>impe—</strong></span> 
     </span>
    </p>
   </div>
   <div class='ocr_carea' id='block_1_16' title="bbox 495 1486 2065 1559">
    <p class='ocr_par' dir='ltr' id='par_1_16' title="bbox 495 1486 2065 1559">
     <span class='ocr_line' id='line_1_16' title="bbox 495 1486 2065 1559; baseline 0.004 -20"><span class='ocrx_word' id='word_1_93' title='bbox 495 1497 606 1540; x_wconf 89' lang='lat' dir='ltr'><strong>tum</strong></span> <span class='ocrx_word' id='word_1_94' title='bbox 660 1486 886 1542; x_wconf 78' lang='lat' dir='ltr'><strong>faciunt.</strong></span> <span class='ocrx_word' id='word_1_95' title='bbox 922 1488 1101 1559; x_wconf 81' lang='lat' dir='ltr'><strong>Pugna</strong></span> <span class='ocrx_word' id='word_1_96' title='bbox 1141 1489 1320 1557; x_wconf 87' lang='lat' dir='ltr'><strong>itaque</strong></span> <span class='ocrx_word' id='word_1_97' title='bbox 1369 1504 1582 1544; x_wconf 89' lang='lat' dir='ltr'><strong>rursum</strong></span> <span class='ocrx_word' id='word_1_98' title='bbox 1629 1490 1961 1556; x_wconf 82' lang='lat' dir='ltr'><strong>conseritur,</strong></span> <span class='ocrx_word' id='word_1_99' title='bbox 2002 1506 2065 1545; x_wconf 92' lang='lat' dir='ltr'><strong>ac</strong></span> 
     </span>
    </p>
   </div>
   <div class='ocr_carea' id='block_1_17' title="bbox 495 1580 2066 1654">
    <p class='ocr_par' dir='ltr' id='par_1_17' title="bbox 495 1580 2066 1654">
     <span class='ocr_line' id='line_1_17' title="bbox 495 1580 2066 1654; baseline 0.004 -20"><span class='ocrx_word' id='word_1_100' title='bbox 495 1580 731 1649; x_wconf 78' lang='lat' dir='ltr'><strong>llungari</strong></span> <span class='ocrx_word' id='word_1_101' title='bbox 764 1581 1003 1649; x_wconf 89' lang='lat' dir='ltr'><strong>quidem,</strong></span> <span class='ocrx_word' id='word_1_102' title='bbox 1037 1581 1126 1651; x_wconf 92' lang='lat' dir='ltr'><strong>qui</strong></span> <span class='ocrx_word' id='word_1_103' title='bbox 1161 1582 1356 1636; x_wconf 75' lang='lat' dir='ltr'><strong>mcenia</strong></span> <span class='ocrx_word' id='word_1_104' title='bbox 1391 1580 1762 1649; x_wconf 80' lang='lat' dir='ltr'><strong>defensabant,</strong></span> <span class='ocrx_word' id='word_1_105' title='bbox 1798 1584 2066 1654; x_wconf 85' lang='lat' dir='ltr'><strong>lapidibus</strong></span> 
     </span>
    </p>
   </div>
   <div class='ocr_carea' id='block_1_18' title="bbox 496 1671 2067 1743">
    <p class='ocr_par' dir='ltr' id='par_1_18' title="bbox 496 1671 2067 1743">
     <span class='ocr_line' id='line_1_18' title="bbox 496 1671 2067 1743; baseline 0.002 -17"><span class='ocrx_word' id='word_1_106' title='bbox 496 1672 812 1742; x_wconf 78' lang='lat' dir='ltr'><strong>sagittisque</strong></span> <span class='ocrx_word' id='word_1_107' title='bbox 874 1674 1144 1742; x_wconf 83' lang='lat' dir='ltr'><strong>rebusque</strong></span> <span class='ocrx_word' id='word_1_108' title='bbox 1221 1671 1343 1726; x_wconf 91' lang='lat' dir='ltr'><strong>aliis</strong></span> <span class='ocrx_word' id='word_1_109' title='bbox 1423 1672 1835 1743; x_wconf 84' lang='lat' dir='ltr'><strong>quibuscunque</strong></span> <span class='ocrx_word' id='word_1_110' title='bbox 1895 1673 2067 1730; x_wconf 80' lang='lat' dir='ltr'><strong>obviis</strong></span> 
     </span>
    </p>
   </div>
   <div class='ocr_carea' id='block_1_19' title="bbox 495 1764 2063 1838">
    <p class='ocr_par' dir='ltr' id='par_1_19' title="bbox 495 1764 2063 1838">
     <span class='ocr_line' id='line_1_19' title="bbox 495 1764 2063 1838; baseline 0 -18"><span class='ocrx_word' id='word_1_111' title='bbox 495 1766 788 1820; x_wconf 88' lang='lat' dir='ltr'><strong>subeuntes</strong></span> <span class='ocrx_word' id='word_1_112' title='bbox 827 1767 1086 1822; x_wconf 90' lang='lat' dir='ltr'><strong>arcebant</strong></span> <span class='ocrx_word' id='word_1_113' title='bbox 1123 1764 1416 1821; x_wconf 80' lang='lat' dir='ltr'><strong>Romanos.</strong></span> <span class='ocrx_word' id='word_1_114' title='bbox 1463 1765 1525 1819; x_wconf 90' lang='lat' dir='ltr'><strong>Hi</strong></span> <span class='ocrx_word' id='word_1_115' title='bbox 1557 1782 1684 1821; x_wconf 89' lang='lat' dir='ltr'><strong>vero</strong></span> <span class='ocrx_word' id='word_1_116' title='bbox 1719 1767 1877 1838; x_wconf 86' lang='lat' dir='ltr'><strong>longe</strong></span> <span class='ocrx_word' id='word_1_117' title='bbox 1904 1781 2063 1837; x_wconf 87' lang='lat' dir='ltr'><strong>quam</strong></span> 
     </span>
    </p>
   </div>
   <div class='ocr_carea' id='block_1_20' title="bbox 497 1856 2069 1927">
    <p class='ocr_par' dir='ltr' id='par_1_20' title="bbox 497 1856 2069 1927">
     <span class='ocr_line' id='line_1_20' title="bbox 497 1856 2069 1927; baseline 0.004 -18"><span class='ocrx_word' id='word_1_118' title='bbox 497 1868 653 1910; x_wconf 86' lang='lat' dir='ltr'><strong>antea</strong></span> <span class='ocrx_word' id='word_1_119' title='bbox 684 1856 1055 1912; x_wconf 84' lang='lat' dir='ltr'><strong>vehementius</strong></span> <span class='ocrx_word' id='word_1_120' title='bbox 1082 1857 1428 1915; x_wconf 79' lang='lat' dir='ltr'><strong>fundamenta</strong></span> <span class='ocrx_word' id='word_1_121' title='bbox 1459 1858 1838 1927; x_wconf 73' lang='lat' dir='ltr'><strong>sull&#39;odiebant,</strong></span> <span class='ocrx_word' id='word_1_122' title='bbox 1865 1863 2069 1916; x_wconf 88' lang='lat' dir='ltr'><strong>machi-</strong></span> 
     </span>
    </p>
   </div>
   <div class='ocr_carea' id='block_1_21' title="bbox 497 1949 2069 2019">
    <p class='ocr_par' dir='ltr' id='par_1_21' title="bbox 497 1949 2069 2019">
     <span class='ocr_line' id='line_1_21' title="bbox 497 1949 2069 2019; baseline 0.004 -17"><span class='ocrx_word' id='word_1_123' title='bbox 497 1949 694 2017; x_wconf 87' lang='lat' dir='ltr'><strong>nisque</strong></span> <span class='ocrx_word' id='word_1_124' title='bbox 766 1950 1018 2019; x_wconf 87' lang='lat' dir='ltr'><strong>pelrariis</strong></span> <span class='ocrx_word' id='word_1_125' title='bbox 1079 1951 1312 2007; x_wconf 86' lang='lat' dir='ltr'><strong>admotis</strong></span> <span class='ocrx_word' id='word_1_126' title='bbox 1376 1967 1654 2006; x_wconf 90' lang='lat' dir='ltr'><strong>murorum</strong></span> <span class='ocrx_word' id='word_1_127' title='bbox 1708 1952 2069 2019; x_wconf 65' lang='lat' dir='ltr'><strong>loricasfdif-</strong></span> 
     </span>
    </p>
   </div>
   <div class='ocr_carea' id='block_1_22' title="bbox 499 2038 2069 2112">
    <p class='ocr_par' dir='ltr' id='par_1_22' title="bbox 499 2038 2069 2112">
     <span class='ocr_line' id='line_1_22' title="bbox 499 2038 2069 2112; baseline 0.006 -19"><span class='ocrx_word' id='word_1_128' title='bbox 499 2038 828 2108; x_wconf 82' lang='lat' dir='ltr'><strong>fringebant.</strong></span> <span class='ocrx_word' id='word_1_129' title='bbox 861 2041 1076 2095; x_wconf 76' lang='lat' dir='ltr'><strong>Crebra:</strong></span> <span class='ocrx_word' id='word_1_130' title='bbox 1118 2046 1390 2112; x_wconf 88' lang='lat' dir='ltr'><strong>utrimque</strong></span> <span class='ocrx_word' id='word_1_131' title='bbox 1441 2044 1849 2101; x_wconf 84' lang='lat' dir='ltr'><strong>adhortationes</strong></span> <span class='ocrx_word' id='word_1_132' title='bbox 1889 2054 1946 2100; x_wconf 88' lang='lat' dir='ltr'><strong>et</strong></span> <span class='ocrx_word' id='word_1_133' title='bbox 1988 2047 2069 2102; x_wconf 83' lang='lat' dir='ltr'><strong>in-</strong></span> 
     </span>
    </p>
   </div>
   <div class='ocr_carea' id='block_1_23' title="bbox 497 2131 2066 2208">
    <p class='ocr_par' dir='ltr' id='par_1_23' title="bbox 497 2131 2066 2208">
     <span class='ocr_line' id='line_1_23' title="bbox 497 2131 2066 2208; baseline 0.004 -22"><span class='ocrx_word' id='word_1_134' title='bbox 497 2131 814 2198; x_wconf 87' lang='lat' dir='ltr'><strong>citamenta,</strong></span> <span class='ocrx_word' id='word_1_135' title='bbox 867 2148 1140 2202; x_wconf 89' lang='lat' dir='ltr'><strong>vocesque</strong></span> <span class='ocrx_word' id='word_1_136' title='bbox 1192 2145 1244 2189; x_wconf 89' lang='lat' dir='ltr'><strong>et</strong></span> <span class='ocrx_word' id='word_1_137' title='bbox 1297 2136 1547 2200; x_wconf 89' lang='lat' dir='ltr'><strong>ululatus,</strong></span> <span class='ocrx_word' id='word_1_138' title='bbox 1587 2137 1949 2208; x_wconf 86' lang='lat' dir='ltr'><strong>disaouusque</strong></span> <span class='ocrx_word' id='word_1_139' title='bbox 2000 2153 2066 2193; x_wconf 80' lang='lat' dir='ltr'><strong>ac</strong></span> 
     </span>
    </p>
   </div>
   <div class='ocr_carea' id='block_1_24' title="bbox 498 2227 2073 2302">
    <p class='ocr_par' dir='ltr' id='par_1_24' title="bbox 498 2227 2073 2302">
     <span class='ocr_line' id='line_1_24' title="bbox 498 2227 2073 2302; baseline 0.004 -22"><span class='ocrx_word' id='word_1_140' title='bbox 498 2227 738 2282; x_wconf 89' lang='lat' dir='ltr'><strong>incertus</strong></span> <span class='ocrx_word' id='word_1_141' title='bbox 771 2227 976 2282; x_wconf 85' lang='lat' dir='ltr'><strong>clamor</strong></span> <span class='ocrx_word' id='word_1_142' title='bbox 1017 2227 1467 2284; x_wconf 85' lang='lat' dir='ltr'><strong>exaudiebantur.</strong></span> <span class='ocrx_word' id='word_1_143' title='bbox 1502 2227 1674 2284; x_wconf 90' lang='lat' dir='ltr'><strong>Simul</strong></span> <span class='ocrx_word' id='word_1_144' title='bbox 1707 2241 1868 2301; x_wconf 84' lang='lat' dir='ltr'><strong>atque</strong></span> <span class='ocrx_word' id='word_1_145' title='bbox 1910 2231 2073 2302; x_wconf 78' lang='lat' dir='ltr'><strong>igitur</strong></span> 
     </span>
    </p>
   </div>
   <div class='ocr_carea' id='block_1_25' title="bbox 498 2321 2072 2392">
    <p class='ocr_par' dir='ltr' id='par_1_25' title="bbox 498 2321 2072 2392">
     <span class='ocr_line' id='line_1_25' title="bbox 498 2321 2072 2392; baseline 0.005 -16"><span class='ocrx_word' id='word_1_146' title='bbox 498 2321 791 2392; x_wconf 82' lang='lat' dir='ltr'><strong>llungaria</strong></span> <span class='ocrx_word' id='word_1_147' title='bbox 825 2324 1086 2379; x_wconf 77' lang='lat' dir='ltr'><strong>Romanis</strong></span> <span class='ocrx_word' id='word_1_148' title='bbox 1134 2323 1481 2380; x_wconf 82' lang='lat' dir='ltr'><strong>fundamenta</strong></span> <span class='ocrx_word' id='word_1_149' title='bbox 1537 2327 1788 2382; x_wconf 88' lang='lat' dir='ltr'><strong>viderunt</strong></span> <span class='ocrx_word' id='word_1_150' title='bbox 1833 2344 2072 2384; x_wconf 89' lang='lat' dir='ltr'><strong>commo-</strong></span> 
     </span>
    </p>
   </div>
   <div class='ocr_carea' id='block_1_26' title="bbox 495 2412 2068 2478">
    <p class='ocr_par' dir='ltr' id='par_1_26' title="bbox 495 2412 2068 2478">
     <span class='ocr_line' id='line_1_26' title="bbox 495 2412 2068 2478; baseline 0.005 -11"><span class='ocrx_word' id='word_1_151' title='bbox 495 2412 634 2478; x_wconf 78' lang='lat' dir='ltr'><strong>veri,</strong></span> <span class='ocrx_word' id='word_1_152' title='bbox 664 2413 716 2467; x_wconf 89' lang='lat' dir='ltr'><strong>id</strong></span> <span class='ocrx_word' id='word_1_153' title='bbox 750 2414 931 2469; x_wconf 87' lang='lat' dir='ltr'><strong>statim</strong></span> <span class='ocrx_word' id='word_1_154' title='bbox 964 2415 1277 2468; x_wconf 89' lang='lat' dir='ltr'><strong>moliuntur.</strong></span> <span class='ocrx_word' id='word_1_155' title='bbox 1317 2416 1518 2469; x_wconf 80' lang='lat' dir='ltr'><strong>Saxum</strong></span> <span class='ocrx_word' id='word_1_156' title='bbox 1549 2427 1668 2471; x_wconf 88' lang='lat' dir='ltr'><strong>erat</strong></span> <span class='ocrx_word' id='word_1_157' title='bbox 1701 2418 1840 2475; x_wconf 86' lang='lat' dir='ltr'><strong>intra</strong></span> <span class='ocrx_word' id='word_1_158' title='bbox 1871 2421 2068 2475; x_wconf 60' lang='lat' dir='ltr'><strong>moenia</strong></span> 
     </span>
    </p>
   </div>
   <div class='ocr_carea' id='block_1_27' title="bbox 499 2502 2074 2581">
    <p class='ocr_par' dir='ltr' id='par_1_27' title="bbox 499 2502 2074 2581">
     <span class='ocr_line' id='line_1_27' title="bbox 499 2502 2074 2581; baseline 0.004 -25"><span class='ocrx_word' id='word_1_159' title='bbox 499 2503 736 2570; x_wconf 83' lang='lat' dir='ltr'><strong>ingentis</strong></span> <span class='ocrx_word' id='word_1_160' title='bbox 754 2502 1144 2572; x_wconf 82' lang='lat' dir='ltr'><strong>magnitudinis</strong></span> <span class='ocrx_word' id='word_1_161' title='bbox 1169 2522 1183 2558; x_wconf 87' lang='lat'><strong>:</strong></span> <span class='ocrx_word' id='word_1_162' title='bbox 1220 2504 1271 2559; x_wconf 93' lang='lat' dir='ltr'><strong>id</strong></span> <span class='ocrx_word' id='word_1_163' title='bbox 1297 2506 1542 2560; x_wconf 80' lang='lat' dir='ltr'><strong>trabibus</strong></span> <span class='ocrx_word' id='word_1_164' title='bbox 1571 2510 1868 2578; x_wconf 86' lang='lat' dir='ltr'><strong>suppositis</strong></span> <span class='ocrx_word' id='word_1_165' title='bbox 1889 2509 2074 2581; x_wconf 86' lang='lat' dir='ltr'><strong>alliga-</strong></span> 
     </span>
    </p>
   </div>
   <div class='ocr_carea' id='block_1_28' title="bbox 500 2594 2074 2672">
    <p class='ocr_par' dir='ltr' id='par_1_28' title="bbox 500 2594 2074 2672">
     <span class='ocr_line' id='line_1_28' title="bbox 500 2594 2074 2672; baseline 0.007 -24"><span class='ocrx_word' id='word_1_166' title='bbox 500 2597 680 2665; x_wconf 84' lang='lat' dir='ltr'><strong>tisque</strong></span> <span class='ocrx_word' id='word_1_167' title='bbox 712 2594 928 2651; x_wconf 79' lang='lat' dir='ltr'><strong>funibus</strong></span> <span class='ocrx_word' id='word_1_168' title='bbox 965 2598 1016 2652; x_wconf 89' lang='lat' dir='ltr'><strong>iu</strong></span> <span class='ocrx_word' id='word_1_169' title='bbox 1053 2597 1287 2668; x_wconf 86' lang='lat' dir='ltr'><strong>ligneum</strong></span> <span class='ocrx_word' id='word_1_170' title='bbox 1320 2600 1557 2655; x_wconf 89' lang='lat' dir='ltr'><strong>educunt</strong></span> <span class='ocrx_word' id='word_1_171' title='bbox 1595 2604 2074 2672; x_wconf 77' lang='lat' dir='ltr'><strong>propugnaculum,</strong></span> 
     </span>
    </p>
   </div>
   <div class='ocr_carea' id='block_1_29' title="bbox 500 2688 2074 2765">
    <p class='ocr_par' dir='ltr' id='par_1_29' title="bbox 500 2688 2074 2765">
     <span class='ocr_line' id='line_1_29' title="bbox 500 2688 2074 2765; baseline 0.005 -23"><span class='ocrx_word' id='word_1_172' title='bbox 500 2690 645 2758; x_wconf 86' lang='lat' dir='ltr'><strong>quod</strong></span> <span class='ocrx_word' id='word_1_173' title='bbox 667 2689 763 2758; x_wconf 89' lang='lat' dir='ltr'><strong>ipsi</strong></span> <span class='ocrx_word' id='word_1_174' title='bbox 787 2688 1209 2756; x_wconf 81' lang='lat' dir='ltr'><strong>fabricaveram,</strong></span> <span class='ocrx_word' id='word_1_175' title='bbox 1239 2694 1566 2762; x_wconf 52' lang='lat' dir='ltr'><strong>murisﬁipsis</strong></span> <span class='ocrx_word' id='word_1_176' title='bbox 1596 2694 1753 2765; x_wconf 82' lang='lat' dir='ltr'><strong>longe</strong></span> <span class='ocrx_word' id='word_1_177' title='bbox 1785 2696 2074 2761; x_wconf 82' lang='lat' dir='ltr'><strong>excelsius,</strong></span> 
     </span>
    </p>
   </div>
   <div class='ocr_carea' id='block_1_30' title="bbox 2163 557 3722 634">
    <p class='ocr_par' dir='ltr' id='par_1_30' title="bbox 2163 557 3722 634">
     <span class='ocr_line' id='line_1_30' title="bbox 2163 557 3722 634; baseline 0.004 -22"><span class='ocrx_word' id='word_1_178' title='bbox 2163 557 2400 629; x_wconf 85' lang='grc' dir='ltr'>δύναμίν</span> <span class='ocrx_word' id='word_1_179' title='bbox 2437 576 2498 613; x_wconf 88' lang='grc' dir='ltr'><strong>τε</strong></span> <span class='ocrx_word' id='word_1_180' title='bbox 2524 560 2725 633; x_wconf 83' lang='grc' dir='ltr'>πολλὴν</span> <span class='ocrx_word' id='word_1_181' title='bbox 2753 559 2857 631; x_wconf 81' lang='grc' dir='ltr'>τῆς</span> <span class='ocrx_word' id='word_1_182' title='bbox 2884 563 2982 616; x_wconf 85' lang='grc' dir='ltr'>νῦν</span> <span class='ocrx_word' id='word_1_183' title='bbox 3011 562 3181 634; x_wconf 76' lang='grc' dir='ltr'>μείζω</span> <span class='ocrx_word' id='word_1_184' title='bbox 3216 564 3311 617; x_wconf 75' lang='grc' dir='ltr'>καὶ</span> <span class='ocrx_word' id='word_1_185' title='bbox 3348 563 3417 617; x_wconf 79' lang='grc' dir='ltr'><strong>τὰ</strong></span> <span class='ocrx_word' id='word_1_186' title='bbox 3451 564 3722 634; x_wconf 74' lang='grc' dir='ltr'>ἐπιτήδεια</span> 
     </span>
    </p>
   </div>
   <div class='ocr_carea' id='block_1_31' title="bbox 2163 651 3723 726">
    <p class='ocr_par' dir='ltr' id='par_1_31' title="bbox 2163 651 3723 726">
     <span class='ocr_line' id='line_1_31' title="bbox 2163 651 3723 726; baseline 0.002 -20"><span class='ocrx_word' id='word_1_187' title='bbox 2163 651 2409 723; x_wconf 85' lang='grc' dir='ltr'>διαρκῶς</span> <span class='ocrx_word' id='word_1_188' title='bbox 2431 652 2834 723; x_wconf 82' lang='grc' dir='ltr'>ἐσκομίσασθαι</span> <span class='ocrx_word' id='word_1_189' title='bbox 2867 653 3126 720; x_wconf 77' lang='grc' dir='ltr'>οὖννους,</span> <span class='ocrx_word' id='word_1_190' title='bbox 3179 655 3232 708; x_wconf 72' lang='grc' dir='ltr'>οἱ</span> <span class='ocrx_word' id='word_1_191' title='bbox 3279 655 3426 725; x_wconf 73' lang='grc' dir='ltr'>ἀμφὶ</span> <span class='ocrx_word' id='word_1_192' title='bbox 3468 657 3539 726; x_wconf 76' lang='grc' dir='ltr'>τῇ</span> <span class='ocrx_word' id='word_1_193' title='bbox 3581 655 3723 710; x_wconf 83' lang='grc' dir='ltr'>πόλει</span> 
     </span>
    </p>
   </div>
   <div class='ocr_carea' id='block_1_32' title="bbox 2170 743 3726 818">
    <p class='ocr_par' dir='ltr' id='par_1_32' title="bbox 2170 743 3726 818">
     <span class='ocr_line' id='line_1_32' title="bbox 2170 743 3726 818; baseline 0.003 -22"><span class='ocrx_word' id='word_1_194' title='bbox 2170 743 2421 814; x_wconf 79' lang='grc' dir='ltr'>φρουρὰν</span> <span class='ocrx_word' id='word_1_195' title='bbox 2481 744 2788 800; x_wconf 81' lang='grc' dir='ltr'>ποιοῦνται.</span> <span class='ocrx_word' id='word_1_196' title='bbox 2847 765 2866 798; x_wconf 80' lang='grc' dir='ltr'><strong>ι</strong></span> <span class='ocrx_word' id='word_1_197' title='bbox 2943 747 3150 800; x_wconf 83' lang='grc' dir='ltr'><strong>Ἐδόκει</strong></span> <span class='ocrx_word' id='word_1_198' title='bbox 3213 746 3270 802; x_wconf 81' lang='grc' dir='ltr'><strong>δέ</strong></span> <span class='ocrx_word' id='word_1_199' title='bbox 3331 747 3482 818; x_wconf 83' lang='grc' dir='ltr'>αύτῷ</span> <span class='ocrx_word' id='word_1_200' title='bbox 3530 747 3592 801; x_wconf 60' lang='lat' dir='ltr'><strong>ea</strong></span> <span class='ocrx_word' id='word_1_201' title='bbox 3636 749 3726 817; x_wconf 76' lang='grc' dir='ltr'>μὲν</span> 
     </span>
    </p>
   </div>
   <div class='ocr_carea' id='block_1_33' title="bbox 2166 830 3724 904">
    <p class='ocr_par' dir='ltr' id='par_1_33' title="bbox 2166 830 3724 904">
     <span class='ocr_line' id='line_1_33' title="bbox 2166 830 3724 904; baseline 0.003 -20"><span class='ocrx_word' id='word_1_202' title='bbox 2166 831 2415 902; x_wconf 85' lang='grc' dir='ltr'>ἀχρειότε</span> <span class='ocrx_word' id='word_1_203' title='bbox 2425 849 2518 903; x_wconf 81' lang='grc' dir='ltr'><strong>ρον</strong></span> <span class='ocrx_word' id='word_1_204' title='bbox 2541 833 2636 886; x_wconf 79' lang='grc' dir='ltr'>τοῦ</span> <span class='ocrx_word' id='word_1_205' title='bbox 2670 830 2906 904; x_wconf 89' lang='grc' dir='ltr'>στρατοῦ</span> <span class='ocrx_word' id='word_1_206' title='bbox 2932 845 3028 888; x_wconf 83' lang='grc' dir='ltr'><strong>και</strong></span> <span class='ocrx_word' id='word_1_207' title='bbox 3053 836 3180 890; x_wconf 84' lang='grc' dir='ltr'>ὅσον</span> <span class='ocrx_word' id='word_1_208' title='bbox 3203 834 3475 888; x_wconf 74' lang='grc' dir='ltr'>οἰκετικὸν</span> <span class='ocrx_word' id='word_1_209' title='bbox 3506 831 3575 904; x_wconf 77' lang='grc' dir='ltr'>ἦν</span> <span class='ocrx_word' id='word_1_210' title='bbox 3595 835 3724 888; x_wconf 76' lang='grc' dir='ltr'>ὅπλα</span> 
     </span>
    </p>
   </div>
   <div class='ocr_carea' id='block_1_34' title="bbox 2165 923 3720 999">
    <p class='ocr_par' dir='ltr' id='par_1_34' title="bbox 2165 923 3720 999">
     <span class='ocr_line' id='line_1_34' title="bbox 2165 923 3720 999; baseline 0.003 -23"><span class='ocrx_word' id='word_1_211' title='bbox 2165 923 2523 996; x_wconf 85' lang='grc' dir='ltr'>περιθέμενον</span> <span class='ocrx_word' id='word_1_212' title='bbox 2548 925 2716 979; x_wconf 78' lang='grc' dir='ltr'>αὑτοῦ</span> <span class='ocrx_word' id='word_1_213' title='bbox 2744 926 2878 999; x_wconf 70' lang='grc' dir='ltr'>πρὸς</span> <span class='ocrx_word' id='word_1_214' title='bbox 2902 929 2968 998; x_wconf 81' lang='grc' dir='ltr'>τῇ</span> <span class='ocrx_word' id='word_1_215' title='bbox 3001 926 3158 981; x_wconf 82' lang='grc' dir='ltr'>πόλει</span> <span class='ocrx_word' id='word_1_216' title='bbox 3184 929 3367 997; x_wconf 81' lang='grc' dir='ltr'>μεῖναι</span> <span class='ocrx_word' id='word_1_217' title='bbox 3398 927 3507 980; x_wconf 70' lang='grc' dir='ltr'>ὑπὸ</span> <span class='ocrx_word' id='word_1_218' title='bbox 3531 945 3720 997; x_wconf 76' lang='grc' dir='ltr'>στρατ-</span> 
     </span>
    </p>
   </div>
   <div class='ocr_carea' id='block_1_35' title="bbox 2164 1017 3729 1090">
    <p class='ocr_par' dir='ltr' id='par_1_35' title="bbox 2164 1017 3729 1090">
     <span class='ocr_line' id='line_1_35' title="bbox 2164 1017 3729 1090; baseline 0.001 -20"><span class='ocrx_word' id='word_1_219' title='bbox 2164 1017 2319 1087; x_wconf 82' lang='grc' dir='ltr'>ηγοῖς</span> <span class='ocrx_word' id='word_1_220' title='bbox 2346 1035 2457 1072; x_wconf 89' lang='grc' dir='ltr'>τισι</span> <span class='ocrx_word' id='word_1_221' title='bbox 2494 1018 2608 1073; x_wconf 84' lang='grc' dir='ltr'><strong>τῶν</strong></span> <span class='ocrx_word' id='word_1_222' title='bbox 2652 1019 2714 1072; x_wconf 84' lang='grc' dir='ltr'>οὒ</span> <span class='ocrx_word' id='word_1_223' title='bbox 2741 1017 2864 1074; x_wconf 89' lang='grc' dir='ltr'>λίαν</span> <span class='ocrx_word' id='word_1_224' title='bbox 2895 1021 3206 1090; x_wconf 81' lang='grc' dir='ltr'>ἐπισήμων,</span> <span class='ocrx_word' id='word_1_225' title='bbox 3239 1020 3302 1074; x_wconf 72' lang='grc' dir='ltr'>τὸ</span> <span class='ocrx_word' id='word_1_226' title='bbox 3337 1021 3383 1074; x_wconf 88' lang='grc' dir='ltr'>δ’</span> <span class='ocrx_word' id='word_1_227' title='bbox 3420 1020 3554 1074; x_wconf 81' lang='grc' dir='ltr'>ἀλλο</span> <span class='ocrx_word' id='word_1_228' title='bbox 3592 1023 3729 1074; x_wconf 80' lang='grc' dir='ltr'>ἆπαν</span> 
     </span>
    </p>
   </div>
   <div class='ocr_carea' id='block_1_36' title="bbox 2166 1109 3728 1181">
    <p class='ocr_par' dir='ltr' id='par_1_36' title="bbox 2166 1109 3728 1181">
     <span class='ocr_line' id='line_1_36' title="bbox 2166 1109 3728 1181; baseline 0 -17"><span class='ocrx_word' id='word_1_229' title='bbox 2166 1109 2284 1179; x_wconf 74' lang='grc' dir='ltr'>ἃμα</span> <span class='ocrx_word' id='word_1_230' title='bbox 2316 1110 2467 1177; x_wconf 82' lang='grc' dir='ltr'><strong>αὐτῷ</strong></span> <span class='ocrx_word' id='word_1_231' title='bbox 2492 1111 2586 1164; x_wconf 83' lang='grc' dir='ltr'>ἐπὶ</span> <span class='ocrx_word' id='word_1_232' title='bbox 2621 1111 2858 1176; x_wconf 79' lang='grc' dir='ltr'>Οὖννους</span> <span class='ocrx_word' id='word_1_233' title='bbox 2890 1113 3021 1176; x_wconf 83' lang='grc' dir='ltr'>τοὺς</span> <span class='ocrx_word' id='word_1_234' title='bbox 3069 1111 3266 1176; x_wconf 80' lang='grc' dir='ltr'>ἀλλους</span> <span class='ocrx_word' id='word_1_235' title='bbox 3314 1111 3449 1164; x_wconf 77' lang='grc' dir='ltr'>ἰέναι</span> <span class='ocrx_word' id='word_1_236' title='bbox 3495 1112 3728 1181; x_wconf 81' lang='grc' dir='ltr'>μαχησό-</span> 
     </span>
    </p>
   </div>
   <div class='ocr_carea' id='block_1_37' title="bbox 2170 1200 3734 1277">
    <p class='ocr_par' dir='ltr' id='par_1_37' title="bbox 2170 1200 3734 1277">
     <span class='ocr_line' id='line_1_37' title="bbox 2170 1200 3734 1277; baseline -0.001 -21"><span class='ocrx_word' id='word_1_237' title='bbox 2170 1221 2354 1273; x_wconf 89' lang='grc' dir='ltr'>μενον.</span> <span class='ocrx_word' id='word_1_238' title='bbox 2394 1205 2485 1268; x_wconf 81' lang='grc' dir='ltr'>Ὠς</span> <span class='ocrx_word' id='word_1_239' title='bbox 2508 1200 2603 1260; x_wconf 78' lang='grc' dir='ltr'>οὖν</span> <span class='ocrx_word' id='word_1_240' title='bbox 2633 1206 2858 1277; x_wconf 82' lang='grc' dir='ltr'>ἐκράτει</span> <span class='ocrx_word' id='word_1_241' title='bbox 2880 1205 3075 1271; x_wconf 79' lang='grc' dir='ltr'>ταῦτα,</span> <span class='ocrx_word' id='word_1_242' title='bbox 3121 1205 3608 1276; x_wconf 80' lang='grc' dir='ltr'>παρεσκευάζοντο</span> <span class='ocrx_word' id='word_1_243' title='bbox 3643 1207 3734 1274; x_wconf 82' lang='grc' dir='ltr'>μὲν</span> 
     </span>
    </p>
   </div>
   <div class='ocr_carea' id='block_1_38' title="bbox 2167 1297 3734 1371">
    <p class='ocr_par' dir='ltr' id='par_1_38' title="bbox 2167 1297 3734 1371">
     <span class='ocr_line' id='line_1_38' title="bbox 2167 1297 3734 1371; baseline -0.003 -19"><span class='ocrx_word' id='word_1_244' title='bbox 2167 1300 2267 1368; x_wconf 85' lang='grc' dir='ltr'><strong>τῆς</strong></span> <span class='ocrx_word' id='word_1_245' title='bbox 2299 1300 2564 1371; x_wconf 78' lang='grc' dir='ltr'><strong>ἐπιούσης</strong></span> <span class='ocrx_word' id='word_1_246' title='bbox 2596 1299 2808 1353; x_wconf 82' lang='grc' dir='ltr'>ἐκεῖθεν</span> <span class='ocrx_word' id='word_1_247' title='bbox 2859 1298 3291 1367; x_wconf 80' lang='grc' dir='ltr'><strong>ἀναστησόμενοι</strong></span> <span class='ocrx_word' id='word_1_248' title='bbox 3311 1338 3325 1360; x_wconf 90' lang='grc'><strong>,</strong></span> <span class='ocrx_word' id='word_1_249' title='bbox 3360 1298 3481 1351; x_wconf 75' lang='grc' dir='ltr'>ἐπεὶ</span> <span class='ocrx_word' id='word_1_250' title='bbox 3499 1297 3556 1349; x_wconf 84' lang='grc' dir='ltr'>δὲ</span> <span class='ocrx_word' id='word_1_251' title='bbox 3594 1297 3734 1349; x_wconf 70' lang='grc' dir='ltr'>οὐδὲν</span> 
     </span>
    </p>
   </div>
   <div class='ocr_carea' id='block_1_39' title="bbox 2166 1389 3736 1463">
    <p class='ocr_par' dir='ltr' id='par_1_39' title="bbox 2166 1389 3736 1463">
     <span class='ocr_line' id='line_1_39' title="bbox 2166 1389 3736 1463; baseline -0.003 -19"><span class='ocrx_word' id='word_1_252' title='bbox 2166 1391 2381 1446; x_wconf 82' lang='grc' dir='ltr'><strong>οὐδέπω</strong></span> <span class='ocrx_word' id='word_1_253' title='bbox 2439 1393 2612 1463; x_wconf 77' lang='grc' dir='ltr'>σαφὲς</span> <span class='ocrx_word' id='word_1_254' title='bbox 2668 1392 2858 1455; x_wconf 75' lang='grc' dir='ltr'>αὐτοῖς</span> <span class='ocrx_word' id='word_1_255' title='bbox 2917 1391 3248 1460; x_wconf 81' lang='grc' dir='ltr'><strong>ἀπηγγέλη,</strong></span> <span class='ocrx_word' id='word_1_256' title='bbox 3313 1389 3736 1459; x_wconf 77' lang='grc' dir='ltr'><strong>ἐξοπλισάμενοι</strong></span> 
     </span>
    </p>
   </div>
   <div class='ocr_carea' id='block_1_40' title="bbox 2170 1482 3734 1558">
    <p class='ocr_par' dir='ltr' id='par_1_40' title="bbox 2170 1482 3734 1558">
     <span class='ocr_line' id='line_1_40' title="bbox 2170 1482 3734 1558; baseline -0.001 -19"><span class='ocrx_word' id='word_1_257' title='bbox 2170 1485 2345 1540; x_wconf 73' lang='grc' dir='ltr'>ἔωθεν</span> <span class='ocrx_word' id='word_1_258' title='bbox 2403 1486 2501 1539; x_wconf 75' lang='grc' dir='ltr'>καὶ</span> <span class='ocrx_word' id='word_1_259' title='bbox 2545 1487 2740 1558; x_wconf 81' lang='grc' dir='ltr'><strong>τρίτην</strong></span> <span class='ocrx_word' id='word_1_260' title='bbox 2775 1487 2876 1554; x_wconf 67' lang='grc' dir='ltr'>ἤδη</span> <span class='ocrx_word' id='word_1_261' title='bbox 2912 1487 3111 1555; x_wconf 77' lang='grc' dir='ltr'>πεῖραν</span> <span class='ocrx_word' id='word_1_262' title='bbox 3145 1483 3430 1554; x_wconf 80' lang='grc' dir='ltr'>προσῆγον</span> <span class='ocrx_word' id='word_1_263' title='bbox 3457 1486 3527 1555; x_wconf 74' lang='grc' dir='ltr'>τῇ</span> <span class='ocrx_word' id='word_1_264' title='bbox 3569 1482 3734 1537; x_wconf 86' lang='grc' dir='ltr'>πόλει.</span> 
     </span>
    </p>
   </div>
   <div class='ocr_carea' id='block_1_41' title="bbox 2165 1573 3737 1649">
    <p class='ocr_par' dir='ltr' id='par_1_41' title="bbox 2165 1573 3737 1649">
     <span class='ocr_line' id='line_1_41' title="bbox 2165 1573 3737 1649; baseline -0.004 -15"><span class='ocrx_word' id='word_1_265' title='bbox 2165 1579 2327 1649; x_wconf 83' lang='grc' dir='ltr'><strong>Μὰχη</strong></span> <span class='ocrx_word' id='word_1_266' title='bbox 2364 1578 2542 1632; x_wconf 79' lang='grc' dir='ltr'>τοίνυν</span> <span class='ocrx_word' id='word_1_267' title='bbox 2571 1574 2727 1642; x_wconf 79' lang='grc' dir='ltr'>αὖθις</span> <span class='ocrx_word' id='word_1_268' title='bbox 2758 1578 3074 1633; x_wconf 75' lang='grc' dir='ltr'>συνίσταται</span> <span class='ocrx_word' id='word_1_269' title='bbox 3120 1595 3135 1610; x_wconf 70' lang='grc' dir='ltr'><strong>ν</strong></span> <span class='ocrx_word' id='word_1_270' title='bbox 3171 1577 3269 1630; x_wconf 77' lang='grc' dir='ltr'>καὶ</span> <span class='ocrx_word' id='word_1_271' title='bbox 3307 1573 3501 1630; x_wconf 81' lang='grc' dir='ltr'>υῦννοι</span> <span class='ocrx_word' id='word_1_272' title='bbox 3547 1576 3648 1646; x_wconf 82' lang='grc' dir='ltr'>μὲν</span> <span class='ocrx_word' id='word_1_273' title='bbox 3693 1576 3737 1629; x_wconf 74' lang='grc' dir='ltr'>οἱ</span> 
     </span>
    </p>
   </div>
   <div class='ocr_carea' id='block_1_42' title="bbox 2165 1671 3739 1742">
    <p class='ocr_par' dir='ltr' id='par_1_42' title="bbox 2165 1671 3739 1742">
     <span class='ocr_line' id='line_1_42' title="bbox 2165 1671 3739 1742; baseline -0.001 -15"><span class='ocrx_word' id='word_1_274' title='bbox 2165 1675 2261 1727; x_wconf 76' lang='grc' dir='ltr'>ἐπὶ</span> <span class='ocrx_word' id='word_1_275' title='bbox 2292 1671 2400 1727; x_wconf 85' lang='grc' dir='ltr'><strong>τῶν</strong></span> <span class='ocrx_word' id='word_1_276' title='bbox 2433 1671 2714 1738; x_wconf 85' lang='grc' dir='ltr'>ἐπάλξεων</span> <span class='ocrx_word' id='word_1_277' title='bbox 2744 1672 2916 1738; x_wconf 78' lang='grc' dir='ltr'>λίθοις</span> <span class='ocrx_word' id='word_1_278' title='bbox 2949 1674 3044 1728; x_wconf 76' lang='grc' dir='ltr'>καὶ</span> <span class='ocrx_word' id='word_1_279' title='bbox 3090 1673 3272 1742; x_wconf 79' lang='grc' dir='ltr'>βέλεσι</span> <span class='ocrx_word' id='word_1_280' title='bbox 3309 1674 3405 1726; x_wconf 70' lang='grc' dir='ltr'>καὶ</span> <span class='ocrx_word' id='word_1_281' title='bbox 3448 1673 3624 1726; x_wconf 77' lang='grc' dir='ltr'>παντὶ</span> <span class='ocrx_word' id='word_1_282' title='bbox 3669 1672 3739 1742; x_wconf 84' lang='grc' dir='ltr'><strong>τῷ</strong></span> 
     </span>
    </p>
   </div>
   <div class='ocr_carea' id='block_1_43' title="bbox 2171 1761 3740 1834">
    <p class='ocr_par' dir='ltr' id='par_1_43' title="bbox 2171 1761 3740 1834">
     <span class='ocr_line' id='line_1_43' title="bbox 2171 1761 3740 1834; baseline -0.001 -17"><span class='ocrx_word' id='word_1_283' title='bbox 2171 1763 2548 1834; x_wconf 80' lang='grc' dir='ltr'><strong>παρατυχόντι</strong></span> <span class='ocrx_word' id='word_1_284' title='bbox 2576 1765 2671 1815; x_wconf 86' lang='grc' dir='ltr'><strong>τδν</strong></span> <span class='ocrx_word' id='word_1_285' title='bbox 2710 1762 3006 1833; x_wconf 82' lang='grc' dir='ltr'>Ῥωμαίων</span> <span class='ocrx_word' id='word_1_286' title='bbox 3035 1761 3310 1833; x_wconf 73' lang='grc' dir='ltr'>ἠμύνοντο</span> <span class='ocrx_word' id='word_1_287' title='bbox 3333 1762 3594 1832; x_wconf 78' lang='grc' dir='ltr'>στρατὸν,</span> <span class='ocrx_word' id='word_1_288' title='bbox 3620 1762 3665 1816; x_wconf 84' lang='lat' dir='ltr'><strong>oi</strong></span> <span class='ocrx_word' id='word_1_289' title='bbox 3688 1761 3740 1815; x_wconf 77' lang='grc' dir='ltr'><strong>δέ</strong></span> 
     </span>
    </p>
   </div>
   <div class='ocr_carea' id='block_1_44' title="bbox 2173 1849 3742 1924">
    <p class='ocr_par' dir='ltr' id='par_1_44' title="bbox 2173 1849 3742 1924">
     <span class='ocr_line' id='line_1_44' title="bbox 2173 1849 3742 1924; baseline -0.001 -18"><span class='ocrx_word' id='word_1_290' title='bbox 2173 1851 2433 1924; x_wconf 80' lang='grc' dir='ltr'>μᾶλλονῆ</span> <span class='ocrx_word' id='word_1_291' title='bbox 2471 1852 2737 1923; x_wconf 88' lang='grc' dir='ltr'>πρότερον</span> <span class='ocrx_word' id='word_1_292' title='bbox 2768 1849 3098 1922; x_wconf 84' lang='grc' dir='ltr'>ὐπὼρυσσόν</span> <span class='ocrx_word' id='word_1_293' title='bbox 3135 1866 3195 1903; x_wconf 87' lang='grc' dir='ltr'><strong>τε</strong></span> <span class='ocrx_word' id='word_1_294' title='bbox 3238 1850 3305 1903; x_wconf 82' lang='grc' dir='ltr'><strong>τά</strong></span> <span class='ocrx_word' id='word_1_295' title='bbox 3334 1850 3595 1922; x_wconf 82' lang='grc' dir='ltr'>κρηπιδώ</span> <span class='ocrx_word' id='word_1_296' title='bbox 3607 1868 3742 1922; x_wconf 85' lang='grc' dir='ltr'>ματα</span> 
     </span>
    </p>
   </div>
   <div class='ocr_carea' id='block_1_45' title="bbox 2174 1940 3741 2014">
    <p class='ocr_par' dir='ltr' id='par_1_45' title="bbox 2174 1940 3741 2014">
     <span class='ocr_line' id='line_1_45' title="bbox 2174 1940 3741 2014; baseline -0.004 -16"><span class='ocrx_word' id='word_1_297' title='bbox 2174 1944 2273 1998; x_wconf 76' lang='grc' dir='ltr'>καὶ</span> <span class='ocrx_word' id='word_1_298' title='bbox 2305 1944 2421 2006; x_wconf 78' lang='grc' dir='ltr'>τοῖς</span> <span class='ocrx_word' id='word_1_299' title='bbox 2454 1942 2810 2014; x_wconf 76' lang='grc' dir='ltr'>πετροϐόλοις</span> <span class='ocrx_word' id='word_1_300' title='bbox 2847 1942 2945 2006; x_wconf 81' lang='grc' dir='ltr'>τὰς</span> <span class='ocrx_word' id='word_1_301' title='bbox 2991 1940 3102 1995; x_wconf 83' lang='grc' dir='ltr'><strong>τῶν</strong></span> <span class='ocrx_word' id='word_1_302' title='bbox 3132 1940 3304 1996; x_wconf 87' lang='grc' dir='ltr'>λίθων</span> <span class='ocrx_word' id='word_1_303' title='bbox 3352 1941 3741 2010; x_wconf 72' lang='grc' dir='ltr'>διεσπάραττον</span> 
     </span>
    </p>
   </div>
   <div class='ocr_carea' id='block_1_46' title="bbox 2170 2033 3743 2106">
    <p class='ocr_par' dir='ltr' id='par_1_46' title="bbox 2170 2033 3743 2106">
     <span class='ocr_line' id='line_1_46' title="bbox 2170 2033 3743 2106; baseline -0.003 -15"><span class='ocrx_word' id='word_1_304' title='bbox 2170 2036 2429 2106; x_wconf 76' lang='grc' dir='ltr'>ἐμϐολὰς,</span> <span class='ocrx_word' id='word_1_305' title='bbox 2463 2034 2912 2106; x_wconf 81' lang='grc' dir='ltr'>παρακελευσμοί</span> <span class='ocrx_word' id='word_1_306' title='bbox 2956 2052 3016 2089; x_wconf 82' lang='grc' dir='ltr'><strong>τι</strong></span> <span class='ocrx_word' id='word_1_307' title='bbox 3051 2034 3240 2104; x_wconf 72' lang='grc' dir='ltr'>συχνοὶ</span> <span class='ocrx_word' id='word_1_308' title='bbox 3271 2035 3367 2088; x_wconf 70' lang='grc' dir='ltr'>καὶ</span> <span class='ocrx_word' id='word_1_309' title='bbox 3395 2033 3743 2103; x_wconf 70' lang='grc' dir='ltr'>παραινέσεις</span> 
     </span>
    </p>
   </div>
   <div class='ocr_carea' id='block_1_47' title="bbox 2171 2120 3741 2200">
    <p class='ocr_par' dir='ltr' id='par_1_47' title="bbox 2171 2120 3741 2200">
     <span class='ocr_line' id='line_1_47' title="bbox 2171 2120 3741 2200; baseline -0.005 -15"><span class='ocrx_word' id='word_1_310' title='bbox 2171 2129 2453 2200; x_wconf 79' lang='grc' dir='ltr'><strong>ἑκατέρων</strong></span> <span class='ocrx_word' id='word_1_311' title='bbox 2511 2127 2796 2198; x_wconf 71' lang='grc' dir='ltr'>ἠκούοντο,</span> <span class='ocrx_word' id='word_1_312' title='bbox 2854 2127 2952 2182; x_wconf 73' lang='grc' dir='ltr'>καὶ</span> <span class='ocrx_word' id='word_1_313' title='bbox 2995 2127 3095 2196; x_wconf 79' lang='grc' dir='ltr'><strong>βοὴ</strong></span> <span class='ocrx_word' id='word_1_314' title='bbox 3135 2126 3232 2181; x_wconf 72' lang='grc' dir='ltr'>καὶ</span> <span class='ocrx_word' id='word_1_315' title='bbox 3279 2123 3605 2196; x_wconf 75' lang='grc' dir='ltr'>ἀλαλαγμὸς</span> <span class='ocrx_word' id='word_1_316' title='bbox 3662 2120 3741 2195; x_wconf 75' lang='grc' dir='ltr'>ἦν,</span> 
     </span>
    </p>
   </div>
   <div class='ocr_carea' id='block_1_48' title="bbox 2171 2213 3745 2290">
    <p class='ocr_par' dir='ltr' id='par_1_48' title="bbox 2171 2213 3745 2290">
     <span class='ocr_line' id='line_1_48' title="bbox 2171 2213 3745 2290; baseline -0.004 -16"><span class='ocrx_word' id='word_1_317' title='bbox 2171 2221 2267 2274; x_wconf 70' lang='grc' dir='ltr'>καὶ</span> <span class='ocrx_word' id='word_1_318' title='bbox 2292 2217 2458 2290; x_wconf 82' lang='grc' dir='ltr'>θροῦς</span> <span class='ocrx_word' id='word_1_319' title='bbox 2487 2217 2746 2290; x_wconf 76' lang='grc' dir='ltr'>ἠγείρετο</span> <span class='ocrx_word' id='word_1_320' title='bbox 2774 2218 3011 2289; x_wconf 79' lang='grc' dir='ltr'>ἄσημος.</span> <span class='ocrx_word' id='word_1_321' title='bbox 3039 2213 3234 2274; x_wconf 75' lang='grc' dir='ltr'>θύννοι</span> <span class='ocrx_word' id='word_1_322' title='bbox 3263 2217 3450 2271; x_wconf 88' lang='grc' dir='ltr'>τοίνυν</span> <span class='ocrx_word' id='word_1_323' title='bbox 3497 2218 3630 2280; x_wconf 75' lang='grc' dir='ltr'>τοὺς</span> <span class='ocrx_word' id='word_1_324' title='bbox 3660 2217 3745 2270; x_wconf 76' lang='grc' dir='ltr'>ἐπὶ</span> 
     </span>
    </p>
   </div>
   <div class='ocr_carea' id='block_1_49' title="bbox 2173 2307 3744 2382">
    <p class='ocr_par' dir='ltr' id='par_1_49' title="bbox 2173 2307 3744 2382">
     <span class='ocr_line' id='line_1_49' title="bbox 2173 2307 3744 2382; baseline -0.003 -16"><span class='ocrx_word' id='word_1_325' title='bbox 2173 2313 2286 2367; x_wconf 85' lang='grc' dir='ltr'><strong>τῶν</strong></span> <span class='ocrx_word' id='word_1_326' title='bbox 2326 2311 2594 2382; x_wconf 77' lang='grc' dir='ltr'>θεμελίων</span> <span class='ocrx_word' id='word_1_327' title='bbox 2630 2309 3105 2382; x_wconf 85' lang='grc' dir='ltr'>ὐπομοχλεύοντας</span> <span class='ocrx_word' id='word_1_328' title='bbox 3136 2307 3404 2378; x_wconf 82' lang='grc' dir='ltr'>θεώμενοι</span> <span class='ocrx_word' id='word_1_329' title='bbox 3459 2308 3744 2380; x_wconf 85' lang='grc' dir='ltr'>Ῥωμαίων</span> 
     </span>
    </p>
   </div>
   <div class='ocr_carea' id='block_1_50' title="bbox 2174 2401 3746 2474">
    <p class='ocr_par' dir='ltr' id='par_1_50' title="bbox 2174 2401 3746 2474">
     <span class='ocr_line' id='line_1_50' title="bbox 2174 2401 3746 2474; baseline -0.002 -16"><span class='ocrx_word' id='word_1_330' title='bbox 2174 2405 2357 2460; x_wconf 82' lang='grc' dir='ltr'>τοιάδε</span> <span class='ocrx_word' id='word_1_331' title='bbox 2396 2403 2637 2459; x_wconf 83' lang='grc' dir='ltr'>ἐποίουν.</span> <span class='ocrx_word' id='word_1_332' title='bbox 2670 2403 2836 2467; x_wconf 83' lang='grc' dir='ltr'>Λίθος</span> <span class='ocrx_word' id='word_1_333' title='bbox 2868 2402 3010 2474; x_wconf 83' lang='grc' dir='ltr'>μέγα</span> <span class='ocrx_word' id='word_1_334' title='bbox 3039 2420 3100 2456; x_wconf 85' lang='grc' dir='ltr'><strong>τε</strong></span> <span class='ocrx_word' id='word_1_335' title='bbox 3121 2403 3312 2474; x_wconf 82' lang='grc' dir='ltr'>χρῆμα</span> <span class='ocrx_word' id='word_1_336' title='bbox 3341 2401 3496 2466; x_wconf 78' lang='grc' dir='ltr'>ἐντὸς</span> <span class='ocrx_word' id='word_1_337' title='bbox 3527 2403 3746 2472; x_wconf 79' lang='grc' dir='ltr'>τειχέων</span> 
     </span>
    </p>
   </div>
   <div class='ocr_carea' id='block_1_51' title="bbox 2175 2491 3756 2569">
    <p class='ocr_par' dir='ltr' id='par_1_51' title="bbox 2175 2491 3756 2569">
     <span class='ocr_line' id='line_1_51' title="bbox 2175 2491 3756 2569; baseline -0.003 -17"><span class='ocrx_word' id='word_1_338' title='bbox 2175 2499 2428 2569; x_wconf 80' lang='grc' dir='ltr'>κείμενος</span> <span class='ocrx_word' id='word_1_339' title='bbox 2454 2491 2522 2568; x_wconf 78' lang='grc' dir='ltr'>ἦν</span> <span class='ocrx_word' id='word_1_340' title='bbox 2548 2514 2564 2530; x_wconf 87' lang='grc'>·</span> <span class='ocrx_word' id='word_1_341' title='bbox 2589 2495 2780 2551; x_wconf 78' lang='grc' dir='ltr'>τοῦτον</span> <span class='ocrx_word' id='word_1_342' title='bbox 2813 2496 2918 2550; x_wconf 72' lang='grc' dir='ltr'><strong>ὑπὸ</strong></span> <span class='ocrx_word' id='word_1_343' title='bbox 2949 2493 3264 2567; x_wconf 82' lang='grc' dir='ltr'>ξυλὼμασιν</span> <span class='ocrx_word' id='word_1_344' title='bbox 3288 2495 3576 2566; x_wconf 73' lang='grc' dir='ltr'>ἐνθέμενοι</span> <span class='ocrx_word' id='word_1_345' title='bbox 3611 2495 3756 2567; x_wconf 73' lang='grc' dir='ltr'>σχοία-</span> 
     </span>
    </p>
   </div>
   <div class='ocr_carea' id='block_1_52' title="bbox 2185 2585 3743 2661">
    <p class='ocr_par' dir='ltr' id='par_1_52' title="bbox 2185 2585 3743 2661">
     <span class='ocr_line' id='line_1_52' title="bbox 2185 2585 3743 2661; baseline -0.001 -19"><span class='ocrx_word' id='word_1_346' title='bbox 2185 2607 2311 2654; x_wconf 85' lang='grc' dir='ltr'>νους</span> <span class='ocrx_word' id='word_1_347' title='bbox 2341 2607 2401 2644; x_wconf 84' lang='grc' dir='ltr'><strong>τε</strong></span> <span class='ocrx_word' id='word_1_348' title='bbox 2435 2590 2743 2661; x_wconf 78' lang='grc' dir='ltr'>ἀνάψαντες</span> <span class='ocrx_word' id='word_1_349' title='bbox 2779 2589 2933 2658; x_wconf 79' lang='grc' dir='ltr'>σφῶν</span> <span class='ocrx_word' id='word_1_350' title='bbox 2979 2587 3076 2642; x_wconf 70' lang='grc' dir='ltr'>ἐπὶ</span> <span class='ocrx_word' id='word_1_351' title='bbox 3117 2587 3181 2642; x_wconf 62' lang='lat' dir='ltr'><strong>ea</strong></span> <span class='ocrx_word' id='word_1_352' title='bbox 3235 2585 3453 2654; x_wconf 78' lang='grc' dir='ltr'>ξύλινον</span> <span class='ocrx_word' id='word_1_353' title='bbox 3505 2587 3743 2642; x_wconf 74' lang='grc' dir='ltr'>ἀνεῖλκον</span> 
     </span>
    </p>
   </div>
   <div class='ocr_carea' id='block_1_53' title="bbox 2177 2675 3750 2752">
    <p class='ocr_par' dir='ltr' id='par_1_53' title="bbox 2177 2675 3750 2752">
     <span class='ocr_line' id='line_1_53' title="bbox 2177 2675 3750 2752; baseline -0.002 -20"><span class='ocrx_word' id='word_1_354' title='bbox 2177 2679 2514 2752; x_wconf 80' lang='grc' dir='ltr'>προπύργιον</span> <span class='ocrx_word' id='word_1_355' title='bbox 2532 2682 2666 2749; x_wconf 85' lang='grc' dir='ltr'>ὅπερ</span> <span class='ocrx_word' id='word_1_356' title='bbox 2694 2679 2880 2742; x_wconf 79' lang='grc' dir='ltr'>αὐτοῖς</span> <span class='ocrx_word' id='word_1_357' title='bbox 2905 2675 3309 2732; x_wconf 75' lang='grc' dir='ltr'>κατεσκεύαστο</span> <span class='ocrx_word' id='word_1_358' title='bbox 3331 2677 3570 2748; x_wconf 81' lang='grc' dir='ltr'>τειχέων</span> <span class='ocrx_word' id='word_1_359' title='bbox 3593 2678 3750 2750; x_wconf 77' lang='grc' dir='ltr'>ὑπερ-</span> 
     </span>
    </p>
   </div>
   <div class='ocr_carea' id='block_1_54' title="bbox 500 2765 2075 2844">
    <p class='ocr_par' dir='ltr' id='par_1_54' title="bbox 500 2781 2075 2844">
     <span class='ocr_line' id='line_1_54' title="bbox 500 2781 2075 2844; baseline 0.006 -9"><span class='ocrx_word' id='word_1_360' title='bbox 500 2789 564 2835; x_wconf 90' lang='lat' dir='ltr'><strong>ut</strong></span> <span class='ocrx_word' id='word_1_361' title='bbox 617 2781 740 2835; x_wconf 87' lang='lat' dir='ltr'><strong>inde</strong></span> <span class='ocrx_word' id='word_1_362' title='bbox 789 2781 842 2834; x_wconf 90' lang='lat' dir='ltr'><strong>in</strong></span> <span class='ocrx_word' id='word_1_363' title='bbox 898 2783 1173 2838; x_wconf 79' lang='lat' dir='ltr'><strong>Romanos</strong></span> <span class='ocrx_word' id='word_1_364' title='bbox 1243 2784 1371 2839; x_wconf 88' lang='lat' dir='ltr'><strong>illud</strong></span> <span class='ocrx_word' id='word_1_365' title='bbox 1427 2786 1794 2842; x_wconf 88' lang='lat' dir='ltr'><strong>devolverent.</strong></span> <span class='ocrx_word' id='word_1_366' title='bbox 1855 2787 2075 2844; x_wconf 86' lang='lat' dir='ltr'><strong>Sublato</strong></span> 
     </span>
    </p>
   </div>
   <div class='ocr_carea' id='block_1_55' title="bbox 2181 2765 3745 2844">
    <p class='ocr_par' dir='ltr' id='par_1_55' title="bbox 2181 2765 3745 2840">
     <span class='ocr_line' id='line_1_55' title="bbox 2181 2765 3745 2840; baseline -0.001 -16"><span class='ocrx_word' id='word_1_367' title='bbox 2181 2771 2493 2840; x_wconf 80' lang='grc' dir='ltr'>ιστάμενον,</span> <span class='ocrx_word' id='word_1_368' title='bbox 2566 2769 2641 2833; x_wconf 83' lang='grc' dir='ltr'>ὡς</span> <span class='ocrx_word' id='word_1_369' title='bbox 2679 2769 2895 2823; x_wconf 81' lang='grc' dir='ltr'>ἐκεῖθεν</span> <span class='ocrx_word' id='word_1_370' title='bbox 2922 2767 3015 2822; x_wconf 82' lang='grc' dir='ltr'>ἐπὶ</span> <span class='ocrx_word' id='word_1_371' title='bbox 3070 2765 3391 2839; x_wconf 85' lang='grc' dir='ltr'>Ῥωμαίους</span> <span class='ocrx_word' id='word_1_372' title='bbox 3423 2769 3745 2840; x_wconf 77' lang='grc' dir='ltr'>ἀφήσουσιν.</span> 
     </span>
    </p>
   </div>
   <div class='ocr_carea' id='block_1_56' title="bbox 501 2855 2075 2947">
    <p class='ocr_par' dir='ltr' id='par_1_56' title="bbox 501 2872 2075 2947">
     <span class='ocr_line' id='line_1_56' title="bbox 501 2872 2075 2947; baseline 0.004 -21"><span class='ocrx_word' id='word_1_373' title='bbox 501 2872 666 2941; x_wconf 86' lang='lat' dir='ltr'><strong>igitur</strong></span> <span class='ocrx_word' id='word_1_374' title='bbox 703 2872 753 2925; x_wconf 88' lang='lat' dir='ltr'><strong>in</strong></span> <span class='ocrx_word' id='word_1_375' title='bbox 788 2872 978 2927; x_wconf 88' lang='lat' dir='ltr'><strong>turrim</strong></span> <span class='ocrx_word' id='word_1_376' title='bbox 1012 2874 1189 2942; x_wconf 84' lang='lat' dir='ltr'><strong>lapide</strong></span> <span class='ocrx_word' id='word_1_377' title='bbox 1212 2913 1228 2937; x_wconf 89' lang='lat'><strong>,</strong></span> <span class='ocrx_word' id='word_1_378' title='bbox 1268 2889 1390 2928; x_wconf 88' lang='lat' dir='ltr'><strong>cum</strong></span> <span class='ocrx_word' id='word_1_379' title='bbox 1433 2886 1639 2930; x_wconf 86' lang='lat' dir='ltr'><strong>tantum</strong></span> <span class='ocrx_word' id='word_1_380' title='bbox 1676 2879 1883 2947; x_wconf 90' lang='lat' dir='ltr'><strong>pondus</strong></span> <span class='ocrx_word' id='word_1_381' title='bbox 1909 2881 2075 2934; x_wconf 82' lang='lat' dir='ltr'><strong>susti-</strong></span> 
     </span>
    </p>
   </div>
   <div class='ocr_carea' id='block_1_57' title="bbox 2181 2855 3749 2947">
    <p class='ocr_par' dir='ltr' id='par_1_57' title="bbox 2192 2855 3749 2933">
     <span class='ocr_line' id='line_1_57' title="bbox 2192 2855 3749 2933; baseline -0.003 -17"><span class='ocrx_word' id='word_1_382' title='bbox 2192 2861 2334 2916; x_wconf 78' lang='grc' dir='ltr'>Ἀλλ’</span> <span class='ocrx_word' id='word_1_383' title='bbox 2384 2862 2510 2933; x_wconf 87' lang='grc' dir='ltr'>ἀρτι</span> <span class='ocrx_word' id='word_1_384' title='bbox 2541 2863 2568 2915; x_wconf 85' lang='grc' dir='ltr'>ὁ</span> <span class='ocrx_word' id='word_1_385' title='bbox 2624 2860 2772 2926; x_wconf 87' lang='grc' dir='ltr'>λίθος</span> <span class='ocrx_word' id='word_1_386' title='bbox 2819 2859 3018 2931; x_wconf 84' lang='grc' dir='ltr'>ὡμίλει</span> <span class='ocrx_word' id='word_1_387' title='bbox 3065 2855 3148 2930; x_wconf 83' lang='grc' dir='ltr'><strong>τῷ</strong></span> <span class='ocrx_word' id='word_1_388' title='bbox 3181 2858 3424 2929; x_wconf 52' lang='grc' dir='ltr'>πυργίον</span> <span class='ocrx_word' id='word_1_389' title='bbox 3453 2860 3518 2913; x_wconf 83' lang='grc' dir='ltr'>τὸ</span> <span class='ocrx_word' id='word_1_390' title='bbox 3567 2859 3624 2914; x_wconf 76' lang='grc' dir='ltr'>δὲ</span> <span class='ocrx_word' id='word_1_391' title='bbox 3659 2860 3749 2912; x_wconf 69' lang='grc' dir='ltr'>οὐκ</span> 
     </span>
    </p>
   </div>
   <div class='ocr_carea' id='block_1_58' title="bbox 503 2948 2075 3040">
    <p class='ocr_par' dir='ltr' id='par_1_58' title="bbox 503 2963 2075 3040">
     <span class='ocr_line' id='line_1_58' title="bbox 503 2963 2075 3040; baseline 0.005 -22"><span class='ocrx_word' id='word_1_392' title='bbox 503 2979 631 3019; x_wconf 87' lang='lat' dir='ltr'><strong>nere</strong></span> <span class='ocrx_word' id='word_1_393' title='bbox 675 2963 761 3018; x_wconf 89' lang='lat' dir='ltr'><strong>illa</strong></span> <span class='ocrx_word' id='word_1_394' title='bbox 814 2981 917 3018; x_wconf 89' lang='lat' dir='ltr'><strong>non</strong></span> <span class='ocrx_word' id='word_1_395' title='bbox 969 2977 1150 3033; x_wconf 88' lang='lat' dir='ltr'><strong>posset</strong></span> <span class='ocrx_word' id='word_1_396' title='bbox 1194 2967 1334 3037; x_wconf 86' lang='lat' dir='ltr'><strong>(erat</strong></span> <span class='ocrx_word' id='word_1_397' title='bbox 1373 2968 1520 3022; x_wconf 90' lang='lat' dir='ltr'><strong>enim</strong></span> <span class='ocrx_word' id='word_1_398' title='bbox 1574 2970 1850 3025; x_wconf 70' lang='lat' dir='ltr'><strong>immensa:</strong></span> <span class='ocrx_word' id='word_1_399' title='bbox 1901 2970 2075 3040; x_wconf 80' lang='lat' dir='ltr'><strong>molis)</strong></span> 
     </span>
    </p>
   </div>
   <div class='ocr_carea' id='block_1_59' title="bbox 2181 2948 3748 3040">
    <p class='ocr_par' dir='ltr' id='par_1_59' title="bbox 2181 2948 3748 3028">
     <span class='ocr_line' id='line_1_59' title="bbox 2181 2948 3748 3028; baseline -0.003 -19"><span class='ocrx_word' id='word_1_400' title='bbox 2181 2953 2411 3026; x_wconf 79' lang='grc' dir='ltr'>ἐνεγκὸν</span> <span class='ocrx_word' id='word_1_401' title='bbox 2440 2955 2541 3026; x_wconf 81' lang='grc' dir='ltr'><strong>τὴν</strong></span> <span class='ocrx_word' id='word_1_402' title='bbox 2572 2952 2743 3026; x_wconf 78' lang='grc' dir='ltr'>ὁλκὴν</span> <span class='ocrx_word' id='word_1_403' title='bbox 2771 2954 2973 3026; x_wconf 81' lang='grc' dir='ltr'>(μέγας</span> <span class='ocrx_word' id='word_1_404' title='bbox 3009 2951 3126 3028; x_wconf 78' lang='grc' dir='ltr'>γάρ</span> <span class='ocrx_word' id='word_1_405' title='bbox 3169 2954 3474 3026; x_wconf 78' lang='grc' dir='ltr'>ὑπερφυῶς</span> <span class='ocrx_word' id='word_1_406' title='bbox 3507 2948 3600 3024; x_wconf 73' lang='grc' dir='ltr'><strong>ἦν)</strong></span> <span class='ocrx_word' id='word_1_407' title='bbox 3633 2951 3748 3018; x_wconf 79' lang='grc' dir='ltr'>ἐξα-</span> 
     </span>
    </p>
   </div>
   <div class='ocr_carea' id='block_1_60' title="bbox 502 3045 2075 3134">
    <p class='ocr_par' dir='ltr' id='par_1_60' title="bbox 502 3056 2075 3134">
     <span class='ocr_line' id='line_1_60' title="bbox 502 3056 2075 3134; baseline 0.006 -24"><span class='ocrx_word' id='word_1_408' title='bbox 502 3067 724 3125; x_wconf 88' lang='lat' dir='ltr'><strong>repente</strong></span> <span class='ocrx_word' id='word_1_409' title='bbox 771 3071 892 3110; x_wconf 91' lang='lat' dir='ltr'><strong>cum</strong></span> <span class='ocrx_word' id='word_1_410' title='bbox 931 3058 1061 3127; x_wconf 87' lang='lat' dir='ltr'><strong>ipsis</strong></span> <span class='ocrx_word' id='word_1_411' title='bbox 1093 3056 1384 3129; x_wconf 81' lang='lat' dir='ltr'><strong>llungaris,</strong></span> <span class='ocrx_word' id='word_1_412' title='bbox 1432 3075 1662 3130; x_wconf 87' lang='lat' dir='ltr'><strong>quorum</strong></span> <span class='ocrx_word' id='word_1_413' title='bbox 1711 3061 1872 3134; x_wconf 66' lang='grc'><strong>245</strong></span> <span class='ocrx_word' id='word_1_414' title='bbox 1922 3079 2075 3119; x_wconf 89' lang='lat' dir='ltr'><strong>nemo</strong></span> 
     </span>
    </p>
   </div>
   <div class='ocr_carea' id='block_1_61' title="bbox 2181 3045 3750 3134">
    <p class='ocr_par' dir='ltr' id='par_1_61' title="bbox 2181 3045 3750 3120">
     <span class='ocr_line' id='line_1_61' title="bbox 2181 3045 3750 3120; baseline -0.003 -18"><span class='ocrx_word' id='word_1_415' title='bbox 2181 3049 2418 3112; x_wconf 87' lang='grc' dir='ltr'>πιναίως</span> <span class='ocrx_word' id='word_1_416' title='bbox 2469 3048 2640 3120; x_wconf 76' lang='grc' dir='ltr'>ραγὲν</span> <span class='ocrx_word' id='word_1_417' title='bbox 2689 3048 2772 3111; x_wconf 86' lang='grc' dir='ltr'><strong>είς</strong></span> <span class='ocrx_word' id='word_1_418' title='bbox 2816 3046 2920 3119; x_wconf 80' lang='grc' dir='ltr'><strong>γῆν</strong></span> <span class='ocrx_word' id='word_1_419' title='bbox 2970 3047 3174 3118; x_wconf 65' lang='grc' dir='ltr'><strong>⁴ίινέχθη</strong></span> <span class='ocrx_word' id='word_1_420' title='bbox 3229 3048 3328 3102; x_wconf 71' lang='grc' dir='ltr'>σὺν</span> <span class='ocrx_word' id='word_1_421' title='bbox 3375 3047 3490 3100; x_wconf 86' lang='grc' dir='ltr'><strong>τῶν</strong></span> <span class='ocrx_word' id='word_1_422' title='bbox 3544 3045 3750 3101; x_wconf 78' lang='grc' dir='ltr'>Οὖννων</span> 
     </span>
    </p>
   </div>
   <div class='ocr_carea' id='block_1_62' title="bbox 502 3139 2075 3220">
    <p class='ocr_par' dir='ltr' id='par_1_62' title="bbox 502 3149 2075 3220">
     <span class='ocr_line' id='line_1_62' title="bbox 502 3149 2075 3220; baseline 0.004 -18"><span class='ocrx_word' id='word_1_423' title='bbox 502 3149 792 3203; x_wconf 84' lang='lat' dir='ltr'><strong>discrimen</strong></span> <span class='ocrx_word' id='word_1_424' title='bbox 842 3152 1037 3218; x_wconf 87' lang='lat' dir='ltr'><strong>evasit,</strong></span> <span class='ocrx_word' id='word_1_425' title='bbox 1081 3152 1299 3220; x_wconf 86' lang='lat' dir='ltr'><strong>delapsa</strong></span> <span class='ocrx_word' id='word_1_426' title='bbox 1329 3153 1380 3206; x_wconf 91' lang='lat' dir='ltr'><strong>in</strong></span> <span class='ocrx_word' id='word_1_427' title='bbox 1431 3162 1631 3207; x_wconf 88' lang='lat' dir='ltr'><strong>terram</strong></span> <span class='ocrx_word' id='word_1_428' title='bbox 1682 3157 1909 3213; x_wconf 84' lang='lat' dir='ltr'><strong>corruit.</strong></span> <span class='ocrx_word' id='word_1_429' title='bbox 1951 3155 2075 3212; x_wconf 86' lang='lat' dir='ltr'><strong>Inde</strong></span> 
     </span>
    </p>
   </div>
   <div class='ocr_carea' id='block_1_63' title="bbox 2181 3139 3746 3220">
    <p class='ocr_par' dir='ltr' id='par_1_63' title="bbox 2182 3139 3746 3210">
     <span class='ocr_line' id='line_1_63' title="bbox 2182 3139 3746 3210; baseline -0.004 -14"><span class='ocrx_word' id='word_1_430' title='bbox 2182 3142 2423 3207; x_wconf 72' lang='grc' dir='ltr'>πολλοῖς,</span> <span class='ocrx_word' id='word_1_431' title='bbox 2491 3143 2589 3198; x_wconf 71' lang='grc' dir='ltr'>καὶ</span> <span class='ocrx_word' id='word_1_432' title='bbox 2651 3141 2833 3195; x_wconf 77' lang='grc' dir='ltr'>αὐτῶν</span> <span class='ocrx_word' id='word_1_433' title='bbox 2894 3140 3074 3204; x_wconf 77' lang='grc' dir='ltr'>οὐδεὶς</span> <span class='ocrx_word' id='word_1_434' title='bbox 3121 3139 3214 3194; x_wconf 83' lang='grc' dir='ltr'>τὸν</span> <span class='ocrx_word' id='word_1_435' title='bbox 3271 3140 3524 3194; x_wconf 81' lang='grc' dir='ltr'>κίνδυνον</span> <span class='ocrx_word' id='word_1_436' title='bbox 3570 3139 3746 3210; x_wconf 70' lang='grc' dir='ltr'>ἔφυγε.</span> 
     </span>
    </p>
   </div>
   <div class='ocr_carea' id='block_1_64' title="bbox 501 3228 2075 3315">
    <p class='ocr_par' dir='ltr' id='par_1_64' title="bbox 501 3241 2075 3315">
     <span class='ocr_line' id='line_1_64' title="bbox 501 3241 2075 3315; baseline 0.005 -21"><span class='ocrx_word' id='word_1_437' title='bbox 501 3241 697 3294; x_wconf 71' lang='lat' dir='ltr'><strong>iterum</strong></span> <span class='ocrx_word' id='word_1_438' title='bbox 749 3242 950 3294; x_wconf 88' lang='lat' dir='ltr'><strong>clamor</strong></span> <span class='ocrx_word' id='word_1_439' title='bbox 984 3242 1112 3296; x_wconf 87' lang='lat' dir='ltr'><strong>oriri</strong></span> <span class='ocrx_word' id='word_1_440' title='bbox 1158 3247 1343 3311; x_wconf 75' lang='lat' dir='ltr'><strong>coepit,</strong></span> <span class='ocrx_word' id='word_1_441' title='bbox 1381 3251 1435 3298; x_wconf 87' lang='lat' dir='ltr'><strong>et</strong></span> <span class='ocrx_word' id='word_1_442' title='bbox 1476 3259 1652 3315; x_wconf 83' lang='lat' dir='ltr'><strong>pugna</strong></span> <span class='ocrx_word' id='word_1_443' title='bbox 1703 3245 1869 3300; x_wconf 87' lang='lat' dir='ltr'><strong>multo</strong></span> <span class='ocrx_word' id='word_1_444' title='bbox 1899 3249 2075 3302; x_wconf 85' lang='lat' dir='ltr'><strong>acrior</strong></span> 
     </span>
    </p>
   </div>
   <div class='ocr_carea' id='block_1_65' title="bbox 2181 3228 3747 3315">
    <p class='ocr_par' dir='ltr' id='par_1_65' title="bbox 2181 3228 3747 3303">
     <span class='ocr_line' id='line_1_65' title="bbox 2181 3228 3747 3303; baseline -0.003 -18"><span class='ocrx_word' id='word_1_445' title='bbox 2181 3230 2352 3302; x_wconf 80' lang='grc' dir='ltr'><strong>Θροῦς</strong></span> <span class='ocrx_word' id='word_1_446' title='bbox 2383 3230 2562 3285; x_wconf 83' lang='grc' dir='ltr'>τοίνυν</span> <span class='ocrx_word' id='word_1_447' title='bbox 2591 3231 2687 3286; x_wconf 78' lang='grc' dir='ltr'><strong>καὶ</strong></span> <span class='ocrx_word' id='word_1_448' title='bbox 2710 3230 2871 3284; x_wconf 87' lang='grc' dir='ltr'>πάλιν</span> <span class='ocrx_word' id='word_1_449' title='bbox 2899 3228 2984 3303; x_wconf 83' lang='grc' dir='ltr'><strong>[Ρ.</strong></span> <span class='ocrx_word' id='word_1_450' title='bbox 3016 3228 3143 3302; x_wconf 70' lang='grc'><strong>142]</strong></span> <span class='ocrx_word' id='word_1_451' title='bbox 3174 3230 3387 3302; x_wconf 76' lang='grc' dir='ltr'>ἠγέρθη</span> <span class='ocrx_word' id='word_1_452' title='bbox 3421 3231 3516 3282; x_wconf 75' lang='grc' dir='ltr'>καὶ</span> <span class='ocrx_word' id='word_1_453' title='bbox 3549 3231 3580 3300; x_wconf 77' lang='grc' dir='ltr'><strong>ἡ</strong></span> <span class='ocrx_word' id='word_1_454' title='bbox 3613 3229 3747 3299; x_wconf 81' lang='grc' dir='ltr'>μάχη</span> 
     </span>
    </p>
   </div>
   <div class='ocr_carea' id='block_1_66' title="bbox 502 3332 2080 3407">
    <p class='ocr_par' dir='ltr' id='par_1_66' title="bbox 502 3332 2080 3407">
     <span class='ocr_line' id='line_1_66' title="bbox 502 3332 2080 3407; baseline 0.003 -20"><span class='ocrx_word' id='word_1_455' title='bbox 502 3333 663 3387; x_wconf 81' lang='lat' dir='ltr'><strong>facta.</strong></span> <span class='ocrx_word' id='word_1_456' title='bbox 701 3332 836 3386; x_wconf 87' lang='lat' dir='ltr'><strong>Tum</strong></span> <span class='ocrx_word' id='word_1_457' title='bbox 869 3334 1029 3390; x_wconf 88' lang='lat' dir='ltr'><strong>etiam</strong></span> <span class='ocrx_word' id='word_1_458' title='bbox 1068 3335 1449 3404; x_wconf 82' lang='lat' dir='ltr'><strong>imperatorem</strong></span> <span class='ocrx_word' id='word_1_459' title='bbox 1491 3336 1666 3407; x_wconf 70' lang='lat' dir='ltr'><strong>aiunt,</strong></span> <span class='ocrx_word' id='word_1_460' title='bbox 1695 3353 1819 3393; x_wconf 88' lang='lat' dir='ltr'><strong>cum</strong></span> <span class='ocrx_word' id='word_1_461' title='bbox 1874 3338 2080 3392; x_wconf 84' lang='lat' dir='ltr'><strong>Roma-</strong></span> 
     </span>
    </p>
   </div>
   <div class='ocr_carea' id='block_1_67' title="bbox 503 3428 2077 3504">
    <p class='ocr_par' dir='ltr' id='par_1_67' title="bbox 503 3428 2077 3504">
     <span class='ocr_line' id='line_1_67' title="bbox 503 3428 2077 3504; baseline 0.004 -24"><span class='ocrx_word' id='word_1_462' title='bbox 503 3441 630 3480; x_wconf 90' lang='lat' dir='ltr'><strong>num</strong></span> <span class='ocrx_word' id='word_1_463' title='bbox 668 3428 954 3496; x_wconf 89' lang='lat' dir='ltr'><strong>quemdam</strong></span> <span class='ocrx_word' id='word_1_464' title='bbox 984 3438 1133 3483; x_wconf 88' lang='lat' dir='ltr'><strong>cerlo</strong></span> <span class='ocrx_word' id='word_1_465' title='bbox 1167 3430 1272 3484; x_wconf 90' lang='lat' dir='ltr'><strong>ictu</strong></span> <span class='ocrx_word' id='word_1_466' title='bbox 1306 3431 1374 3483; x_wconf 90' lang='lat' dir='ltr'><strong>ab</strong></span> <span class='ocrx_word' id='word_1_467' title='bbox 1403 3429 1645 3484; x_wconf 85' lang='lat' dir='ltr'><strong>hostibus</strong></span> <span class='ocrx_word' id='word_1_468' title='bbox 1671 3434 2077 3504; x_wconf 76' lang='lat' dir='ltr'><strong>percutiendum</strong></span> 
     </span>
    </p>
   </div>
   <div class='ocr_carea' id='block_1_68' title="bbox 503 3519 2077 3596">
    <p class='ocr_par' dir='ltr' id='par_1_68' title="bbox 503 3519 2077 3596">
     <span class='ocr_line' id='line_1_68' title="bbox 503 3519 2077 3596; baseline 0.004 -22"><span class='ocrx_word' id='word_1_469' title='bbox 503 3526 558 3574; x_wconf 88' lang='lat' dir='ltr'><strong>et</strong></span> <span class='ocrx_word' id='word_1_470' title='bbox 588 3519 729 3572; x_wconf 91' lang='lat' dir='ltr'><strong>haud</strong></span> <span class='ocrx_word' id='word_1_471' title='bbox 762 3520 921 3575; x_wconf 81' lang='lat' dir='ltr'><strong>dubie</strong></span> <span class='ocrx_word' id='word_1_472' title='bbox 942 3522 1235 3588; x_wconf 88' lang='lat' dir='ltr'><strong>periturum</strong></span> <span class='ocrx_word' id='word_1_473' title='bbox 1284 3523 1508 3577; x_wconf 85' lang='lat' dir='ltr'><strong>vidisset</strong></span> <span class='ocrx_word' id='word_1_474' title='bbox 1533 3525 1836 3580; x_wconf 88' lang='lat' dir='ltr'><strong>accurrisse</strong></span> <span class='ocrx_word' id='word_1_475' title='bbox 1869 3535 1921 3580; x_wconf 91' lang='lat' dir='ltr'><strong>et</strong></span> <span class='ocrx_word' id='word_1_476' title='bbox 1950 3541 2077 3596; x_wconf 87' lang='lat' dir='ltr'><strong>pro-</strong></span> 
     </span>
    </p>
   </div>
   <div class='ocr_carea' id='block_1_69' title="bbox 503 3610 1942 3681">
    <p class='ocr_par' dir='ltr' id='par_1_69' title="bbox 503 3610 1942 3681">
     <span class='ocr_line' id='line_1_69' title="bbox 503 3610 1942 3681; baseline 0.005 -15"><span class='ocrx_word' id='word_1_477' title='bbox 503 3619 660 3666; x_wconf 88' lang='lat' dir='ltr'><strong>tenso</strong></span> <span class='ocrx_word' id='word_1_478' title='bbox 690 3610 876 3681; x_wconf 82' lang='lat' dir='ltr'><strong>clypeo</strong></span> <span class='ocrx_word' id='word_1_479' title='bbox 908 3627 935 3665; x_wconf 87' lang='lat' dir='ltr'><strong>a</strong></span> <span class='ocrx_word' id='word_1_480' title='bbox 969 3612 1195 3668; x_wconf 85' lang='lat' dir='ltr'><strong>vibratis</strong></span> <span class='ocrx_word' id='word_1_481' title='bbox 1221 3613 1339 3669; x_wconf 87' lang='lat' dir='ltr'><strong>telis</strong></span> <span class='ocrx_word' id='word_1_482' title='bbox 1367 3612 1641 3668; x_wconf 87' lang='lat' dir='ltr'><strong>hominem</strong></span> <span class='ocrx_word' id='word_1_483' title='bbox 1672 3631 1942 3673; x_wconf 83' lang='lat' dir='ltr'><strong>servasse.</strong></span> 
     </span>
    </p>
   </div>
   <div class='ocr_carea' id='block_1_70' title="bbox 575 3701 2078 3779">
    <p class='ocr_par' dir='ltr' id='par_1_70' title="bbox 575 3701 2078 3779">
     <span class='ocr_line' id='line_1_70' title="bbox 575 3701 2078 3779; baseline 0.006 -23"><span class='ocrx_word' id='word_1_484' title='bbox 575 3701 664 3756; x_wconf 75' lang='grc'><strong>16.</strong></span> <span class='ocrx_word' id='word_1_485' title='bbox 696 3702 935 3771; x_wconf 64' lang='grc' dir='ltr'><strong>11111133Γί</strong></span> <span class='ocrx_word' id='word_1_486' title='bbox 975 3717 1100 3758; x_wconf 88' lang='lat' dir='ltr'><strong>vero</strong></span> <span class='ocrx_word' id='word_1_487' title='bbox 1133 3711 1191 3757; x_wconf 92' lang='lat' dir='ltr'><strong>ut</strong></span> <span class='ocrx_word' id='word_1_488' title='bbox 1227 3705 1494 3774; x_wconf 80' lang='lat' dir='ltr'><strong>angustiis</strong></span> <span class='ocrx_word' id='word_1_489' title='bbox 1541 3723 1600 3761; x_wconf 90' lang='lat' dir='ltr'><strong>se</strong></span> <span class='ocrx_word' id='word_1_490' title='bbox 1636 3708 1877 3777; x_wconf 84' lang='lat' dir='ltr'><strong>undique</strong></span> <span class='ocrx_word' id='word_1_491' title='bbox 1906 3712 2078 3779; x_wconf 88' lang='lat' dir='ltr'><strong>premi</strong></span> 
     </span>
    </p>
   </div>
   <div class='ocr_carea' id='block_1_71' title="bbox 504 3794 2077 3867">
    <p class='ocr_par' dir='ltr' id='par_1_71' title="bbox 504 3794 2077 3867">
     <span class='ocr_line' id='line_1_71' title="bbox 504 3794 2077 3867; baseline 0.003 -17"><span class='ocrx_word' id='word_1_492' title='bbox 504 3795 874 3860; x_wconf 78' lang='lat' dir='ltr'><strong>adverterunt,</strong></span> <span class='ocrx_word' id='word_1_493' title='bbox 919 3795 1101 3851; x_wconf 74' lang='lat' dir='ltr'><strong>nﬁssis</strong></span> <span class='ocrx_word' id='word_1_494' title='bbox 1135 3794 1324 3864; x_wconf 84' lang='lat' dir='ltr'><strong>legatis</strong></span> <span class='ocrx_word' id='word_1_495' title='bbox 1355 3796 1656 3865; x_wconf 88' lang='lat' dir='ltr'><strong>principem</strong></span> <span class='ocrx_word' id='word_1_496' title='bbox 1709 3813 1989 3867; x_wconf 79' lang='lat' dir='ltr'><strong>rogavere,</strong></span> <span class='ocrx_word' id='word_1_497' title='bbox 2023 3808 2077 3854; x_wconf 90' lang='lat' dir='ltr'><strong>ut</strong></span> 
     </span>
    </p>
   </div>
   <div class='ocr_carea' id='block_1_72' title="bbox 504 3886 2080 3960">
    <p class='ocr_par' dir='ltr' id='par_1_72' title="bbox 504 3886 2080 3960">
     <span class='ocr_line' id='line_1_72' title="bbox 504 3886 2080 3960; baseline 0.004 -20"><span class='ocrx_word' id='word_1_498' title='bbox 504 3887 764 3941; x_wconf 82' lang='lat' dir='ltr'><strong>dedentes</strong></span> <span class='ocrx_word' id='word_1_499' title='bbox 808 3886 1084 3941; x_wconf 88' lang='lat' dir='ltr'><strong>civitatem</strong></span> <span class='ocrx_word' id='word_1_500' title='bbox 1131 3887 1264 3941; x_wconf 84' lang='lat' dir='ltr'><strong>salvi</strong></span> <span class='ocrx_word' id='word_1_501' title='bbox 1307 3897 1360 3942; x_wconf 88' lang='lat' dir='ltr'><strong>et</strong></span> <span class='ocrx_word' id='word_1_502' title='bbox 1391 3889 1690 3944; x_wconf 86' lang='lat' dir='ltr'><strong>incolumes</strong></span> <span class='ocrx_word' id='word_1_503' title='bbox 1736 3901 1957 3960; x_wconf 82' lang='lat' dir='ltr'><strong>possent</strong></span> <span class='ocrx_word' id='word_1_504' title='bbox 1984 3907 2080 3946; x_wconf 83' lang='lat' dir='ltr'><strong>ex-</strong></span> 
     </span>
    </p>
   </div>
   <div class='ocr_carea' id='block_1_73' title="bbox 505 3978 2081 4052">
    <p class='ocr_par' dir='ltr' id='par_1_73' title="bbox 505 3978 2081 4052">
     <span class='ocr_line' id='line_1_73' title="bbox 505 3978 2081 4052; baseline 0.003 -21"><span class='ocrx_word' id='word_1_505' title='bbox 505 3979 722 4033; x_wconf 85' lang='lat' dir='ltr'><strong>cedere.</strong></span> <span class='ocrx_word' id='word_1_506' title='bbox 753 3981 823 4031; x_wconf 81' lang='lat' dir='ltr'><strong>At</strong></span> <span class='ocrx_word' id='word_1_507' title='bbox 866 3978 955 4032; x_wconf 90' lang='lat' dir='ltr'><strong>ille</strong></span> <span class='ocrx_word' id='word_1_508' title='bbox 986 3995 1092 4032; x_wconf 83' lang='lat' dir='ltr'><strong>non</strong></span> <span class='ocrx_word' id='word_1_509' title='bbox 1127 3995 1186 4035; x_wconf 91' lang='lat' dir='ltr'><strong>se</strong></span> <span class='ocrx_word' id='word_1_510' title='bbox 1222 3981 1370 4048; x_wconf 87' lang='lat' dir='ltr'><strong>prius</strong></span> <span class='ocrx_word' id='word_1_511' title='bbox 1409 3981 1459 4034; x_wconf 91' lang='lat' dir='ltr'><strong>id</strong></span> <span class='ocrx_word' id='word_1_512' title='bbox 1493 3981 1754 4035; x_wconf 78' lang='lat' dir='ltr'><strong>facturqu</strong></span> <span class='ocrx_word' id='word_1_513' title='bbox 1786 3986 2081 4052; x_wconf 85' lang='lat' dir='ltr'><strong>respondit,</strong></span> 
     </span>
    </p>
   </div>
   <div class='ocr_carea' id='block_1_74' title="bbox 505 4068 2084 4144">
    <p class='ocr_par' dir='ltr' id='par_1_74' title="bbox 505 4068 2084 4144">
     <span class='ocr_line' id='line_1_74' title="bbox 505 4068 2084 4144; baseline 0.008 -22"><span class='ocrx_word' id='word_1_514' title='bbox 505 4083 667 4137; x_wconf 89' lang='lat' dir='ltr'><strong>quam</strong></span> <span class='ocrx_word' id='word_1_515' title='bbox 699 4068 995 4137; x_wconf 83' lang='lat' dir='ltr'><strong>Gregorius</strong></span> <span class='ocrx_word' id='word_1_516' title='bbox 1020 4071 1180 4139; x_wconf 87' lang='lat' dir='ltr'><strong>etqui</strong></span> <span class='ocrx_word' id='word_1_517' title='bbox 1209 4087 1330 4126; x_wconf 89' lang='lat' dir='ltr'><strong>cum</strong></span> <span class='ocrx_word' id='word_1_518' title='bbox 1364 4072 1428 4126; x_wconf 83' lang='lat' dir='ltr'><strong>iis</strong></span> <span class='ocrx_word' id='word_1_519' title='bbox 1457 4083 1610 4128; x_wconf 89' lang='lat' dir='ltr'><strong>erant</strong></span> <span class='ocrx_word' id='word_1_520' title='bbox 1634 4076 1827 4144; x_wconf 87' lang='lat' dir='ltr'><strong>zupani</strong></span> <span class='ocrx_word' id='word_1_521' title='bbox 1861 4080 2084 4134; x_wconf 84' lang='lat' dir='ltr'><strong>astricto</strong></span> 
     </span>
    </p>
   </div>
   <div class='ocr_carea' id='block_1_75' title="bbox 507 4161 2082 4236">
    <p class='ocr_par' dir='ltr' id='par_1_75' title="bbox 507 4161 2082 4236">
     <span class='ocr_line' id='line_1_75' title="bbox 507 4161 2082 4236; baseline 0.008 -20"><span class='ocrx_word' id='word_1_522' title='bbox 507 4161 727 4216; x_wconf 78' lang='lat' dir='ltr'><strong>funibus</strong></span> <span class='ocrx_word' id='word_1_523' title='bbox 758 4161 918 4228; x_wconf 91' lang='lat' dir='ltr'><strong>collo,</strong></span> <span class='ocrx_word' id='word_1_524' title='bbox 953 4163 1180 4232; x_wconf 88' lang='lat' dir='ltr'><strong>pedibus</strong></span> <span class='ocrx_word' id='word_1_525' title='bbox 1202 4165 1575 4236; x_wconf 80' lang='lat' dir='ltr'><strong>capitibusque</strong></span> <span class='ocrx_word' id='word_1_526' title='bbox 1600 4168 1758 4224; x_wconf 85' lang='lat' dir='ltr'><strong>nudis</strong></span> <span class='ocrx_word' id='word_1_527' title='bbox 1787 4171 2082 4228; x_wconf 86' lang='lat' dir='ltr'><strong>venissent.</strong></span> 
     </span>
    </p>
   </div>
   <div class='ocr_carea' id='block_1_76' title="bbox 505 4251 2085 4336">
    <p class='ocr_par' dir='ltr' id='par_1_76' title="bbox 505 4251 2085 4336">
     <span class='ocr_line' id='line_1_76' title="bbox 505 4251 2085 4336; baseline 0.011 -31"><span class='ocrx_word' id='word_1_528' title='bbox 505 4251 713 4320; x_wconf 85' lang='lat' dir='ltr'><strong>Quibus</strong></span> <span class='ocrx_word' id='word_1_529' title='bbox 746 4270 867 4308; x_wconf 89' lang='lat' dir='ltr'><strong>cum</strong></span> <span class='ocrx_word' id='word_1_530' title='bbox 914 4255 1020 4310; x_wconf 88' lang='lat' dir='ltr'><strong>hoc</strong></span> <span class='ocrx_word' id='word_1_531' title='bbox 1055 4272 1315 4327; x_wconf 88' lang='lat' dir='ltr'><strong>responso</strong></span> <span class='ocrx_word' id='word_1_532' title='bbox 1360 4259 1620 4327; x_wconf 87' lang='lat' dir='ltr'><strong>remissis,</strong></span> <span class='ocrx_word' id='word_1_533' title='bbox 1662 4263 1886 4316; x_wconf 80' lang='lat' dir='ltr'><strong>Romani</strong></span> <span class='ocrx_word' id='word_1_534' title='bbox 1930 4265 2085 4336; x_wconf 87' lang='lat' dir='ltr'><strong>longe</strong></span> 
     </span>
    </p>
   </div>
   <div class='ocr_carea' id='block_1_77' title="bbox 509 4345 2082 4425">
    <p class='ocr_par' dir='ltr' id='par_1_77' title="bbox 509 4345 2082 4425">
     <span class='ocr_line' id='line_1_77' title="bbox 509 4345 2082 4425; baseline 0.01 -26"><span class='ocrx_word' id='word_1_535' title='bbox 509 4345 690 4400; x_wconf 85' lang='lat' dir='ltr'><strong>acrius</strong></span> <span class='ocrx_word' id='word_1_536' title='bbox 724 4347 910 4402; x_wconf 88' lang='lat' dir='ltr'><strong>urbem</strong></span> <span class='ocrx_word' id='word_1_537' title='bbox 957 4348 1132 4403; x_wconf 88' lang='lat' dir='ltr'><strong>adorti</strong></span> <span class='ocrx_word' id='word_1_538' title='bbox 1177 4364 1293 4404; x_wconf 86' lang='lat' dir='ltr'><strong>eam</strong></span> <span class='ocrx_word' id='word_1_539' title='bbox 1325 4367 1421 4420; x_wconf 90' lang='lat' dir='ltr'><strong>per</strong></span> <span class='ocrx_word' id='word_1_540' title='bbox 1452 4353 1558 4407; x_wconf 88' lang='lat' dir='ltr'><strong>vim</strong></span> <span class='ocrx_word' id='word_1_541' title='bbox 1603 4367 1938 4425; x_wconf 73' lang='lat' dir='ltr'><strong>expugnant.</strong></span> <span class='ocrx_word' id='word_1_542' title='bbox 1968 4357 2082 4425; x_wconf 84' lang='lat' dir='ltr'><strong>Qua</strong></span> 
     </span>
    </p>
   </div>
   <div class='ocr_carea' id='block_1_78' title="bbox 509 4439 2080 4517">
    <p class='ocr_par' dir='ltr' id='par_1_78' title="bbox 509 4439 2080 4517">
     <span class='ocr_line' id='line_1_78' title="bbox 509 4439 2080 4517; baseline 0.01 -26"><span class='ocrx_word' id='word_1_543' title='bbox 509 4450 688 4508; x_wconf 88' lang='lat' dir='ltr'><strong>capta,</strong></span> <span class='ocrx_word' id='word_1_544' title='bbox 723 4439 1016 4511; x_wconf 85' lang='lat' dir='ltr'><strong>Gregorius</strong></span> <span class='ocrx_word' id='word_1_545' title='bbox 1045 4451 1098 4497; x_wconf 90' lang='lat' dir='ltr'><strong>et</strong></span> <span class='ocrx_word' id='word_1_546' title='bbox 1122 4447 1302 4499; x_wconf 75' lang='lat' dir='ltr'><strong>czeteri</strong></span> <span class='ocrx_word' id='word_1_547' title='bbox 1350 4444 1727 4517; x_wconf 84' lang='lat' dir='ltr'><strong>Hungarorum</strong></span> <span class='ocrx_word' id='word_1_548' title='bbox 1764 4450 1931 4507; x_wconf 87' lang='lat' dir='ltr'><strong>duces</strong></span> <span class='ocrx_word' id='word_1_549' title='bbox 1959 4468 2080 4508; x_wconf 91' lang='lat' dir='ltr'><strong>cum</strong></span> 
     </span>
    </p>
   </div>
   <div class='ocr_carea' id='block_1_79' title="bbox 2179 3321 3750 3396">
    <p class='ocr_par' dir='ltr' id='par_1_79' title="bbox 2179 3321 3750 3396">
     <span class='ocr_line' id='line_1_79' title="bbox 2179 3321 3750 3396; baseline -0.003 -18"><span class='ocrx_word' id='word_1_550' title='bbox 2179 3326 2263 3378; x_wconf 79' lang='grc' dir='ltr'><strong>ἐτι</strong></span> <span class='ocrx_word' id='word_1_551' title='bbox 2301 3325 2502 3396; x_wconf 77' lang='grc' dir='ltr'>μᾶλλον</span> <span class='ocrx_word' id='word_1_552' title='bbox 2555 3325 2830 3393; x_wconf 84' lang='grc' dir='ltr'>ἐμαίνετο.</span> <span class='ocrx_word' id='word_1_553' title='bbox 2869 3323 3000 3378; x_wconf 66' lang='lat' dir='ltr'><strong>“Ore</strong></span> <span class='ocrx_word' id='word_1_554' title='bbox 3050 3323 3289 3392; x_wconf 80' lang='grc' dir='ltr'>λέγεται,</span> <span class='ocrx_word' id='word_1_555' title='bbox 3341 3321 3414 3386; x_wconf 80' lang='grc' dir='ltr'>ὡς</span> <span class='ocrx_word' id='word_1_556' title='bbox 3475 3321 3750 3393; x_wconf 87' lang='grc' dir='ltr'>Ῥωμαίων</span> 
     </span>
    </p>
   </div>
   <div class='ocr_carea' id='block_1_80' title="bbox 2182 3416 3750 3489">
    <p class='ocr_par' dir='ltr' id='par_1_80' title="bbox 2182 3416 3750 3489">
     <span class='ocr_line' id='line_1_80' title="bbox 2182 3416 3750 3489; baseline -0.001 -17"><span class='ocrx_word' id='word_1_557' title='bbox 2182 3421 2306 3472; x_wconf 77' lang='grc' dir='ltr'>τινὰ</span> <span class='ocrx_word' id='word_1_558' title='bbox 2333 3419 2720 3489; x_wconf 81' lang='grc' dir='ltr'>εὐστοχώτατα</span> <span class='ocrx_word' id='word_1_559' title='bbox 2779 3417 3243 3487; x_wconf 72' lang='grc' dir='ltr'>ἐπιτοξαζόμενον</span> <span class='ocrx_word' id='word_1_560' title='bbox 3288 3416 3546 3487; x_wconf 82' lang='grc' dir='ltr'>βασιλεὺς</span> <span class='ocrx_word' id='word_1_561' title='bbox 3591 3433 3750 3470; x_wconf 83' lang='grc' dir='ltr'>κατα-</span> 
     </span>
    </p>
   </div>
   <div class='ocr_carea' id='block_1_81' title="bbox 2183 3510 3750 3584">
    <p class='ocr_par' dir='ltr' id='par_1_81' title="bbox 2183 3510 3750 3584">
     <span class='ocr_line' id='line_1_81' title="bbox 2183 3510 3750 3584; baseline -0.003 -18"><span class='ocrx_word' id='word_1_562' title='bbox 2183 3513 2385 3581; x_wconf 85' lang='grc' dir='ltr'>νοήσας</span> <span class='ocrx_word' id='word_1_563' title='bbox 2412 3511 2690 3584; x_wconf 86' lang='grc' dir='ltr'>ἐπέδραμέ</span> <span class='ocrx_word' id='word_1_564' title='bbox 2716 3529 2776 3565; x_wconf 87' lang='grc' dir='ltr'><strong>τε</strong></span> <span class='ocrx_word' id='word_1_565' title='bbox 2808 3511 2905 3566; x_wconf 75' lang='grc' dir='ltr'>καὶ</span> <span class='ocrx_word' id='word_1_566' title='bbox 2929 3513 3031 3581; x_wconf 86' lang='grc' dir='ltr'><strong>τὴν</strong></span> <span class='ocrx_word' id='word_1_567' title='bbox 3055 3511 3262 3566; x_wconf 82' lang='grc' dir='ltr'>ἀσπίδα</span> <span class='ocrx_word' id='word_1_568' title='bbox 3290 3510 3582 3582; x_wconf 80' lang='grc' dir='ltr'>προτείνας</span> <span class='ocrx_word' id='word_1_569' title='bbox 3613 3511 3750 3564; x_wconf 82' lang='grc' dir='ltr'>ἀπα·</span> 
     </span>
    </p>
   </div>
   <div class='ocr_carea' id='block_1_82' title="bbox 2185 3602 3266 3677">
    <p class='ocr_par' dir='ltr' id='par_1_82' title="bbox 2185 3602 3266 3677">
     <span class='ocr_line' id='line_1_82' title="bbox 2185 3602 3266 3677; baseline -0.004 -17"><span class='ocrx_word' id='word_1_570' title='bbox 2185 3606 2255 3676; x_wconf 81' lang='grc' dir='ltr'><strong>θῆ</strong></span> <span class='ocrx_word' id='word_1_571' title='bbox 2290 3604 2464 3677; x_wconf 83' lang='grc' dir='ltr'>βελῶν</span> <span class='ocrx_word' id='word_1_572' title='bbox 2498 3608 2786 3676; x_wconf 65' lang='grc' dir='ltr'>συνετήρει</span> <span class='ocrx_word' id='word_1_573' title='bbox 2813 3605 2909 3659; x_wconf 72' lang='grc' dir='ltr'><strong>τὸν</strong></span> <span class='ocrx_word' id='word_1_574' title='bbox 2957 3602 3266 3676; x_wconf 77' lang='grc' dir='ltr'>ἄνθρωπον.</span> 
     </span>
    </p>
   </div>
   <div class='ocr_carea' id='block_1_83' title="bbox 2259 3695 3750 3769">
    <p class='ocr_par' dir='ltr' id='par_1_83' title="bbox 2259 3695 3750 3769">
     <span class='ocr_line' id='line_1_83' title="bbox 2259 3695 3750 3769; baseline -0.004 -16"><span class='ocrx_word' id='word_1_575' title='bbox 2259 3697 2357 3764; x_wconf 84' lang='grc' dir='ltr'>ις’.</span> <span class='ocrx_word' id='word_1_576' title='bbox 2392 3695 2585 3752; x_wconf 72' lang='grc' dir='ltr'>Οῧννοι</span> <span class='ocrx_word' id='word_1_577' title='bbox 2620 3698 2698 3762; x_wconf 83' lang='grc' dir='ltr'>δὲ,</span> <span class='ocrx_word' id='word_1_578' title='bbox 2733 3697 3040 3769; x_wconf 73' lang='grc' dir='ltr'>ἐπειδήπερ</span> <span class='ocrx_word' id='word_1_579' title='bbox 3064 3698 3121 3750; x_wconf 85' lang='grc' dir='ltr'><strong>ἐν</strong></span> <span class='ocrx_word' id='word_1_580' title='bbox 3155 3695 3328 3766; x_wconf 82' lang='grc' dir='ltr'>στενῷ</span> <span class='ocrx_word' id='word_1_581' title='bbox 3368 3696 3563 3764; x_wconf 70' lang='grc' dir='ltr'>κομιδῆ</span> <span class='ocrx_word' id='word_1_582' title='bbox 3588 3713 3750 3766; x_wconf 80' lang='grc' dir='ltr'>περι-</span> 
     </span>
    </p>
   </div>
   <div class='ocr_carea' id='block_1_84' title="bbox 2187 3788 3751 3862">
    <p class='ocr_par' dir='ltr' id='par_1_84' title="bbox 2187 3788 3751 3862">
     <span class='ocr_line' id='line_1_84' title="bbox 2187 3788 3751 3862; baseline -0.002 -18"><span class='ocrx_word' id='word_1_583' title='bbox 2187 3792 2380 3862; x_wconf 84' lang='grc' dir='ltr'>στῆναι</span> <span class='ocrx_word' id='word_1_584' title='bbox 2431 3790 2582 3859; x_wconf 82' lang='grc' dir='ltr'>σφίσι</span> <span class='ocrx_word' id='word_1_585' title='bbox 2632 3790 2701 3843; x_wconf 82' lang='grc' dir='ltr'>τὰ</span> <span class='ocrx_word' id='word_1_586' title='bbox 2748 3791 3054 3862; x_wconf 84' lang='grc' dir='ltr'>πράγματα</span> <span class='ocrx_word' id='word_1_587' title='bbox 3103 3789 3379 3858; x_wconf 76' lang='grc' dir='ltr'>ἔγνωσαν,</span> <span class='ocrx_word' id='word_1_588' title='bbox 3442 3788 3751 3858; x_wconf 76' lang='grc' dir='ltr'>πέμψαντες</span> 
     </span>
    </p>
   </div>
   <div class='ocr_carea' id='block_1_85' title="bbox 2191 3880 3748 3957">
    <p class='ocr_par' dir='ltr' id='par_1_85' title="bbox 2191 3880 3748 3957">
     <span class='ocr_line' id='line_1_85' title="bbox 2191 3880 3748 3957; baseline -0.004 -18"><span class='ocrx_word' id='word_1_589' title='bbox 2191 3885 2428 3957; x_wconf 72' lang='grc' dir='ltr'>ἔχρῃζον</span> <span class='ocrx_word' id='word_1_590' title='bbox 2488 3883 2778 3954; x_wconf 86' lang='grc' dir='ltr'>βασιλέως,</span> <span class='ocrx_word' id='word_1_591' title='bbox 2831 3883 2905 3947; x_wconf 86' lang='grc' dir='ltr'>ὡς</span> <span class='ocrx_word' id='word_1_592' title='bbox 2955 3882 3203 3946; x_wconf 87' lang='grc' dir='ltr'>ἐνδόντες</span> <span class='ocrx_word' id='word_1_593' title='bbox 3246 3880 3348 3952; x_wconf 79' lang='grc' dir='ltr'>τὴν</span> <span class='ocrx_word' id='word_1_594' title='bbox 3397 3882 3553 3937; x_wconf 84' lang='grc' dir='ltr'>πόλιν</span> <span class='ocrx_word' id='word_1_595' title='bbox 3607 3880 3748 3949; x_wconf 77' lang='grc' dir='ltr'>αὐτῷ</span> 
     </span>
    </p>
   </div>
   <div class='ocr_carea' id='block_1_86' title="bbox 2184 3973 3748 4049">
    <p class='ocr_par' dir='ltr' id='par_1_86' title="bbox 2184 3973 3748 4049">
     <span class='ocr_line' id='line_1_86' title="bbox 2184 3973 3748 4049; baseline -0.004 -16"><span class='ocrx_word' id='word_1_596' title='bbox 2184 3977 2351 4049; x_wconf 82' lang='grc' dir='ltr'>ἀθῷοι</span> <span class='ocrx_word' id='word_1_597' title='bbox 2415 3975 2671 4031; x_wconf 80' lang='grc' dir='ltr'>ἐντεῦθεν</span> <span class='ocrx_word' id='word_1_598' title='bbox 2701 3975 2888 4030; x_wconf 84' lang='grc' dir='ltr'>λοιπὸν</span> <span class='ocrx_word' id='word_1_599' title='bbox 2916 3974 3327 4042; x_wconf 79' lang='grc' dir='ltr'>ἀπαλλάξωσιν.</span> <span class='ocrx_word' id='word_1_600' title='bbox 3358 3973 3418 4028; x_wconf 88' lang='lat'><strong>&#39;0</strong></span> <span class='ocrx_word' id='word_1_601' title='bbox 3443 3975 3498 4028; x_wconf 79' lang='grc' dir='ltr'>δὲ</span> <span class='ocrx_word' id='word_1_602' title='bbox 3529 3975 3587 4027; x_wconf 88' lang='grc' dir='ltr'><strong>ού</strong></span> <span class='ocrx_word' id='word_1_603' title='bbox 3628 3974 3748 4045; x_wconf 82' lang='grc' dir='ltr'>πρό-</span> 
     </span>
    </p>
   </div>
   <div class='ocr_carea' id='block_1_87' title="bbox 2184 4065 3748 4141">
    <p class='ocr_par' dir='ltr' id='par_1_87' title="bbox 2184 4065 3748 4141">
     <span class='ocr_line' id='line_1_87' title="bbox 2184 4065 3748 4141; baseline -0.004 -18"><span class='ocrx_word' id='word_1_604' title='bbox 2184 4086 2345 4141; x_wconf 85' lang='grc' dir='ltr'>τερον</span> <span class='ocrx_word' id='word_1_605' title='bbox 2396 4068 2500 4138; x_wconf 77' lang='grc' dir='ltr'>ἔφη</span> <span class='ocrx_word' id='word_1_606' title='bbox 2555 4068 2716 4122; x_wconf 84' lang='grc' dir='ltr'>τοῦτο</span> <span class='ocrx_word' id='word_1_607' title='bbox 2767 4069 3016 4136; x_wconf 83' lang='grc' dir='ltr'>ποιήσειν</span> <span class='ocrx_word' id='word_1_608' title='bbox 3065 4067 3197 4136; x_wconf 73' lang='grc' dir='ltr'>πρὶν</span> <span class='ocrx_word' id='word_1_609' title='bbox 3241 4067 3308 4120; x_wconf 81' lang='grc' dir='ltr'>ἂν</span> <span class='ocrx_word' id='word_1_610' title='bbox 3363 4065 3596 4120; x_wconf 82' lang='grc' dir='ltr'>καλώδια</span> <span class='ocrx_word' id='word_1_611' title='bbox 3647 4065 3748 4117; x_wconf 83' lang='grc' dir='ltr'>τῶν</span> 
     </span>
    </p>
   </div>
   <div class='ocr_carea' id='block_1_88' title="bbox 2184 4158 3746 4232">
    <p class='ocr_par' dir='ltr' id='par_1_88' title="bbox 2184 4158 3746 4232">
     <span class='ocr_line' id='line_1_88' title="bbox 2184 4158 3746 4232; baseline -0.004 -16"><span class='ocrx_word' id='word_1_612' title='bbox 2184 4161 2466 4232; x_wconf 82' lang='grc' dir='ltr'>τραχήλων</span> <span class='ocrx_word' id='word_1_613' title='bbox 2478 4160 2774 4232; x_wconf 80' lang='grc' dir='ltr'>Γρηγόριός</span> <span class='ocrx_word' id='word_1_614' title='bbox 2794 4176 2854 4213; x_wconf 86' lang='grc' dir='ltr'><strong>τε</strong></span> <span class='ocrx_word' id='word_1_615' title='bbox 2883 4160 2974 4212; x_wconf 80' lang='grc' dir='ltr'><strong>καὶ</strong></span> <span class='ocrx_word' id='word_1_616' title='bbox 3002 4158 3110 4213; x_wconf 85' lang='grc' dir='ltr'>τῶν</span> <span class='ocrx_word' id='word_1_617' title='bbox 3133 4160 3193 4214; x_wconf 85' lang='grc' dir='ltr'><strong>ἐν</strong></span> <span class='ocrx_word' id='word_1_618' title='bbox 3224 4158 3376 4229; x_wconf 82' lang='grc' dir='ltr'>σφίσι</span> <span class='ocrx_word' id='word_1_619' title='bbox 3396 4158 3678 4226; x_wconf 79' lang='grc' dir='ltr'>ζουπανῶν</span> <span class='ocrx_word' id='word_1_620' title='bbox 3704 4158 3746 4210; x_wconf 83' lang='lat' dir='ltr'><strong>oi</strong></span> 
     </span>
    </p>
   </div>
   <div class='ocr_carea' id='block_1_89' title="bbox 2187 4250 3744 4323">
    <p class='ocr_par' dir='ltr' id='par_1_89' title="bbox 2187 4250 3744 4323">
     <span class='ocr_line' id='line_1_89' title="bbox 2187 4250 3744 4323; baseline -0.002 -18"><span class='ocrx_word' id='word_1_621' title='bbox 2187 4251 2336 4306; x_wconf 80' lang='grc' dir='ltr'>ἄλλοι</span> <span class='ocrx_word' id='word_1_622' title='bbox 2372 4250 2713 4323; x_wconf 79' lang='grc' dir='ltr'>ἀναψάμενοι</span> <span class='ocrx_word' id='word_1_623' title='bbox 2747 4250 3090 4321; x_wconf 85' lang='grc' dir='ltr'>γυμνωθετσι</span> <span class='ocrx_word' id='word_1_624' title='bbox 3155 4252 3287 4305; x_wconf 72' lang='grc' dir='ltr'>ποσὶ</span> <span class='ocrx_word' id='word_1_625' title='bbox 3326 4253 3420 4306; x_wconf 77' lang='grc' dir='ltr'>καὶ</span> <span class='ocrx_word' id='word_1_626' title='bbox 3462 4252 3744 4320; x_wconf 75' lang='grc' dir='ltr'>ἀκαλυφέσι</span> 
     </span>
    </p>
   </div>
   <div class='ocr_carea' id='block_1_90' title="bbox 2186 4342 3747 4416">
    <p class='ocr_par' dir='ltr' id='par_1_90' title="bbox 2186 4342 3747 4416">
     <span class='ocr_line' id='line_1_90' title="bbox 2186 4342 3747 4416; baseline -0.003 -16"><span class='ocrx_word' id='word_1_627' title='bbox 2186 4349 2308 4409; x_wconf 88' lang='grc' dir='ltr'>ταῖς</span> <span class='ocrx_word' id='word_1_628' title='bbox 2358 4345 2628 4415; x_wconf 80' lang='grc' dir='ltr'>κεφαλαῖς</span> <span class='ocrx_word' id='word_1_629' title='bbox 2675 4346 2798 4409; x_wconf 85' lang='grc' dir='ltr'>ταῖς</span> <span class='ocrx_word' id='word_1_630' title='bbox 2837 4342 3021 4399; x_wconf 82' lang='grc' dir='ltr'>αὐτῶν</span> <span class='ocrx_word' id='word_1_631' title='bbox 3068 4342 3297 4399; x_wconf 83' lang='grc' dir='ltr'>ἐλθοιεν.</span> <span class='ocrx_word' id='word_1_632' title='bbox 3349 4344 3408 4398; x_wconf 84' lang='lat'><strong>&#39;0</strong></span> <span class='ocrx_word' id='word_1_633' title='bbox 3438 4345 3538 4416; x_wconf 85' lang='grc' dir='ltr'><strong>μέν</strong></span> <span class='ocrx_word' id='word_1_634' title='bbox 3567 4345 3626 4416; x_wconf 77' lang='grc' dir='ltr'>δὴ</span> <span class='ocrx_word' id='word_1_635' title='bbox 3661 4344 3747 4398; x_wconf 74' lang='grc' dir='ltr'>ἐπὶ</span> 
     </span>
    </p>
   </div>
   <div class='ocr_carea' id='block_1_91' title="bbox 2184 4435 3744 4508">
    <p class='ocr_par' dir='ltr' id='par_1_91' title="bbox 2184 4435 3744 4508">
     <span class='ocr_line' id='line_1_91' title="bbox 2184 4435 3744 4508; baseline -0.002 -16"><span class='ocrx_word' id='word_1_636' title='bbox 2184 4437 2449 4502; x_wconf 87' lang='grc' dir='ltr'>τοιούτοις</span> <span class='ocrx_word' id='word_1_637' title='bbox 2474 4439 2606 4492; x_wconf 73' lang='grc' dir='ltr'>αὐτο</span> <span class='ocrx_word' id='word_1_638' title='bbox 2622 4437 2684 4500; x_wconf 74' lang='lat' dir='ltr'><strong>bc;</strong></span> <span class='ocrx_word' id='word_1_639' title='bbox 2717 4436 3107 4508; x_wconf 73' lang='grc' dir='ltr'>ἀπεπέμψατο·</span> <span class='ocrx_word' id='word_1_640' title='bbox 3158 4435 3427 4506; x_wconf 77' lang='grc' dir='ltr'>Ῥωμαῖοι</span> <span class='ocrx_word' id='word_1_641' title='bbox 3455 4437 3511 4492; x_wconf 81' lang='grc' dir='ltr'>δὲ</span> <span class='ocrx_word' id='word_1_642' title='bbox 3539 4437 3744 4508; x_wconf 71' lang='grc' dir='ltr'>σφοδρόο</span> 
     </span>
    </p>
   </div>
   <div class='ocr_carea' id='block_1_92' title="bbox 511 4517 2075 4604">
    <p class='ocr_par' dir='ltr' id='par_1_92' title="bbox 511 4526 2075 4604">
     <span class='ocr_line' id='line_1_92' title="bbox 511 4526 2075 4604; baseline 0.011 -21"><span class='ocrx_word' id='word_1_643' title='bbox 511 4526 832 4600; x_wconf 84' lang='lat' dir='ltr'><strong>iguominia,</strong></span> <span class='ocrx_word' id='word_1_644' title='bbox 865 4532 930 4586; x_wconf 90' lang='lat' dir='ltr'><strong>ad</strong></span> <span class='ocrx_word' id='word_1_645' title='bbox 966 4547 1089 4588; x_wconf 93' lang='lat' dir='ltr'><strong>eum</strong></span> <span class='ocrx_word' id='word_1_646' title='bbox 1131 4549 1288 4604; x_wconf 89' lang='lat' dir='ltr'><strong>quem</strong></span> <span class='ocrx_word' id='word_1_647' title='bbox 1323 4536 1560 4594; x_wconf 83' lang='lat' dir='ltr'><strong>diximus</strong></span> <span class='ocrx_word' id='word_1_648' title='bbox 1602 4542 1817 4595; x_wconf 90' lang='lat' dir='ltr'><strong>modum</strong></span> <span class='ocrx_word' id='word_1_649' title='bbox 1856 4544 2075 4600; x_wconf 83' lang='lat' dir='ltr'><strong>misera-</strong></span> 
     </span>
    </p>
   </div>
   <div class='ocr_carea' id='block_1_93' title="bbox 2181 4517 3744 4604">
    <p class='ocr_par' dir='ltr' id='par_1_93' title="bbox 2189 4523 3744 4602">
     <span class='ocr_line' id='line_1_93' title="bbox 2189 4523 3744 4602; baseline -0.004 -16"><span class='ocrx_word' id='word_1_650' title='bbox 2189 4549 2347 4602; x_wconf 89' lang='grc' dir='ltr'>τερον</span> <span class='ocrx_word' id='word_1_651' title='bbox 2379 4530 2770 4602; x_wconf 74' lang='grc' dir='ltr'>ἐπιδρίσαντες</span> <span class='ocrx_word' id='word_1_652' title='bbox 2792 4528 2891 4601; x_wconf 79' lang='grc' dir='ltr'>τὴν</span> <span class='ocrx_word' id='word_1_653' title='bbox 2919 4527 3078 4584; x_wconf 89' lang='grc' dir='ltr'>πόλιν</span> <span class='ocrx_word' id='word_1_654' title='bbox 3103 4523 3269 4595; x_wconf 80' lang='grc' dir='ltr'>εἷλον,</span> <span class='ocrx_word' id='word_1_655' title='bbox 3305 4524 3374 4601; x_wconf 73' lang='grc' dir='ltr'>ἧς</span> <span class='ocrx_word' id='word_1_656' title='bbox 3413 4531 3516 4601; x_wconf 67' lang='grc' dir='ltr'>ήδη</span> <span class='ocrx_word' id='word_1_657' title='bbox 3544 4531 3744 4583; x_wconf 79' lang='grc' dir='ltr'>ἁλισκο-</span> 
     </span>
    </p>
   </div>
   <div class='ocr_carea' id='block_1_94' title="bbox 513 4622 2085 4702">
    <p class='ocr_par' dir='ltr' id='par_1_94' title="bbox 513 4622 2085 4702">
     <span class='ocr_line' id='line_1_94' title="bbox 513 4622 2085 4702; baseline 0.01 -24"><span class='ocrx_word' id='word_1_658' title='bbox 513 4622 605 4678; x_wconf 89' lang='lat' dir='ltr'><strong>bili</strong></span> <span class='ocrx_word' id='word_1_659' title='bbox 638 4625 822 4680; x_wconf 86' lang='lat' dir='ltr'><strong>habitu</strong></span> <span class='ocrx_word' id='word_1_660' title='bbox 851 4640 951 4681; x_wconf 85' lang='lat' dir='ltr'><strong>nec</strong></span> <span class='ocrx_word' id='word_1_661' title='bbox 973 4627 1090 4681; x_wconf 88' lang='lat' dir='ltr'><strong>sine</strong></span> <span class='ocrx_word' id='word_1_662' title='bbox 1123 4627 1326 4696; x_wconf 90' lang='lat' dir='ltr'><strong>ejulatu</strong></span> <span class='ocrx_word' id='word_1_663' title='bbox 1357 4633 1422 4684; x_wconf 89' lang='lat' dir='ltr'><strong>ad</strong></span> <span class='ocrx_word' id='word_1_664' title='bbox 1449 4633 1746 4702; x_wconf 87' lang='lat' dir='ltr'><strong>principem</strong></span> <span class='ocrx_word' id='word_1_665' title='bbox 1781 4651 2085 4693; x_wconf 84' lang='lat' dir='ltr'><strong>accessere.</strong></span> 
     </span>
    </p>
   </div>
   <div class='ocr_carea' id='block_1_95' title="bbox 518 4713 2088 4793">
    <p class='ocr_par' dir='ltr' id='par_1_95' title="bbox 518 4713 2088 4793">
     <span class='ocr_line' id='line_1_95' title="bbox 518 4713 2088 4793; baseline 0.011 -28"><span class='ocrx_word' id='word_1_666' title='bbox 518 4713 716 4766; x_wconf 78' lang='lat' dir='ltr'><strong>Verum</strong></span> <span class='ocrx_word' id='word_1_667' title='bbox 786 4714 874 4769; x_wconf 88' lang='lat' dir='ltr'><strong>ille</strong></span> <span class='ocrx_word' id='word_1_668' title='bbox 925 4716 1238 4786; x_wconf 85' lang='lat' dir='ltr'><strong>aliquandiu</strong></span> <span class='ocrx_word' id='word_1_669' title='bbox 1303 4735 1369 4774; x_wconf 91' lang='lat' dir='ltr'><strong>ne</strong></span> <span class='ocrx_word' id='word_1_670' title='bbox 1437 4732 1659 4790; x_wconf 89' lang='lat' dir='ltr'><strong>aspectu</strong></span> <span class='ocrx_word' id='word_1_671' title='bbox 1717 4725 1934 4793; x_wconf 79' lang='lat' dir='ltr'><strong>quidem</strong></span> <span class='ocrx_word' id='word_1_672' title='bbox 1996 4743 2088 4783; x_wconf 86' lang='lat' dir='ltr'><strong>eos</strong></span> 
     </span>
    </p>
   </div>
   <div class='ocr_carea' id='block_1_96' title="bbox 513 4805 2086 4882">
    <p class='ocr_par' dir='ltr' id='par_1_96' title="bbox 513 4805 2086 4882">
     <span class='ocr_line' id='line_1_96' title="bbox 513 4805 2086 4882; baseline 0.008 -24"><span class='ocrx_word' id='word_1_673' title='bbox 513 4805 763 4875; x_wconf 88' lang='lat' dir='ltr'><strong>dignatus</strong></span> <span class='ocrx_word' id='word_1_674' title='bbox 791 4817 914 4863; x_wconf 91' lang='lat' dir='ltr'><strong>est:</strong></span> <span class='ocrx_word' id='word_1_675' title='bbox 954 4812 1045 4864; x_wconf 88' lang='lat' dir='ltr'><strong>sed</strong></span> <span class='ocrx_word' id='word_1_676' title='bbox 1088 4815 1300 4866; x_wconf 86' lang='lat' dir='ltr'><strong>tandem</strong></span> <span class='ocrx_word' id='word_1_677' title='bbox 1349 4810 1470 4867; x_wconf 82' lang='lat' dir='ltr'><strong>Beia</strong></span> <span class='ocrx_word' id='word_1_678' title='bbox 1511 4814 1904 4882; x_wconf 89' lang='lat' dir='ltr'><strong>intercedente,</strong></span> <span class='ocrx_word' id='word_1_679' title='bbox 1939 4835 2086 4873; x_wconf 82' lang='lat' dir='ltr'><strong>mor-</strong></span> 
     </span>
    </p>
   </div>
   <div class='ocr_carea' id='block_1_97' title="bbox 515 4898 2089 4980">
    <p class='ocr_par' dir='ltr' id='par_1_97' title="bbox 515 4898 2089 4980">
     <span class='ocr_line' id='line_1_97' title="bbox 515 4898 2089 4980; baseline 0.009 -28"><span class='ocrx_word' id='word_1_680' title='bbox 515 4905 622 4952; x_wconf 85' lang='lat' dir='ltr'><strong>tem</strong></span> <span class='ocrx_word' id='word_1_681' title='bbox 673 4898 1017 4963; x_wconf 86' lang='lat' dir='ltr'><strong>condonavit,</strong></span> <span class='ocrx_word' id='word_1_682' title='bbox 1081 4916 1285 4972; x_wconf 86' lang='lat' dir='ltr'><strong>eosque</strong></span> <span class='ocrx_word' id='word_1_683' title='bbox 1342 4904 1394 4956; x_wconf 92' lang='lat' dir='ltr'><strong>in</strong></span> <span class='ocrx_word' id='word_1_684' title='bbox 1460 4906 1762 4960; x_wconf 87' lang='lat' dir='ltr'><strong>custodiam</strong></span> <span class='ocrx_word' id='word_1_685' title='bbox 1822 4911 2089 4980; x_wconf 77' lang='lat' dir='ltr'><strong>extemplo</strong></span> 
     </span>
    </p>
   </div>
   <div class='ocr_carea' id='block_1_98' title="bbox 515 4985 2090 5060">
    <p class='ocr_par' dir='ltr' id='par_1_98' title="bbox 515 4985 2090 5060">
     <span class='ocr_line' id='line_1_98' title="bbox 515 4985 2090 5060; baseline 0.009 -16"><span class='ocrx_word' id='word_1_686' title='bbox 515 4989 714 5060; x_wconf 86' lang='lat' dir='ltr'><strong>conjici</strong></span> <span class='ocrx_word' id='word_1_687' title='bbox 744 4991 928 5060; x_wconf 88' lang='lat' dir='ltr'><strong>jussit.</strong></span> <span class='ocrx_word' id='word_1_688' title='bbox 987 4993 1214 5046; x_wconf 82' lang='lat' dir='ltr'><strong>Romani</strong></span> <span class='ocrx_word' id='word_1_689' title='bbox 1255 5003 1432 5050; x_wconf 88' lang='lat' dir='ltr'><strong>autem</strong></span> <span class='ocrx_word' id='word_1_690' title='bbox 1465 5011 1675 5053; x_wconf 82' lang='lat' dir='ltr'><strong>summo</strong></span> <span class='ocrx_word' id='word_1_691' title='bbox 1700 4985 1863 5056; x_wconf 85' lang='lat' dir='ltr'><strong>animi</strong></span> <span class='ocrx_word' id='word_1_692' title='bbox 1895 5001 2090 5059; x_wconf 89' lang='lat' dir='ltr'><strong>ardore</strong></span> 
     </span>
    </p>
   </div>
   <div class='ocr_carea' id='block_1_99' title="bbox 515 5084 2086 5162">
    <p class='ocr_par' dir='ltr' id='par_1_99' title="bbox 515 5084 2086 5162">
     <span class='ocr_line' id='line_1_99' title="bbox 515 5084 2086 5162; baseline 0.01 -25"><span class='ocrx_word' id='word_1_693' title='bbox 515 5084 705 5139; x_wconf 88' lang='lat' dir='ltr'><strong>urbem</strong></span> <span class='ocrx_word' id='word_1_694' title='bbox 736 5086 960 5155; x_wconf 85' lang='lat' dir='ltr'><strong>ingressi</strong></span> <span class='ocrx_word' id='word_1_695' title='bbox 990 5089 1234 5143; x_wconf 85' lang='lat' dir='ltr'><strong>homines</strong></span> <span class='ocrx_word' id='word_1_696' title='bbox 1256 5088 1325 5143; x_wconf 92' lang='lat' dir='ltr'><strong>ibi</strong></span> <span class='ocrx_word' id='word_1_697' title='bbox 1356 5090 1501 5145; x_wconf 87' lang='lat' dir='ltr'><strong>velut</strong></span> <span class='ocrx_word' id='word_1_698' title='bbox 1527 5106 1692 5162; x_wconf 79' lang='lat' dir='ltr'><strong>agnos</strong></span> <span class='ocrx_word' id='word_1_699' title='bbox 1726 5092 2086 5153; x_wconf 88' lang='lat' dir='ltr'><strong>trucidarunt.</strong></span> 
     </span>
    </p>
   </div>
   <div class='ocr_carea' id='block_1_100' title="bbox 516 5165 2088 5251">
    <p class='ocr_par' dir='ltr' id='par_1_100' title="bbox 516 5165 2088 5251">
     <span class='ocr_line' id='line_1_100' title="bbox 516 5165 2088 5251; baseline 0.004 -15"><span class='ocrx_word' id='word_1_700' title='bbox 516 5177 672 5236; x_wconf 88' lang='lat' dir='ltr'><strong>Unde</strong></span> <span class='ocrx_word' id='word_1_701' title='bbox 701 5179 830 5233; x_wconf 90' lang='lat' dir='ltr'><strong>mihi</strong></span> <span class='ocrx_word' id='word_1_702' title='bbox 867 5179 1191 5236; x_wconf 88' lang='lat' dir='ltr'><strong>oboriuntur</strong></span> <span class='ocrx_word' id='word_1_703' title='bbox 1219 5165 1492 5251; x_wconf 67' lang='lat' dir='ltr'><strong>lacrymze,</strong></span> <span class='ocrx_word' id='word_1_704' title='bbox 1528 5200 1650 5239; x_wconf 90' lang='lat' dir='ltr'><strong>cum</strong></span> <span class='ocrx_word' id='word_1_705' title='bbox 1696 5187 1856 5240; x_wconf 86' lang='lat' dir='ltr'><strong>vitam</strong></span> <span class='ocrx_word' id='word_1_706' title='bbox 1892 5187 2088 5242; x_wconf 87' lang='lat' dir='ltr'><strong>huma-</strong></span> 
     </span>
    </p>
   </div>
   <div class='ocr_carea' id='block_1_101' title="bbox 516 5271 2085 5341">
    <p class='ocr_par' dir='ltr' id='par_1_101' title="bbox 516 5271 2085 5341">
     <span class='ocr_line' id='line_1_101' title="bbox 516 5271 2085 5341; baseline 0.005 -17"><span class='ocrx_word' id='word_1_707' title='bbox 516 5287 642 5324; x_wconf 87' lang='lat' dir='ltr'><strong>nam</strong></span> <span class='ocrx_word' id='word_1_708' title='bbox 675 5271 917 5338; x_wconf 67' lang='lat' dir='ltr'><strong>intueor,</strong></span> <span class='ocrx_word' id='word_1_709' title='bbox 968 5280 1023 5324; x_wconf 90' lang='lat' dir='ltr'><strong>et</strong></span> <span class='ocrx_word' id='word_1_710' title='bbox 1053 5272 1272 5341; x_wconf 88' lang='lat' dir='ltr'><strong>quantis</strong></span> <span class='ocrx_word' id='word_1_711' title='bbox 1322 5271 1461 5327; x_wconf 84' lang='lat' dir='ltr'><strong>ultro</strong></span> <span class='ocrx_word' id='word_1_712' title='bbox 1522 5289 1581 5328; x_wconf 88' lang='lat' dir='ltr'><strong>se</strong></span> <span class='ocrx_word' id='word_1_713' title='bbox 1630 5275 1785 5332; x_wconf 87' lang='lat' dir='ltr'><strong>malis</strong></span> <span class='ocrx_word' id='word_1_714' title='bbox 1834 5276 2085 5334; x_wconf 70' lang='lat' dir='ltr'><strong>miserum</strong></span> 
     </span>
    </p>
   </div>
   <div class='ocr_carea' id='block_1_102' title="bbox 517 5363 2088 5433">
    <p class='ocr_par' dir='ltr' id='par_1_102' title="bbox 517 5363 2088 5433">
     <span class='ocr_line' id='line_1_102' title="bbox 517 5363 2088 5433; baseline 0 -15"><span class='ocrx_word' id='word_1_715' title='bbox 517 5363 622 5418; x_wconf 82' lang='lat' dir='ltr'><strong>huc</strong></span> <span class='ocrx_word' id='word_1_716' title='bbox 663 5363 939 5417; x_wconf 86' lang='lat' dir='ltr'><strong>hominum</strong></span> <span class='ocrx_word' id='word_1_717' title='bbox 994 5378 1163 5433; x_wconf 86' lang='lat' dir='ltr'><strong>genus</strong></span> <span class='ocrx_word' id='word_1_718' title='bbox 1215 5365 1465 5419; x_wconf 70' lang='lat' dir='ltr'><strong>lllYOqul.</strong></span> <span class='ocrx_word' id='word_1_719' title='bbox 1519 5367 1921 5424; x_wconf 64' lang='lat' dir='ltr'><strong>Aufert-bantur</strong></span> <span class='ocrx_word' id='word_1_720' title='bbox 1969 5371 2088 5425; x_wconf 84' lang='lat' dir='ltr'><strong>the.</strong></span> 
     </span>
    </p>
   </div>
   <div class='ocr_carea' id='block_1_103' title="bbox 518 5455 2090 5530">
    <p class='ocr_par' dir='ltr' id='par_1_103' title="bbox 518 5455 2090 5530">
     <span class='ocr_line' id='line_1_103' title="bbox 518 5455 2090 5530; baseline 0.006 -21"><span class='ocrx_word' id='word_1_721' title='bbox 518 5455 665 5509; x_wconf 82' lang='lat' dir='ltr'><strong>sauri</strong></span> <span class='ocrx_word' id='word_1_722' title='bbox 701 5464 757 5509; x_wconf 90' lang='lat' dir='ltr'><strong>et</strong></span> <span class='ocrx_word' id='word_1_723' title='bbox 790 5464 970 5509; x_wconf 88' lang='lat' dir='ltr'><strong>vestes</strong></span> <span class='ocrx_word' id='word_1_724' title='bbox 1029 5464 1086 5508; x_wconf 86' lang='lat' dir='ltr'><strong>et</strong></span> <span class='ocrx_word' id='word_1_725' title='bbox 1132 5471 1262 5510; x_wconf 77' lang='lat' dir='ltr'><strong>vasa</strong></span> <span class='ocrx_word' id='word_1_726' title='bbox 1313 5467 1590 5525; x_wconf 64' lang='lat' dir='ltr'><strong>argentea,</strong></span> <span class='ocrx_word' id='word_1_727' title='bbox 1624 5460 1911 5530; x_wconf 86' lang='lat' dir='ltr'><strong>omniaque</strong></span> <span class='ocrx_word' id='word_1_728' title='bbox 1957 5465 2090 5518; x_wconf 86' lang='lat' dir='ltr'><strong>adeo</strong></span> 
     </span>
    </p>
   </div>
   <div class='ocr_carea' id='block_1_104' title="bbox 517 5545 2088 5616">
    <p class='ocr_par' dir='ltr' id='par_1_104' title="bbox 517 5545 2088 5616">
     <span class='ocr_line' id='line_1_104' title="bbox 517 5545 2088 5616; baseline 0.003 -16"><span class='ocrx_word' id='word_1_729' title='bbox 517 5561 706 5600; x_wconf 89' lang='lat' dir='ltr'><strong>eorum</strong></span> <span class='ocrx_word' id='word_1_730' title='bbox 747 5547 882 5600; x_wconf 83' lang='lat' dir='ltr'><strong>bona</strong></span> <span class='ocrx_word' id='word_1_731' title='bbox 921 5545 1332 5616; x_wconf 82' lang='lat' dir='ltr'><strong>diripiebantur.</strong></span> <span class='ocrx_word' id='word_1_732' title='bbox 1368 5547 1507 5613; x_wconf 82' lang='lat' dir='ltr'><strong>Quin</strong></span> <span class='ocrx_word' id='word_1_733' title='bbox 1554 5561 1605 5602; x_wconf 87' lang='lat' dir='ltr'><strong>et</strong></span> <span class='ocrx_word' id='word_1_734' title='bbox 1641 5549 1854 5605; x_wconf 81' lang='lat' dir='ltr'><strong>iuventa</strong></span> <span class='ocrx_word' id='word_1_735' title='bbox 1896 5563 1977 5606; x_wconf 82' lang='lat' dir='ltr'><strong>est</strong></span> <span class='ocrx_word' id='word_1_736' title='bbox 2008 5552 2088 5604; x_wconf 82' lang='lat' dir='ltr'><strong>in-</strong></span> 
     </span>
    </p>
   </div>
   <div class='ocr_carea' id='block_1_105' title="bbox 540 5636 2088 5710">
    <p class='ocr_par' dir='ltr' id='par_1_105' title="bbox 540 5636 2088 5710">
     <span class='ocr_line' id='line_1_105' title="bbox 540 5636 2088 5710; baseline 0.007 -23"><span class='ocrx_word' id='word_1_737' title='bbox 540 5637 644 5690; x_wconf 82' lang='lat' dir='ltr'><strong>clix</strong></span> <span class='ocrx_word' id='word_1_738' title='bbox 692 5636 857 5709; x_wconf 65' lang='grc'><strong>246</strong></span> <span class='ocrx_word' id='word_1_739' title='bbox 893 5639 1231 5704; x_wconf 86' lang='lat' dir='ltr'><strong>muliercula,</strong></span> <span class='ocrx_word' id='word_1_740' title='bbox 1260 5639 1346 5694; x_wconf 90' lang='lat' dir='ltr'><strong>cui</strong></span> <span class='ocrx_word' id='word_1_741' title='bbox 1383 5656 1504 5708; x_wconf 82' lang='lat' dir='ltr'><strong>pars</strong></span> <span class='ocrx_word' id='word_1_742' title='bbox 1535 5656 1639 5710; x_wconf 90' lang='lat' dir='ltr'><strong>qua</strong></span> <span class='ocrx_word' id='word_1_743' title='bbox 1685 5642 1934 5697; x_wconf 84' lang='lat' dir='ltr'><strong>sedemus</strong></span> <span class='ocrx_word' id='word_1_744' title='bbox 1986 5643 2088 5698; x_wconf 89' lang='lat' dir='ltr'><strong>telo</strong></span> 
     </span>
    </p>
   </div>
   <div class='ocr_carea' id='block_1_106' title="bbox 520 5728 2088 5801">
    <p class='ocr_par' dir='ltr' id='par_1_106' title="bbox 520 5728 2088 5801">
     <span class='ocr_line' id='line_1_106' title="bbox 520 5728 2088 5801; baseline 0.005 -20"><span class='ocrx_word' id='word_1_745' title='bbox 520 5733 777 5783; x_wconf 71' lang='lat' dir='ltr'><strong>transﬁxa</strong></span> <span class='ocrx_word' id='word_1_746' title='bbox 851 5739 987 5784; x_wconf 85' lang='lat' dir='ltr'><strong>erat.</strong></span> <span class='ocrx_word' id='word_1_747' title='bbox 1039 5728 1093 5782; x_wconf 91' lang='lat' dir='ltr'><strong>Id</strong></span> <span class='ocrx_word' id='word_1_748' title='bbox 1142 5734 1188 5785; x_wconf 88' lang='lat' dir='ltr'><strong>ei</strong></span> <span class='ocrx_word' id='word_1_749' title='bbox 1242 5734 1508 5801; x_wconf 81' lang='lat' dir='ltr'><strong>qumnodo</strong></span> <span class='ocrx_word' id='word_1_750' title='bbox 1557 5734 1816 5788; x_wconf 62' lang='lat' dir='ltr'><strong>acciderit</strong></span> <span class='ocrx_word' id='word_1_751' title='bbox 1854 5749 2088 5789; x_wconf 86' lang='lat' dir='ltr'><strong>comme-</strong></span> 
     </span>
    </p>
   </div>
   <div class='ocr_carea' id='block_1_107' title="bbox 522 5820 2085 5883">
    <p class='ocr_par' dir='ltr' id='par_1_107' title="bbox 522 5820 2085 5883">
     <span class='ocr_line' id='line_1_107' title="bbox 522 5820 2085 5883; baseline 0.003 -7"><span class='ocrx_word' id='word_1_752' title='bbox 522 5822 769 5876; x_wconf 89' lang='lat' dir='ltr'><strong>morabo.</strong></span> <span class='ocrx_word' id='word_1_753' title='bbox 810 5820 932 5877; x_wconf 67' lang='lat' dir='ltr'><strong>llaec</strong></span> <span class='ocrx_word' id='word_1_754' title='bbox 959 5823 1192 5878; x_wconf 82' lang='lat' dir='ltr'><strong>nondum</strong></span> <span class='ocrx_word' id='word_1_755' title='bbox 1244 5826 1417 5880; x_wconf 77' lang='lat' dir='ltr'><strong>adhuc.</strong></span> <span class='ocrx_word' id='word_1_756' title='bbox 1453 5838 1610 5881; x_wconf 82' lang='lat' dir='ltr'><strong>canta</strong></span> <span class='ocrx_word' id='word_1_757' title='bbox 1653 5827 1872 5881; x_wconf 75' lang='lat' dir='ltr'><strong>civitate</strong></span> <span class='ocrx_word' id='word_1_758' title='bbox 1927 5842 2085 5883; x_wconf 80' lang='lat' dir='ltr'><strong>suvra</strong></span> 
     </span>
    </p>
   </div>
   <div class='ocr_carea' id='block_1_108' title="bbox 2194 4621 3744 4694">
    <p class='ocr_par' dir='ltr' id='par_1_108' title="bbox 2194 4621 3744 4694">
     <span class='ocr_line' id='line_1_108' title="bbox 2194 4621 3744 4694; baseline -0.005 -16"><span class='ocrx_word' id='word_1_759' title='bbox 2194 4623 2390 4694; x_wconf 83' lang='grc' dir='ltr'>μένης,</span> <span class='ocrx_word' id='word_1_760' title='bbox 2422 4622 2728 4694; x_wconf 83' lang='grc' dir='ltr'>Γρηγόριός</span> <span class='ocrx_word' id='word_1_761' title='bbox 2753 4640 2812 4677; x_wconf 88' lang='grc' dir='ltr'><strong>τε</strong></span> <span class='ocrx_word' id='word_1_762' title='bbox 2844 4621 2940 4675; x_wconf 85' lang='grc' dir='ltr'>καὶ</span> <span class='ocrx_word' id='word_1_763' title='bbox 2963 4621 3013 4675; x_wconf 84' lang='lat' dir='ltr'><strong>oi</strong></span> <span class='ocrx_word' id='word_1_764' title='bbox 3032 4622 3130 4676; x_wconf 79' lang='grc' dir='ltr'>σὺν</span> <span class='ocrx_word' id='word_1_765' title='bbox 3162 4621 3314 4692; x_wconf 84' lang='grc' dir='ltr'><strong>αύτῷ</strong></span> <span class='ocrx_word' id='word_1_766' title='bbox 3338 4621 3626 4692; x_wconf 79' lang='grc' dir='ltr'>στρατηγοὶ</span> <span class='ocrx_word' id='word_1_767' title='bbox 3643 4621 3744 4672; x_wconf 83' lang='grc' dir='ltr'><strong>τῶν</strong></span> 
     </span>
    </p>
   </div>
   <div class='ocr_carea' id='block_1_109' title="bbox 2191 4709 3743 4786">
    <p class='ocr_par' dir='ltr' id='par_1_109' title="bbox 2191 4709 3743 4786">
     <span class='ocr_line' id='line_1_109' title="bbox 2191 4709 3743 4786; baseline -0.004 -18"><span class='ocrx_word' id='word_1_768' title='bbox 2191 4713 2413 4769; x_wconf 79' lang='grc' dir='ltr'>Οὖννων</span> <span class='ocrx_word' id='word_1_769' title='bbox 2445 4715 2545 4768; x_wconf 77' lang='grc' dir='ltr'>σὺν</span> <span class='ocrx_word' id='word_1_770' title='bbox 2581 4714 2782 4786; x_wconf 73' lang='grc' dir='ltr'>ἀτιμία</span> <span class='ocrx_word' id='word_1_771' title='bbox 2813 4713 3015 4786; x_wconf 85' lang='grc' dir='ltr'>τρόπον</span> <span class='ocrx_word' id='word_1_772' title='bbox 3055 4713 3148 4767; x_wconf 69' lang='grc' dir='ltr'><strong>τὸν</strong></span> <span class='ocrx_word' id='word_1_773' title='bbox 3191 4715 3491 4783; x_wconf 78' lang='grc' dir='ltr'>εἰρημένον</span> <span class='ocrx_word' id='word_1_774' title='bbox 3540 4709 3743 4768; x_wconf 75' lang='grc' dir='ltr'>ἐλεεινοὶ</span> 
     </span>
    </p>
   </div>
   <div class='ocr_carea' id='block_1_110' title="bbox 2188 4803 3741 4879">
    <p class='ocr_par' dir='ltr' id='par_1_110' title="bbox 2188 4803 3741 4879">
     <span class='ocr_line' id='line_1_110' title="bbox 2188 4803 3741 4879; baseline -0.004 -17"><span class='ocrx_word' id='word_1_775' title='bbox 2188 4809 2299 4862; x_wconf 87' lang='grc' dir='ltr'>τῶν</span> <span class='ocrx_word' id='word_1_776' title='bbox 2345 4807 2648 4878; x_wconf 85' lang='grc' dir='ltr'>σχημάτων</span> <span class='ocrx_word' id='word_1_777' title='bbox 2704 4807 2917 4878; x_wconf 85' lang='grc' dir='ltr'>βασιλεῖ</span> <span class='ocrx_word' id='word_1_778' title='bbox 2970 4805 3292 4879; x_wconf 87' lang='grc' dir='ltr'>προσιόντες</span> <span class='ocrx_word' id='word_1_779' title='bbox 3339 4804 3551 4861; x_wconf 84' lang='grc' dir='ltr'>ἔκλαον.</span> <span class='ocrx_word' id='word_1_780' title='bbox 3589 4807 3637 4859; x_wconf 92' lang='lat'><strong>&#39;0</strong></span> <span class='ocrx_word' id='word_1_781' title='bbox 3689 4803 3741 4856; x_wconf 77' lang='grc' dir='ltr'>δὲ</span> 
     </span>
    </p>
   </div>
   <div class='ocr_carea' id='block_1_111' title="bbox 2195 4897 3741 4974">
    <p class='ocr_par' dir='ltr' id='par_1_111' title="bbox 2195 4897 3741 4974">
     <span class='ocr_line' id='line_1_111' title="bbox 2195 4897 3741 4974; baseline -0.004 -18"><span class='ocrx_word' id='word_1_782' title='bbox 2195 4904 2354 4974; x_wconf 80' lang='grc' dir='ltr'>μέχρι</span> <span class='ocrx_word' id='word_1_783' title='bbox 2383 4903 2484 4972; x_wconf 87' lang='grc' dir='ltr'><strong>μέν</strong></span> <span class='ocrx_word' id='word_1_784' title='bbox 2503 4916 2647 4965; x_wconf 85' lang='grc' dir='ltr'>τινος</span> <span class='ocrx_word' id='word_1_785' title='bbox 2667 4900 2788 4956; x_wconf 80' lang='grc' dir='ltr'>οὐδὲ</span> <span class='ocrx_word' id='word_1_786' title='bbox 2815 4899 3180 4972; x_wconf 76' lang='grc' dir='ltr'>προσϐλέπειν</span> <span class='ocrx_word' id='word_1_787' title='bbox 3201 4898 3372 4970; x_wconf 80' lang='grc' dir='ltr'>ἠξίου,</span> <span class='ocrx_word' id='word_1_788' title='bbox 3393 4899 3492 4970; x_wconf 64' lang='grc' dir='ltr'><strong>ὀψὲ</strong></span> <span class='ocrx_word' id='word_1_789' title='bbox 3515 4901 3569 4954; x_wconf 76' lang='grc' dir='ltr'><strong>δέ</strong></span> <span class='ocrx_word' id='word_1_790' title='bbox 3592 4897 3741 4953; x_wconf 69' lang='grc' dir='ltr'>πολλὰ</span> 
     </span>
    </p>
   </div>
   <div class='ocr_carea' id='block_1_112' title="bbox 2192 4989 3739 5063">
    <p class='ocr_par' dir='ltr' id='par_1_112' title="bbox 2192 4989 3739 5063">
     <span class='ocr_line' id='line_1_112' title="bbox 2192 4989 3739 5063; baseline -0.005 -17"><span class='ocrx_word' id='word_1_791' title='bbox 2192 4992 2288 5046; x_wconf 82' lang='grc' dir='ltr'>τοῦ</span> <span class='ocrx_word' id='word_1_792' title='bbox 2328 4993 2466 5047; x_wconf 82' lang='grc' dir='ltr'>Βελᾶ</span> <span class='ocrx_word' id='word_1_793' title='bbox 2498 4991 3009 5063; x_wconf 85' lang='grc' dir='ltr'>παραιτησαμένου,</span> <span class='ocrx_word' id='word_1_794' title='bbox 3058 4989 3150 5045; x_wconf 77' lang='grc' dir='ltr'><strong>τὸν</strong></span> <span class='ocrx_word' id='word_1_795' title='bbox 3184 4992 3284 5060; x_wconf 80' lang='grc' dir='ltr'>μὲν</span> <span class='ocrx_word' id='word_1_796' title='bbox 3326 4990 3489 5060; x_wconf 82' lang='grc' dir='ltr'>φόνον</span> <span class='ocrx_word' id='word_1_797' title='bbox 3530 4989 3739 5058; x_wconf 74' lang='grc' dir='ltr'>ἀφῆκεν,</span> 
     </span>
    </p>
   </div>
   <div class='ocr_carea' id='block_1_113' title="bbox 2189 5077 3741 5158">
    <p class='ocr_par' dir='ltr' id='par_1_113' title="bbox 2189 5077 3741 5158">
     <span class='ocr_line' id='line_1_113' title="bbox 2189 5077 3741 5158; baseline -0.005 -17"><span class='ocrx_word' id='word_1_798' title='bbox 2189 5087 2249 5152; x_wconf 82' lang='grc' dir='ltr'><strong>ἐς</strong></span> <span class='ocrx_word' id='word_1_799' title='bbox 2291 5087 2348 5141; x_wconf 76' lang='grc' dir='ltr'>δὲ</span> <span class='ocrx_word' id='word_1_800' title='bbox 2391 5085 2638 5158; x_wconf 74' lang='grc' dir='ltr'>φρουρὰν</span> <span class='ocrx_word' id='word_1_801' title='bbox 2680 5086 2885 5138; x_wconf 78' lang='grc' dir='ltr'>αὐτίκα</span> <span class='ocrx_word' id='word_1_802' title='bbox 2920 5083 3160 5155; x_wconf 67' lang='grc' dir='ltr'>ἔπεμψε.</span> <span class='ocrx_word' id='word_1_803' title='bbox 3217 5085 3486 5156; x_wconf 81' lang='grc' dir='ltr'>Ῥωμαῖοι</span> <span class='ocrx_word' id='word_1_804' title='bbox 3518 5086 3571 5139; x_wconf 86' lang='grc' dir='ltr'>δὲ</span> <span class='ocrx_word' id='word_1_805' title='bbox 3601 5077 3741 5151; x_wconf 79' lang='grc' dir='ltr'>θυμῷ</span> 
     </span>
    </p>
   </div>
   <div class='ocr_carea' id='block_1_114' title="bbox 2193 5171 3739 5252">
    <p class='ocr_par' dir='ltr' id='par_1_114' title="bbox 2193 5171 3739 5252">
     <span class='ocr_line' id='line_1_114' title="bbox 2193 5171 3739 5252; baseline 0 -19"><span class='ocrx_word' id='word_1_806' title='bbox 2193 5179 2415 5252; x_wconf 80' lang='grc' dir='ltr'>μεγάλῳ</span> <span class='ocrx_word' id='word_1_807' title='bbox 2469 5179 2547 5242; x_wconf 85' lang='grc' dir='ltr'><strong>εἰς</strong></span> <span class='ocrx_word' id='word_1_808' title='bbox 2591 5176 2690 5248; x_wconf 74' lang='grc' dir='ltr'>τὴν</span> <span class='ocrx_word' id='word_1_809' title='bbox 2744 5175 2900 5230; x_wconf 88' lang='grc' dir='ltr'>πόλιν</span> <span class='ocrx_word' id='word_1_810' title='bbox 2957 5178 3215 5240; x_wconf 78' lang='grc' dir='ltr'>εἰσιόντες</span> <span class='ocrx_word' id='word_1_811' title='bbox 3273 5176 3368 5230; x_wconf 68' lang='grc' dir='ltr'>ἅτε</span> <span class='ocrx_word' id='word_1_812' title='bbox 3424 5177 3590 5249; x_wconf 76' lang='grc' dir='ltr'>ἄρνας</span> <span class='ocrx_word' id='word_1_813' title='bbox 3623 5171 3739 5233; x_wconf 77' lang='grc' dir='ltr'>τοὺς</span> 
     </span>
    </p>
   </div>
   <div class='ocr_carea' id='block_1_115' title="bbox 2189 5263 3736 5342">
    <p class='ocr_par' dir='ltr' id='par_1_115' title="bbox 2189 5263 3736 5342">
     <span class='ocr_line' id='line_1_115' title="bbox 2189 5263 3736 5342; baseline -0.006 -18"><span class='ocrx_word' id='word_1_814' title='bbox 2189 5272 2318 5342; x_wconf 78' lang='grc' dir='ltr'>τῇδε</span> <span class='ocrx_word' id='word_1_815' title='bbox 2353 5269 2613 5324; x_wconf 83' lang='grc' dir='ltr'>κατέθυον</span> <span class='ocrx_word' id='word_1_816' title='bbox 2640 5266 2992 5339; x_wconf 85' lang='grc' dir='ltr'>ἀνθρώπους.</span> <span class='ocrx_word' id='word_1_817' title='bbox 3031 5269 3162 5321; x_wconf 86' lang='grc' dir='ltr'>Ὀτε</span> <span class='ocrx_word' id='word_1_818' title='bbox 3212 5285 3306 5337; x_wconf 88' lang='grc' dir='ltr'><strong>μοι</strong></span> <span class='ocrx_word' id='word_1_819' title='bbox 3357 5269 3452 5320; x_wconf 74' lang='grc' dir='ltr'>καὶ</span> <span class='ocrx_word' id='word_1_820' title='bbox 3492 5263 3736 5337; x_wconf 81' lang='grc' dir='ltr'>δακρῦσαι</span> 
     </span>
    </p>
   </div>
   <div class='ocr_carea' id='block_1_116' title="bbox 2190 5358 3737 5434">
    <p class='ocr_par' dir='ltr' id='par_1_116' title="bbox 2190 5358 3737 5434">
     <span class='ocr_line' id='line_1_116' title="bbox 2190 5358 3737 5434; baseline -0.007 -16"><span class='ocrx_word' id='word_1_821' title='bbox 2190 5363 2392 5434; x_wconf 80' lang='grc' dir='ltr'>ἐπῆλθε</span> <span class='ocrx_word' id='word_1_822' title='bbox 2425 5361 2545 5433; x_wconf 81' lang='grc' dir='ltr'>βίον</span> <span class='ocrx_word' id='word_1_823' title='bbox 2577 5360 2921 5432; x_wconf 82' lang='grc' dir='ltr'>ἐννοουμένῳ</span> <span class='ocrx_word' id='word_1_824' title='bbox 2948 5361 3042 5414; x_wconf 81' lang='grc' dir='ltr'>τὸν</span> <span class='ocrx_word' id='word_1_825' title='bbox 3067 5360 3412 5432; x_wconf 79' lang='grc' dir='ltr'>ἀνθρώπειον</span> <span class='ocrx_word' id='word_1_826' title='bbox 3439 5361 3578 5424; x_wconf 81' lang='grc' dir='ltr'>ὅσοις</span> <span class='ocrx_word' id='word_1_827' title='bbox 3600 5374 3648 5410; x_wconf 84' lang='grc' dir='ltr'><strong>τε</strong></span> <span class='ocrx_word' id='word_1_828' title='bbox 3679 5358 3737 5408; x_wconf 78' lang='grc' dir='ltr'><strong>τό</strong></span> 
     </span>
    </p>
   </div>
   <div class='ocr_carea' id='block_1_117' title="bbox 2189 5454 3736 5524">
    <p class='ocr_par' dir='ltr' id='par_1_117' title="bbox 2189 5454 3736 5524">
     <span class='ocr_line' id='line_1_117' title="bbox 2189 5454 3736 5524; baseline -0.005 -13"><span class='ocrx_word' id='word_1_829' title='bbox 2189 5458 2420 5512; x_wconf 86' lang='grc' dir='ltr'>δείλαιον</span> <span class='ocrx_word' id='word_1_830' title='bbox 2452 5455 2614 5509; x_wconf 80' lang='grc' dir='ltr'>τοῦτο</span> <span class='ocrx_word' id='word_1_831' title='bbox 2657 5454 2812 5524; x_wconf 83' lang='grc' dir='ltr'>γένος</span> <span class='ocrx_word' id='word_1_832' title='bbox 2847 5455 3116 5517; x_wconf 77' lang='grc' dir='ltr'>ἑκουσίοις</span> <span class='ocrx_word' id='word_1_833' title='bbox 3150 5454 3313 5508; x_wconf 82' lang='grc' dir='ltr'>ἐαυτδ</span> <span class='ocrx_word' id='word_1_834' title='bbox 3359 5455 3604 5523; x_wconf 78' lang='grc' dir='ltr'>ξυνέδησε</span> <span class='ocrx_word' id='word_1_835' title='bbox 3641 5465 3736 5503; x_wconf 78' lang='grc' dir='ltr'>καο</span> 
     </span>
    </p>
   </div>
   <div class='ocr_carea' id='block_1_118' title="bbox 2192 5541 3735 5618">
    <p class='ocr_par' dir='ltr' id='par_1_118' title="bbox 2192 5541 3735 5618">
     <span class='ocr_line' id='line_1_118' title="bbox 2192 5541 3735 5618; baseline -0.006 -14"><span class='ocrx_word' id='word_1_836' title='bbox 2192 5552 2334 5614; x_wconf 82' lang='grc' dir='ltr'>κοῖς.</span> <span class='ocrx_word' id='word_1_837' title='bbox 2373 5549 2610 5616; x_wconf 82' lang='grc' dir='ltr'>Ἤγοντο</span> <span class='ocrx_word' id='word_1_838' title='bbox 2648 5547 2914 5618; x_wconf 76' lang='grc' dir='ltr'>κειμήλια</span> <span class='ocrx_word' id='word_1_839' title='bbox 2940 5547 3039 5601; x_wconf 73' lang='grc' dir='ltr'>καὶ</span> <span class='ocrx_word' id='word_1_840' title='bbox 3064 5547 3351 5618; x_wconf 69' lang='grc' dir='ltr'>ίματισμοὶ</span> <span class='ocrx_word' id='word_1_841' title='bbox 3387 5550 3476 5602; x_wconf 67' lang='grc' dir='ltr'>καὶ</span> <span class='ocrx_word' id='word_1_842' title='bbox 3507 5541 3735 5615; x_wconf 77' lang='grc' dir='ltr'>ἀργυρώ-</span> 
     </span>
    </p>
   </div>
   <div class='ocr_carea' id='block_1_119' title="bbox 2196 5634 3735 5715">
    <p class='ocr_par' dir='ltr' id='par_1_119' title="bbox 2196 5634 3735 5715">
     <span class='ocr_line' id='line_1_119' title="bbox 2196 5634 3735 5715; baseline -0.01 -17"><span class='ocrx_word' id='word_1_843' title='bbox 2196 5661 2363 5715; x_wconf 87' lang='grc' dir='ltr'>ματα,</span> <span class='ocrx_word' id='word_1_844' title='bbox 2395 5643 2489 5696; x_wconf 84' lang='grc' dir='ltr'><strong>καί</strong></span> <span class='ocrx_word' id='word_1_845' title='bbox 2520 5643 2692 5697; x_wconf 82' lang='grc' dir='ltr'>πάντα</span> <span class='ocrx_word' id='word_1_846' title='bbox 2715 5641 2780 5695; x_wconf 70' lang='grc' dir='ltr'>τὰ</span> <span class='ocrx_word' id='word_1_847' title='bbox 2800 5640 3024 5695; x_wconf 80' lang='grc' dir='ltr'>ἐκείνων</span> <span class='ocrx_word' id='word_1_848' title='bbox 3046 5639 3292 5711; x_wconf 74' lang='grc' dir='ltr'>ἐληῖζετο</span> <span class='ocrx_word' id='word_1_849' title='bbox 3320 5634 3735 5707; x_wconf 70' lang='grc' dir='ltr'>ἀγαθά.”οπὶοις</span> 
     </span>
    </p>
   </div>
   <div class='ocr_carea' id='block_1_120' title="bbox 2195 5724 3732 5806">
    <p class='ocr_par' dir='ltr' id='par_1_120' title="bbox 2195 5724 3732 5806">
     <span class='ocr_line' id='line_1_120' title="bbox 2195 5724 3732 5806; baseline -0.008 -18"><span class='ocrx_word' id='word_1_850' title='bbox 2195 5738 2310 5800; x_wconf 84' lang='grc' dir='ltr'>τοῖς</span> <span class='ocrx_word' id='word_1_851' title='bbox 2343 5735 2552 5806; x_wconf 75' lang='grc' dir='ltr'>ἐχθρῶν</span> <span class='ocrx_word' id='word_1_852' title='bbox 2580 5734 2893 5803; x_wconf 76' lang='grc' dir='ltr'>ἠμπίσχετο</span> <span class='ocrx_word' id='word_1_853' title='bbox 2923 5733 3152 5797; x_wconf 78' lang='grc' dir='ltr'>ἕκαστος</span> <span class='ocrx_word' id='word_1_854' title='bbox 3187 5733 3284 5786; x_wconf 74' lang='grc' dir='ltr'><strong>καὶ</strong></span> <span class='ocrx_word' id='word_1_855' title='bbox 3308 5733 3416 5786; x_wconf 75' lang='grc' dir='ltr'>τῶν</span> <span class='ocrx_word' id='word_1_856' title='bbox 3439 5730 3597 5800; x_wconf 70' lang='grc' dir='ltr'>ψιλῶν</span> <span class='ocrx_word' id='word_1_857' title='bbox 3615 5724 3732 5778; x_wconf 83' lang='grc' dir='ltr'>τού-</span> 
     </span>
    </p>
   </div>
   <div class='ocr_carea' id='block_1_121' title="bbox 2193 5808 3731 5892">
    <p class='ocr_par' dir='ltr' id='par_1_121' title="bbox 2193 5808 3731 5892">
     <span class='ocr_line' id='line_1_121' title="bbox 2193 5808 3731 5892; baseline 0.005 -12"><span class='ocrx_word' id='word_1_858' title='bbox 2193 5845 2302 5882; x_wconf 71' lang='grc' dir='ltr'><strong>των</strong></span> <span class='ocrx_word' id='word_1_859' title='bbox 2333 5828 2428 5882; x_wconf 70' lang='grc' dir='ltr'>ναὶ</span> <span class='ocrx_word' id='word_1_860' title='bbox 2456 5808 2705 5882; x_wconf 49' lang='grc' dir='ltr'>ἀνόπλων</span> <span class='ocrx_word' id='word_1_861' title='bbox 2747 5824 3034 5891; x_wconf 72' lang='grc' dir='ltr'>μαγητῶν,</span> <span class='ocrx_word' id='word_1_862' title='bbox 3081 5826 3172 5881; x_wconf 79' lang='grc' dir='ltr'>ὅτε</span> <span class='ocrx_word' id='word_1_863' title='bbox 3215 5827 3282 5892; x_wconf 75' lang='grc' dir='ltr'>δὴ</span> <span class='ocrx_word' id='word_1_864' title='bbox 3325 5826 3418 5880; x_wconf 74' lang='grc' dir='ltr'>καὶ</span> <span class='ocrx_word' id='word_1_865' title='bbox 3447 5822 3642 5884; x_wconf 57' lang='grc' dir='ltr'>γύναιόν</span> <span class='ocrx_word' id='word_1_866' title='bbox 3679 5830 3731 5866; x_wconf 62' lang='grc' dir='ltr'>τί</span> 
     </span>
    </p>
   </div>
  </div>
