3932 6190
347 321 446 390 63!

1627 318 1947 388 JOANNIS
1985 320 2319 390 ClNNAMI

3494 323 3599 400 632

349 439 516 492 modi.
557 437 950 498 Adulescentes
1003 440 1208 513 aliquot
1253 458 1406 513 aequo
1455 441 1617 498 divisi
1669 443 1810 495 inter
1863 452 1920 490 se

2035 441 2118 496 τὸν
2171 445 2482 518 εἰθισμένον
2514 447 2574 502 δν
2629 419 3054 517 βασιλεῦσιξκαὶ
3115 450 3275 501 παισὶ
3335 442 3604 514 βασιλέων

349 536 578 586 numero
612 531 812 588 factam
844 545 911 589 ex
949 535 1102 590 corio
1149 535 1312 604 pilam
1363 533 1736 604 magnitudine
1781 530 1920 586 malo

346 623 580 677 similem
617 623 670 678 in
696 622 872 680 locum
897 626 1189 696 quemdam
1208 627 1275 682 ad
1308 625 1361 681 id
1389 625 1540 695 prius
1564 633 1722 695 prout
1743 623 1921 678 visunt

347 715 512 769 fuerit
543 715 850 771 dimensum
880 718 1164 775 emittunt.
1205 717 1342 774 Tum
1373 734 1500 773 vero
1531 716 1601 772 ad
1652 716 1798 771 illam
1831 729 1924 768 ve-

347 807 446 861 luti
507 809 788 876 praemium
843 809 1065 879 aliqno'd
1126 812 1177 865 in
1231 810 1410 866 medio
1471 810 1700 880 positam
1747 808 1923 877 plenis

350 901 584 954 invicem
655 899 885 956 habenis
947 903 1318 966 contendunt,
1371 902 1566 972 singuli
1617 901 1669 954 in
1716 899 1922 954 dextris

348 990 560 1062 virgam
623 991 930 1059 habentes,
995 1007 1117 1063 qua!
1166 993 1505 1065 longitudine
1550 991 1811 1046 mediocri
1866 990 1920 1044 in

347 1085 710 1141 orbiculatam
760 1088 1060 1156 quamdam
1094 1087 1433 1144 latitudinem
1487 1087 1670 1143 Subito
1698 1086 1925 1151 desinit,

348 1175 503 1245 cujus
523 1176 1000 1234 medium'chordis
1021 1179 1228 1250 aliquot
1249 1179 1534 1236 desiccatis
1556 1177 1724 1251 264
1754 1178 1920 1232 retis-

348 1284 456 1335 que
506 1269 556 1323 in
600 1272 817 1324 modum
855 1271 998 1326 inter
1027 1287 1088 1328 se
1132 1271 1396 1328 connexis
1426 1272 1786 1340 intercipitur.
1822 1269 1924 1323 Dat

349 1372 484 1415 vero
513 1376 736 1430 operam
769 1373 1003 1435 utraque
1036 1379 1170 1434 pars
1198 1374 1256 1418 ut
1286 1365 1429 1419 ultra
1478 1363 1708 1419 alteram
1765 1369 1921 1417 antea

352 1453 634 1508 definitam
667 1463 867 1510 metam
897 1458 1050 1524 prior
1089 1455 1320 1526 quisque
1363 1455 1529 1524 pilam
1563 1454 1919 1510 transmittat.

351 1541 489 1598 Cum
543 1545 688 1599 enim
719 1545 775 1599 in
812 1545 1135 1601 alterutram
1192 1555 1391 1601 metam
1415 1545 1728 1605 reticulatis
1758 1543 1923 1612 virgis

353 1635 465 1703 pila
501 1637 916 1703 transmittitur,
949 1638 1002 1692 id
1048 1637 1186 1706 parti
1223 1639 1379 1693 alteri
1418 1652 1517 1708 pro
1543 1636 1772 1693 victoria
1813 1644 1917 1690 est.

353 1724 678 1798 llujusmodi
711 1729 930 1798 quidem
967 1740 1052 1784 est
1085 1728 1243 1784 ludus
1278 1730 1398 1796 iste,
1435 1727 1612 1798 lapsui
1647 1725 1922 1783 obnoxius

349 1821 511 1889 plane
549 1834 614 1876 ac
646 1820 1006 1892 periculosus.
1039 1819 1273 1876 Necesse
1304 1821 1504 1891 quippe
1531 1828 1617 1874 est
1645 1828 1702 1873 ut
1735 1817 1828 1888 qui
1868 1816 1923 1872 in

348 1928 416 1967 eo
466 1928 527 1968 se
570 1921 788 1968 exercet
829 1928 948 1968 sese
993 1914 1208 1982 supinet
1259 1913 1522 1967 continuo
1569 1911 1733 1981 inque
1781 1910 1927 1965 latus

353 2013 642 2074 utrumque
667 2003 931 2067 ﬂectatur,
955 2013 1012 2058 ut
1040 2006 1092 2059 in
1125 2004 1311 2060 orbem
1351 2019 1558 2074 equum
1587 2005 1926 2071 circumagat

370 2106 407 2154 τι
442 2098 625 2152 varios
659 2096 894 2151 subinde
925 2097 1180 2152 instituat
1209 2110 1404 2151 cursus
1441 2094 1781 2164 totidemque
1811 2109 1929 2147 mo-

352 2201 463 2255 tus,
503 2199 638 2258 quot
685 2189 850 2258 pilam
903 2188 1087 2243 facere
1120 2187 1412 2257 contigerit
1464 2203 1477 2241 :
1517 2195 1681 2255 atque
1719 2185 1822 2238 hoc
1868 2199 1926 2239 se

352 2282 515 2335 modo
549 2281 706 2336 habet
740 2281 1060 2336 exercitium
1093 2279 1261 2334 istud.
1299 2281 1430 2334 Dum
1475 2279 1636 2349 igitur
1671 2278 1927 2348 princeps

353 2376 496 2429 miro
529 2375 763 2443 quodam
800 2373 961 2428 modo
988 2373 1042 2427 in
1077 2388 1142 2428 eo
1171 2388 1292 2428 sese
1327 2374 1746 2443 circumageret,
1783 2371 1928 2426 acci-

352 2469 431 2526 dit
481 2475 536 2520 ιιι
577 2481 683 2535 quo
725 2466 1024 2521 vehebatur
1058 2480 1232 2535 equus
1259 2466 1312 2519 in
1371 2475 1569 2521 terram
1605 2475 1746 2518 totus
1798 2480 1924 2520 cor-

359 2569 566 2614 rueret.
605 2557 848 2627 Cumque
881 2557 972 2613 ille
1007 2558 1197 2612 subter
1243 2557 1443 2613 eﬂ‘usus
1481 2571 1678 2626 magno
1718 2557 1928 2622 labore,

355 2663 412 2704 ut
448 2667 505 2706 se
536 2653 769 2722 erigeret
796 2666 824 2704 a
857 2666 984 2706 casu
1021 2651 1143 2713 isto,
1186 2652 1544 2715 anniteretur,
1581 2665 1682 2704 nec
1728 2664 1924 2718 equum

356 2754 492 2808 toto,
522 2743 599 2797 uti
654 2742 914 2808 diximus,
947 2741 1353 2796 incumbentem
1385 2755 1614 2810 corpore
1646 2755 1926 2795 removere

353 2844 561 2903 posset,
599 2833 778 2890 femur
824 2848 1173 2902 manumque,
1207 2835 1333 2888 dum
1367 2834 1469 2888 sub
1499 2832 1631 2888 sella
1689 2831 1926 2901 equestri

357 2928 798 2998 intercipiuntur,
835 2927 1073 2997 graviter
1105 2927 1242 2981 lzesit
1276 2943 1292 2980 :
1352 2936 1616 2996 tantaque
1643 2925 1695 2980 id
1729 2925 1927 2980 malum

354 3021 665 3076 constantia
699 3019 944 3088 pertulit,
992 3029 1048 3074 ut
1097 3019 1451 3088 quantumvis
1488 3018 1719 3074 letbales
1771 3028 1930 3088 patc‘

2023 536 2340 592 dvéxaeev.‘
2373 537 2530 593 Ἔστι
2559 536 2614 592 δὲ
2639 538 2702 591 τὸ
2747 539 3004 595 τοιοῦτον.
3062 537 3291 592 Naevia:
3334 533 3481 596 τινὶς
3520 531 3604 593 εἰς

2024 625 2115 678 ίσα
2169 627 2536 700 διαιρεθέντες
2578 628 2830 697 ἀλλήλοις
2907 631 3151 699 σφαῖραν
3215 627 3446 683 σκύτους
3502 621 3605 690 μὲν

2023 719 2405 790 πεποιημένην
2460 720 2618 791 μήλῳ
2658 719 2713 774 δὲ
2741 720 3080 791 παρεμφερῆ
3109 720 3169 773 τὸ
3242 715 3476 789 μέγεθος
3522 713 3606 774 είς

2023 812 2199 882 χῶρόν
2224 829 2346 866 τινα
2379 811 2572 867 ὕπτιον
2601 813 2846 879 ἀφιᾶσιν,
2869 810 2930 872 ὃς
2948 812 3013 864 ἂν
3047 809 3248 880 δηλαδὴ
3277 821 3609 878 συμμετρη-

2024 907 2281 976 σαμένοις
2343 909 2529 968 αὐτοῖς
2587 905 2737 977 δόξῃ.
2792 904 2882 957 ἐπ’
2909 905 3078 972 αὐτὴν
3108 907 3179 968 τεζ
3211 895 3325 954 οἷόν
3350 917 3404 951 τι
3437 893 3610 951 ἆθλον

2023 1000 2080 1052 έν
2113 996 2422 1069 μεταιχμίῳ
2477 1000 2739 1068 κειμένην
2799 995 2907 1050 ἀπὸ
2977 997 3213 1067 ῥυτῆρος
3257 990 3611 1046 ἀντιθέουσιν

2022 1087 2275 1158 ἀλλήλοις
2309 1129 2326 1155 ,
2385 1086 2582 1160 ῥάϐδον
2651 1088 2862 1153 ἰνδέξια
2931 1085 3316 1158 χειριζόμενος
3373 1082 3612 1142 ἕκαστος

2025 1181 2357 1254 συμμέτρως
2387 1181 2487 1252 μὲν
2528 1181 2804 1252 ἐπιμήκη,
2821 1181 2900 1244 εἰς
2938 1178 2995 1232 δὲ
3041 1177 3277 1246 καμπήν
3297 1191 3421 1227 τινα
3465 1172 3612 1225 πλαο

2023 1272 2174 1327 τεῖαν
2205 1275 2359 1340 ἄφνω
2404 1271 2760 1338 τελευτῶσαν,
2789 1267 2855 1342 ἦς
2899 1270 2959 1324 τὸ
2996 1268 3160 1339 μέσον
3221 1261 3438 1336 χορδαῖς
3492 1277 3613 1315 τισι

2024 1366 2201 1436 χρόνῳ
2237 1366 2334 1436 μὲν
2364 1365 2742 1428 αὑανθείσαις.
2765 1365 3025 1434 ἀλλήλαις
3055 1363 3109 1415 δὲ
3137 1360 3438 1414 δικτυωτόν
3484 1367 3615 1408 τινα

2026 1459 2546 1530 ξυμπεπλεγμέναις
2607 1456 3035 1527 διαλαμϐάνεται
3101 1453 3328 1518 τρόπον.
3359 1445 3617 1518 Σπουδὴν

2030 1551 2212 1621 μέντοι
2244 1551 2506 1622 ἑκάτερον
2565 1548 2857 1622 πεποίηται
2896 1549 3059 1619 μέρος
3095 1547 3243 1609 ὅπως
3287 1544 3354 1597 ἃν
3382 1543 3478 1595 ἐπὶ
3511 1539 3618 1593 θά-

2025 1660 2182 1717 τερον
2213 1644 2659 1715 προτερήσαντες
2691 1641 3050 1713 μεταγάγωσι
3088 1638 3284 1709 πέρας,
3316 1632 3620 1704 δδηλονότι

1956 1777 1997 1830 Β
2025 1735 2267 1806 ἀρχῆθεν
2319 1736 2509 1800 αὐτοῖς
2564 1733 2945 1789 ἀποδέδασται.
3005 1729 3266 1786 Ἐπειδὰν
3313 1727 3425 1798 γὰρ
3484 1727 3621 1830 ταῖς

2032 1828 2251 1898 ῥάϐδοις
2305 1827 2388 1892 εις
2443 1825 2807 1896 ὁποτερονοῦν
2869 1822 3229 1896 ἐπειγόμενος
3298 1821 3327 1873 δ
3373 1818 3621 1888 σφαῖρος

2029 1921 2293 1993 ἀφίκηται
2334 1921 2532 1990 πέρας,
2589 1918 2753 1973 τοῦτο
2815 1919 2850 1990 ή
2907 1917 3032 1989 νίκη
3086 1913 3284 1985 ὶκείνῳ
3331 1909 3412 1982 τῷ
3447 1909 3622 1980 μέρει

2029 2016 2263 2084 γίνεται.
2299 2013 2372 2068 Ἠ
2402 2014 2500 2084 μὲν
2533 2012 2725 2067 παιδιά
2786 2011 2967 2066 τοιάδε
3019 2009 3106 2073 τίς
3137 2010 3309 2073 ἐστιν,
3341 2001 3626 2073 ὀλισθηρὰ

2029 2109 2208 2175 πάντη
2244 2107 2339 2161 καὶ
2370 2106 2726 2177 κινδυνώδης.
2762 2103 3082 2168 Ὑπτιάζειν
3135 2117 3196 2156 τε
3229 2099 3337 2170 γὰρ
3362 2095 3453 2150 ἀεὶ
3521 2095 3626 2148 καὶ

2037 2200 2308 2272 ίσχιάζειν
2377 2199 2593 2268 ἀνάγκη
2631 2197 2725 2251 τὸν
2751 2196 2954 2267 ταύτην
3008 2192 3286 2264 μετιόντα,
3331 2191 3390 2242 ἓν
3426 2187 3628 2258 κύκλῳ

2027 2315 2089 2352 τε
2120 2297 2214 2350 τὸν
2244 2296 2414 2349 ἵππον
2439 2293 2799 2366 περιελίσσειν
2813 2291 2910 2346 καὶ
2929 2287 3307 2349 πανταποδοῦς
3338 2280 3626 2337 ποιεῖσθαι

2028 2390 2155 2453 τοὺς
2203 2389 2438 2459 δρόμους
2496 2383 2782 2448 τοσούτοις
2809 2400 2870 2436 τε
2913 2379 3190 2452 κινήσεων
3245 2372 3623 2444 ὑπενηνέχθαι

2030 2484 2260 2547 εἴδεσιν,
2322 2481 2470 2542 ὅσοις
2529 2478 2704 2549 δήπου
2735 2476 2833 2529 καὶ
2883 2475 2982 2546 τὴν
3019 2474 3260 2543 σφαῖραν
3293 2466 3621 2537 ξυμϐαίνει.

2041 2577 2105 2629 Ἥ
2161 2577 2258 2642 μὲν
2292 2573 2357 2644 δὴ
2381 2571 2573 2626 παιδιὰ
2625 2567 2804 2622 τοιάδε
2855 2566 2936 2630 τίς
2983 2569 3124 2619 ἐστι.
3153 2563 3244 2634 Τῷ
3289 2562 3344 2614 δὲ
3402 2558 3630 2624 βασιλεῖ

2031 2668 2325 2736 δαιμονίως
2379 2665 2513 2734 περ’(
2553 2661 2763 2730 ταύτην
2814 2657 3170 2730 στρεφομένῳ
3205 2654 3509 2722 πάνσωμον
3541 2651 3630 2713 είς

2032 2761 2134 2826 γῆν
2201 2755 2484 2827 ἐνεχθῆναι
2535 2753 2736 2823 συνέϐη
2782 2752 2878 2805 τὸν
2932 2749 3130 2805 ςῐππον.
3189 2747 3250 2801 ’0
3304 2741 3629 2812 δὲ.νέρθεν

2033 2851 2350 2921 ὑπενεχθεὶς
2403 2849 2614 2918 ἔκαμνε
2670 2847 2770 2918 μὲν
2824 2846 2919 2899 καὶ
2981 2841 3154 2896 πολλά
3203 2839 3460 2903 ἐϐιάζετο
3523 2833 3624 2888 τοῦ

2031 2945 2328 3014 πτώματος
2386 2938 2705 3004 ἀνανεῦσαι,
2732 2939 2833 2992 οὐκ
2887 2937 3026 3007 ἔχων
3053 2934 3096 2988 δ’
3127 2934 3275 2995 ὅπως
3324 2929 3415 2983 τὸν
3445 2931 3629 2982 ἵππον

2032 3039 2360 3109 διωθήσαιτο
2402 3034 2700 3103 δλόσωμον,
2749 3029 2938 3099 ὥσπερ
2985 3027 3142 3096 ἔφην.
3178 3022 3343 3079 αὑτοῦ
3416 3038 3630 3075 κατεν-

357 3124 511 3167 retur
547 3111 786 3179 dolores,
832 3123 888 3166 et
921 3111 1205 3165 confestim
1236 3111 1560 3175 surrexerit,
1592 3111 1776 3167 multis
1801 3127 1925 3166 eum

2035 3133 2352 3205 ηνεγμένον,
2382 3129 2556 3199 μηρόν
2586 3143 2643 3179 τε
2663 3125 2758 3177 καὶ
2772 3125 2928 3194 χεῖρα
2953 3125 3019 3192 τῇ
3055 3122 3120 3174 ὲκ
3150 3118 3252 3189 τῆς
3293 3115 3627 3187 ὲφεστρίδος

351 3208 462 3275 jam
487 3206 991 3272 circumstantibus,
1016 3217 1071 3261 et
1095 3207 1474 3261 conscenderit
1507 3220 1696 3260 rursus
1729 3220 1928 3274 equum

355 3313 658 3368 cursusque
715 3297 924 3367 aliquot
969 3299 1116 3353 citra
1167 3297 1408 3354 laborem
1464 3298 1653 3353 fecerit
1702 3298 1932 3353 :donec

356 3405 651 3461 augescere
704 3391 918 3446 dolores
983 3391 1292 3461 percipiens
1345 3391 1408 3445 ad
1462 3392 1659 3445 lectum
1715 3391 1929 3445 tandem

356 3493 479 3536 sese
510 3481 763 3535 contulit.
796 3482 1060 3550 Deinceps
1094 3497 1222 3537 vero
1268 3482 1339 3537 ita
1383 3483 1556 3537 crevit
1617 3481 1840 3545 malum,
1876 3489 1934 3534 ut

358 3589 425 3629 ex
449 3573 613 3628 animi
638 3573 876 3644 deliquio
900 3574 1034 3629 nihil
1061 3575 1322 3644 postridie
1346 3589 1534 3629 eorum
1556 3588 1673 3643 quae
1696 3574 1931 3640 dixerat,

358 3673 453 3719 aut
497 3665 723 3732 fecerat,
781 3667 1188 3721 reeordaretur.
1242 3663 1298 3726 Id
1357 3666 1576 3739 quidem
1625 3665 1932 3732 huiusmodi

359 3759 486 3814 fuit.
526 3758 689 3830 265
721 3758 890 3815 Biduo
931 3769 1112 3814 autem
1165 3770 1326 3830 post,
1384 3775 1506 3815 cum
1542 3760 1933 3827 convaluisset,

359 3856 654 3924 Apameam
691 3852 1056 3922 proficiscitur
1091 3869 1104 3906 :
1145 3861 1198 3904 at
1229 3867 1294 3906 ex
1330 3851 1547 3918 itinere,
1579 3866 1678 3906 nec
1711 3851 1932 3917 mirum,

359 3957 480 4001 orta
514 3961 802 4002 nervorum
844 3947 1203 4007 distensione.
1261 3957 1444 4000 tumor
1497 3943 1697 4000 iterum
1748 3945 1932 4008 rediit,

360 4039 649 4108 crebrique
698 4054 820 4093 eum
885 4039 1104 4094 dolores
1154 4052 1418 4109 punxere.
1491 4038 1835 4108 Quapropter
1883 4038 1934 4091 in

359 4136 495 4190 urbe
544 4133 793 4206 Selybria
842 4134 1035 4190 diebus
1099 4135 1460 4190 Paschalibus
1511 4135 1827 4197 transactis,
1879 4141 1938 4187 ut

359 4226 554 4282 melius
594 4227 897 4294 se‘habere
932 4226 1128 4289 sensit,
1167 4225 1580 4297 Philippopolim
1615 4227 1934 4280 contendit:

359 4319 452 4374 ubi
479 4336 600 4374 cum
646 4320 965 4375 Pannonum
1016 4321 1208 4390 legatis
1253 4335 1602 4390 congressus,
1639 4334 1762 4374 cum
1805 4320 1937 4374 nihil

360 4427 456 4466 eos
481 4415 599 4467 sani
633 4412 828 4467 alierre
853 4414 1216 4482 cognovisset,
1254 4415 1348 4466 sed
1375 4412 1502 4468 belli
1538 4420 1751 4468 tantum
1780 4411 1939 4468 indu-

2036 3223 2293 3294 ἐπιλήψει
2324 3221 2538 3289 διετέθη
2566 3218 2774 3280 κακῶς.
2807 3216 2964 3269 Οὕτω
2999 3214 3185 3285 μέντοι
3225 3207 3631 3282 μεγαλοψύχως

2035 3320 2288 3391 ἤνεγκεν,
2317 3314 2393 3378 ὡς
2426 3313 2606 3366 καίτοι
2639 3309 2982 3378 καιριώτατα
3023 3303 3318 3368 πεπονθὼς
3352 3304 3630 3372 ,ἀναστῆ-

2037 3411 2124 3463 ντί
2158 3421 2214 3460 τε
2242 3406 2480 3475 ταχέως,
2539 3401 2753 3456 πολλῶν
2812 3399 2916 3471 ήδη
2983 3396 3360 3466 περιστάντων
3430 3394 3628 3456 αὒτὶν,

2037 3503 2130 3555 καὶ
2156 3501 2248 3555 τὸν
2302 3499 2473 3554 ἵππον
2530 3491 2688 3557 αὖθις
2739 3493 3026 3564 ἀναθορεῖν
3061 3489 3311 3551 διαύλους
3343 3486 3406 3541 τέ
3468 3500 3629 3549 τινας

2040 3591 2205 3663 σχολῇ
2246 3587 2516 3644 ποιεῖσθαι
2560 3587 2643 3656 ἐφ’
2681 3585 2885 3646 ἱκανὸν,
2930 3583 3036 3646 ἕως
3081 3583 3184 3653 ήδη
3242 3577 3632 3649 σφοδροτέρων

2038 3685 2360 3753 αἰσθόμενος
2414 3681 2524 3733 τῶν
2589 3677 2793 3732 ὀδυνῶν
2848 3676 2942 3729 ἐπὶ
2989 3673 3089 3746 τὴν
3129 3672 3318 3742 κλίνην
3361 3666 3520 3741 ἦλθε.
3556 3669 3632 3722 Τὸ

2039 3778 2081 3830 δ’
2108 3773 2357 3828 ἐντεῦθεν
2383 3770 2526 3826 οὕτω
2569 3770 2634 3840 δὴ
2665 3767 2759 3822 τοῦ
2788 3766 2993 3829 πάθους
3023 3766 3252 3836 ἥττητο,
3290 3761 3366 3824 ὡς
3401 3764 3468 3814 ὲκ
3528 3761 3632 3829 τῆς

2041 3862 2431 3935 περιχυθείσης
2467 3859 2774 3928 αὐτὸνςτότε
2808 3857 3045 3928 ἀθυμίας
3095 3859 3162 3925 τῇ
3208 3853 3480 3924 ὑστεραίᾳ
3517 3870 3635 3923 μη-

2038 3954 2230 4024 δεμῖαν
2317 3953 2424 4006 τῶν
2495 3952 2615 4003 τότε
2663 3947 3053 4020 λελαλημένων
3107 3946 3138 4017 ἢ
3208 3945 3628 4016 πεπραγμένων

2045 4048 2264 4115 μνήμην
2296 4044 2466 4112 [σχειν
2499 4043 2640 4096 τινά.
2681 4040 2854 4094 Τοῦτο
2874 4039 2972 4110 μὲν
3001 4038 3066 4109 δή
3097 4037 3343 4092 τοιοῦτον
3377 4038 3626 4104 ἐγένετο,

2039 4141 2067 4192 ὁ
2093 4139 2147 4190 δὲ
2182 4136 2327 4189 δυεῖν
2355 4135 2581 4206 ὕστερον
2618 4133 2857 4204 ἡμέραιν
2880 4133 3029 4205 ῥᾴων
3071 4128 3314 4200 γεγονὼς
3345 4130 3632 4183 ὲπὶᾌπά·

2044 4246 2204 4300 μειαν
2265 4228 2517 4298 ἐφέρετο.
2573 4221 2676 4280 Οἴα
2725 4225 2784 4280 δι
2832 4223 2980 4288 είκδς
3040 4223 3352 4285 συντάσεως
3397 4223 3466 4276 ἐκ
3527 4219 3632 4291 τῆς

2041 4323 2352 4390 ὁδοιπορίας
2375 4318 2751 4390 γεγενημένης
2779 4317 2923 4381 τινὸς
2959 4317 3126 4386 δγκος
3146 4314 3298 4379 αὖθις
3325 4313 3499 4385 ἀνέϐη
3530 4316 3631 4368 καὶ

2043 4416 2230 4468 ὀδύναι
2259 4412 2450 4466 τοῦτον
2502 4413 2759 4465 ὲκέντουν
2801 4411 3016 4482 συχναί.
3053 4411 3163 4464 Καὶ
3192 4410 3260 4481 δή
3281 4407 3430 4478 ἀμφὶ
3470 4408 3628 4462 πόλει

364 4503 478 4557 cias
502 4505 844 4558 emni‘modo
880 4503 1196 4568 sollicitare,
1232 4504 1398 4558 rebus
1434 4501 1653 4558 infectis
1683 4503 1928 4558 dimisit:

2041 4506 2319 4577 Σηλυϐρίᾳ
2368 4505 2469 4566 τὰς
2517 4478 2904 4574 πασχαλίουςῃ
2934 4478 3264 4572 διαγαγὼν,
3327 4503 3628 4572 ἐπειδήπερ

364 4596 543 4664 iisque
586 4596 833 4664 adiunxit
865 4596 1170 4651 Romanum
1205 4595 1493 4666 quemdam
1521 4633 1538 4659 ,
1580 4596 1669 4664 qui
1707 4603 1759 4649 et
1797 4593 1941 4648 Cha-

364 4686 564 4754 luphen
627 4695 924 4756 repeteret,
962 4698 1016 4741 et
1068 4687 1173 4742 nisi
1207 4702 1329 4740 mox
1360 4686 1622 4754 imperata
1673 4683 1940 4750 facerent,

361 4777 754 4847 imperatorem
814 4794 1027 4833 rursum
1084 4777 1562 4845 Romanorumque
1633 4777 1940 4830 exercitum

364 4883 570 4941 prmsto
604 4869 719 4926 fore
749 4872 1071 4926 minaretur.
1121 4870 1238 4940 ipse
1277 4883 1459 4924 autem
1493 4867 1775 4923 Sardicam
1811 4884 1941 4939 pro-

367 4979 612 5031 gressus,
646 4964 831 5033 c0pias
875 4966 1148 5020 contrahit
1182 4978 1198 5018 :
1253 4964 1342 5017 ubi
1387 4963 1513 5016 dum
1553 4971 1792 5015 moratur
1829 4963 1942 5015 haec

369 5058 641 5112 accidere.

2038 4599 2236 4671 1ᾔσθετο
2259 4600 2315 4651 ὲν
2350 4596 2595 4650 καλλίονι
2640 4595 2902 4664 γεγονὼς,
2932 4595 3027 4648 ἐπὶ
3069 4594 3169 4665 τὴν
3193 4591 3469 4647 Φιλίππου
3497 4595 3626 4660 {cpt-

2044 4708 2188 4761 ρετο.
2222 4691 2397 4744 Ἔνθα
2436 4689 2502 4761 δὴ
2571 4688 2839 4758 πρέσϐεσι
2895 4688 3246 4758 χρηματίσας
3277 4688 3342 4740 ὲκ
3379 4687 3628 4740 Παιόνων

2041 4783 2423 4852 ἀφικομένοις,
2443 4779 2627 4850 ἐπειδή
2658 4780 2826 4852 μηδὲν
2878 4781 3031 4849 ὑγιὲς
3089 4779 3290 4842 alneis;
3340 4778 3627 4845 ἀπαγγέλ-

2043 4877 2156 4928 λειν
2175 4876 2338 4945 ἔγνω,
2381 4875 2693 4945 ἐκεχειρίαν
2724 4874 2782 4926 δὲ
2818 4872 2980 4943 μᾶνον
3022 4873 3118 4926 καὶ
3151 4871 3354 4942 ἁνοχήν
3385 4888 3506 4923 τινα
3528 4867 3623 4920 τοῦ

2053 4969 2292 5039 πολέμου
2325 4971 2390 5024 ὲκ
2425 4970 2627 5032 παντὸς
2677 4968 2880 5036 τρόπου
2942 4966 3247 5036 πειρῶντας
3275 4964 3487 5029 λαϐεῖν,
3521 4962 3621 5015 αὖ·

2054 5059 2180 5120 τοὺς
2209 5058 2339 5126 εμὲν
2402 5058 2720 5125 ἀπράκτους
2781 5055 3174 5125 ἀπεπέμψατο,
3229 5053 3625 5122 συνεκπέμψας

371 5152 556 5218 αὐτοῖς
583 5154 676 5208 καὶ
720 5154 1008 5225 Ῥωμαίων
1067 5152 1212 5216 τινὰ,
1238 5153 1321 5220 ἐφ’
1352 5146 1396 5220 ᾧ
1463 5151 1554 5204 τόν
1592 5169 1648 5204 τε
1715 5152 2006 5221 Χαλούφην
2045 5155 2333 5224 αἰτήσαιτο
2388 5154 2502 5220 καὶ,
2530 5155 2605 5220 εῐὶ
2638 5152 2713 5224 μὴ
2777 5155 2885 5216 τοῖς
2942 5150 3282 5221 δεδογμένοις
3340 5151 3628 5220 ἀγαπῷεν,

372 5246 573 5299 αὐτίκα
607 5246 704 5301 καὶ
753 5247 916 5302 πάλιν
971 5245 1266 5317 ἀπειλῆσαι
1328 5246 1564 5317 βασιλέα
1625 5248 1719 5300 καὶ
1781 5247 1874 5300 τὶν
1945 5247 2230 5318 Ῥωμαίων
2295 5248 2529 5320 στρατὸν
2588 5247 2837 5316 ὄψεσθαι.
2881 5247 2936 5300 '0
2967 5247 3026 5300 δὲ
3071 5248 3164 5300 ἐπὶ
3207 5244 3485 5316 Σαρδικῆς
3535 5260 3628 5314 γε·

373 5337 546 5408 γονὼς
578 5340 811 5394 ἐνταῦθα
833 5343 932 5405 τὰς
954 5342 1214 5410 δυνάμεις
1234 5341 1517 5414 ἤθροισεν.

444 5434 498 5486 6.
541 5433 767 5488 Alexius
797 5432 888 5503 qui
914 5432 1332 5504 protostratoris
1363 5438 1493 5485 tunc
1520 5431 1782 5501 dignitate
1817 5430 1939 5483 fun-

373 5523 620 5594 gebatur,
655 5525 733 5580 uti
761 5526 956 5596 saepius
984 5540 1016 5580 a
1051 5539 1136 5581 me
1170 5533 1453 5580 narratum
1487 5533 1594 5589 est,
1619 5525 1936 5594 jamdudum

2122 5438 2194 5496 ς’.
2251 5432 2421 5485 Ἔνθα
2486 5431 2770 5500 διατριϐὴν
2824 5428 3152 5498 ποιουμένου
3233 5427 3504 5481 συνέπεσέ
3565 5446 3598 5482 τ

2049 5523 2310 5577 τοιοῦτον.
2329 5523 2566 5590 ’Δλέξιος
2593 5522 2706 5595 (51)
2733 5523 2792 5586 ὃς
2820 5523 2922 5594 τὴν
2958 5521 3446 5594 πρωτοστράτορος
3481 5521 3624 5586 τότε,

1713 5657 1814 5716 Du
1847 5652 2072 5733 Cangii
2107 5660 2293 5713 notas.

448 5785 558 5856 ισι)
589 5783 876 5854 Ἀλέξιος.
910 5783 1150 5840 Αιοιὶυιη
1181 5783 1462 5838 Λιοςίιιιω
1512 5787 1958 5854 protostratorcm
1999 5780 2308 5833 invidorum
2347 5777 2640 5834 calumniis
2691 5791 3010 5847 oppressum
3059 5775 3251 5832 scribit
3290 5771 3534 5838 Nicetas,
3575 5773 3610 5828 ι.
