3932 6190
567 347 676 415 635

565 467 827 534 prmclare
855 477 1058 536 gestas,
1097 483 1342 538 quasque
1382 468 1515 520 adeo
1555 470 1888 535 Oper-tuisset
1919 469 2134 523 silentio
2167 479 2205 525 A

563 561 756 628 premi,
795 561 989 615 stolide
1036 561 1101 614 iis
1154 562 1205 614 itt
1262 563 1469 615 aedibus
1524 570 1748 615 ειμι-ειη
1800 579 1862 615 ac
1917 563 2131 631 dcpicta

561 655 800 706 omnium
839 654 1022 708 oculis
1074 657 1398 724 exponebat.
1449 655 1503 708 l.l
1552 655 1640 710 ubi
1690 656 1912 709 rescivit
1957 656 2130 723 impev

565 757 731 808 r«lut',
769 749 819 799 in
853 757 1059 799 secreta
1091 762 1212 800 cuiu
1247 748 1509 813 colloquia
1556 758 1893 816 assumptum
1935 749 2134 816 smpius

562 856 589 891 a
617 839 860 904 lmnnuit,
906 839 978 893 uti
1023 841 1089 893 ab
1147 840 1361 908 incepto
1405 841 1711 896 desisteret.
1768 844 1832 893 At
1891 840 1981 896 ille
2027 858 2130 895 nou

567 934 728 986 nimio
758 925 1083 987 obstinatius
1110 933 1383 1002 prioribus
1414 935 1609 988 institit
1639 935 1900 998 consiliis,
1957 940 2049 989 sed
2079 946 2136 990 et

565 1027 737 1078 virum
772 1035 930 1094 gente
959 1025 1233 1091 Latinum,
1268 1027 1742 1095 przestigiatorem,
1779 1028 1940 1096 inque
1965 1029 2138 1098 magi-

562 1121 643 1171 cis
682 1118 889 1169 artibus
920 1117 1054 1170 mire
1105 1126 1400 1183 versatum,
1447 1118 1641 1172 crebro
1689 1123 1751 1172 ad
1805 1135 1864 1174 se
1918 1136 2137 1187 vorans,

562 1225 685 1262 cum
719 1224 781 1262 eo
823 1209 1166 1262 familiariter
1203 1223 1554 1264 com'crsatns
1581 1222 1683 1273 est,
1719 1222 1771 1264 et
1802 1213 1868 1265 de
1912 1217 2138 1268 secretis

564 1303 682 1353 suis
731 1300 974 1355 consiliis
1029 1302 1454 1355 communicavit.
1501 1318 1781 1372 :quorum
1837 1305 1968 1357 illud
2021 1315 2140 1359 erat

562 1392 912 1460 praecipuum,
973 1403 1029 1446 ut
1098 1394 1393 1462 imperator
1457 1397 1507 1449 in
1562 1407 1876 1466 perpetuum
1949 1397 2138 1451 liberis

567 1501 802 1552 careret,
839 1499 1002 1557 atque
1053 1491 1104 1542 iu
1143 1505 1264 1542 eum
1329 1489 1488 1544 linem
1541 1491 1703 1544 multa
1753 1491 1821 1545 ab
1874 1493 2138 1546 scelerato

566 1580 785 1632 homine
816 1581 1027 1648 accepit
1051 1581 1217 1651 268
1242 1580 1561 1649 pharmaca,
1583 1598 1756 1652 neque
1792 1585 1943 1640 hisce
1979 1588 2137 1640 rebus

559 1685 781 1741 operam
817 1673 946 1727 dare
979 1673 1189 1727 destitit
1242 1677 1409 1728 miser
1448 1693 1462 1728 :
1513 1687 1734 1745 propter
1782 1693 1903 1746 qua:
1959 1681 2138 1732 incre-

563 1765 709 1830 pavit
742 1765 890 1817 illum
918 1766 1094 1820 denuo
1126 1767 1444 1836 imperator,
1481 1779 1530 1823 et
1576 1770 1864 1823 amentiam
1899 1771 2015 1838 ejus
2048 1787 2136 1825 rc-

1853 354 2174 415 JOANNIS
2212 353 2548 416 CINNAMI

2238 473 2346 540 γάρ
2379 473 2502 524 ὅθεν
2534 474 2633 542 τὴν
2674 471 2904 540 ἐκϐολὴν
2938 471 3030 524 τοῦ
3079 471 3240 539 λόγου
3276 471 3634 540 ἐποιησάμην)
3677 475 3776 527 τού-

2244 579 2350 613 των
2380 564 2653 632 ἀφέμενος
2679 564 2777 625 τὰς
2827 563 2920 615 τοῦ
2971 563 3203 616 σουλτὶν
3255 563 3551 632 ἀνεστήλου
3578 582 3780 635 στρατη-

2242 658 2386 723 γίας,
2422 660 2612 729 νήπιος
2643 657 2786 730 άπερ
2807 661 2864 713 ὲν
2889 659 3067 729 σκότῳ
3098 657 3392 727 φυλάσσειν
3445 660 3606 728 ἐχρῆν
3634 661 3779 714 ταῦτα

2242 750 2335 799 ἐπὶ
2369 749 2635 817 δωμάτων
2680 751 2838 809 αὐτὸς
2869 749 3213 819 δημοσιεύων
3247 751 3388 804 κατά
3448 751 3544 821 τὴν
3573 755 3780 822 γραφήν.

2244 832 2345 892 Ὧν
2380 841 2703 908 αἰσθόμενος
2760 844 3014 913 βασιλεὺς
3055 845 3111 896 ἐν
3170 843 3503 907 ἰδιαζούσαις
3562 846 3784 909 πολλάκις

2244 934 2693 1003 παραλαμϐάνων
2723 936 2884 988 αὑτὸν
2932 937 3237 1007 διατριϐαῖς
3265 940 3616 1006 παραινέσεις
3647 957 3786 1005 προσ-

2243 1023 2399 1093 ῆγεν,
2464 1025 2612 1089 ὅπως
2675 1027 2740 1080 ἂν
2792 1028 2985 1099 ἀπάγῃ
3030 1028 3142 1080 τῶν
3203 1027 3598 1097 μελετωμένων
3650 1030 3786 1082 αὐτὸν

2244 1115 2717 1186 προθυμούμενος.
2765 1120 2823 1172 '0
2852 1120 2908 1172 δὲ
2939 1119 3033 1172 τοῦ
3084 1120 3290 1173 σκοποῦ
3325 1122 3422 1173 καὶ
3455 1122 3615 1173 πάλιν
3645 1111 3787 1191 ἀπρξ

2242 1210 2438 1278 εἴχετο,
2477 1215 2570 1262 καὶ
2605 1211 2668 1282 δὴ
2709 1213 2878 1284 ἄνδρα
2926 1216 3160 1267 Λατῖνον
3204 1215 3304 1283 μὲν
3348 1215 3507 1280 γένος
3553 1216 3708 1282 γόητα
3741 1216 3784 1267 δὲ

2244 1301 2338 1352 καὶ
2367 1299 2535 1352 πολὺν
2581 1302 2651 1353 τὰ
2711 1303 2968 1372 δαιμόνια
3002 1305 3311 1375 πράγματα
3343 1306 3494 1374 θαμά
3531 1305 3788 1370 συγκαλῶν

2244 1388 2320 1450 ὡς
2387 1390 2580 1443 ἑαυτὸν
2636 1392 2949 1459 διωμιλεῖτό
3018 1410 3076 1444 τε
3119 1392 3270 1462 αὐτῷ
3326 1392 3673 1460 γνησιώτατα
3716 1393 3789 1443 καὶ

2243 1478 2576 1549 ἀπορρήτων
2618 1482 2897 1534 ἐκοινώνει
2930 1481 3290 1552 σκεμμάτων.
3342 1484 3423 1536 Τά
3450 1482 3506 1536 δὲ
3555 1479 3620 1552 ἦν
3666 1485 3790 1543 ὅπως

2245 1569 2311 1622 ἂν
2343 1570 2602 1639 βασιλεὺς
2656 1574 2920 1627 ἀπαιδίαν
2966 1578 3022 1636 ἐς
3064 1576 3152 1627 ἀεὶ
3192 1575 3521 1646 δυστυχοίη·
3557 1574 3794 1644 φάρμακά

2240 1682 2298 1717 τε
2363 1665 2500 1734 πρὸς
2565 1665 2661 1718 τοῦ
2723 1669 3125 1736 κακοδαίμονος
3183 1669 3275 1721 ἐπὶ
3330 1672 3450 1731 τοῖς
3509 1667 3793 1739 εἰρημένοις

2244 1759 2521 1830 ἐλάμϐανε
2553 1759 2725 1813 πολλὰ
2756 1761 2852 1814 καὶ
2904 1763 3005 1816 ούκ
3036 1764 3204 1833 ἔληγε
3237 1764 3304 1816 τά
3334 1763 3566 1815 τοιαῦτα
3600 1765 3792 1831 ἐνεργοι

562 1857 796 1924 darguit.
846 1855 1038 1910 Verum
1073 1875 1192 1912 cum
1236 1861 1410 1928 primo
1452 1865 1720 1930 pmultere
1779 1863 1924 1916 visus
1970 1873 2134 1927 esset,

2244 1851 2421 1906 λαὸὦν
2469 1854 2498 1904 6
2540 1854 2907 1924 ταλαίπωρος.
2949 1855 3028 1908 Δι’
3065 1855 3102 1910 ά
3149 1857 3243 1909 καὶ⁸
3288 1856 3452 1912 πάλιν
3483 1855 3714 1919 ὠνείδιζε
3747 1872 3793 1907 τε

565 1965 784 2012 rursum
841 1962 1021 2004 tamen
1066 1953 1129 2004 ad
1181 1953 1416 2020 priorem
1471 1965 1705 2007 lnt‘ltlelll
1757 1956 1932 2008 rediit.
1964 1953 2138 2008 Parvo

562 2043 707 2096 enim
753 2043 1046 2111 interlapso
1078 2053 1355 2112 temj-ore,
1405 2061 1618 2116 magum
1672 2047 1832 2100 istum
1885 2049 2139 2103 convenit

552 2138 782 2201 iterum,
816 2147 869 2192 et
915 2138 982 2192 de
1027 2139 1219 2194 iisdem
1277 2140 1438 2194 rebus
1479 2141 1776 2195 consuluit.
1831 2141 2138 2209 Aliquando

565 2244 696 2284 vero
726 2246 849 2284 cum
885 2232 1247 2287 Constantino
1273 2232 1416 2287 Duca
1451 2247 1793 2303 congressus,
1825 2235 1918 2303 qui
1947 2244 1999 2288 et
2026 2236 2140 2304 ipse.

563 2320 909 2387 imperatoris
965 2339 1029 2377 ex
1081 2338 1269 2379 sorore
1325 2325 1525 2393 neptim
1583 2341 1805 2380 uxorem
1860 2327 2136 2384 duxerat:

567 2431 585 2463 ι
632 2413 722 2466 Vir
767 2414 1005 2482 optime,
1058 2417 1272 2486 inquit,
1326 2418 1369 2471 si
1419 2418 1514 2472 tibi
1555 2430 1639 2472 est
1692 2421 1908 2474 animus
1948 2423 2134 2477 eadem

564 2507 843 2561 nobiscum
869 2511 1095 2574 sentire,
1122 2510 1392 2564 neminem
1417 2527 1513 2566 nos
1531 2522 1909 2581 superaturum
1929 2517 2083 2570 scito.
2115 2535 2132 2568 ι

567 2597 674 2651 Sed
709 2601 854 2654 istud
890 2603 1105 2668 quidem
1152 2605 1377 2658 necdqu
1417 2605 1718 2674 propalam,
1751 2607 1980 2661 alterum
2008 2625 2138 2664 vero

562 2690 721 2762 longe
756 2695 1098 2750 manifestius
1129 2698 1329 2751 dictum
1365 2699 1437 2750 illi
1468 2709 1568 2752 est.
1600 2698 1845 2753 Alexium
1873 2701 2136 2756 Casiauus

563 2799 685 2837 cum
715 2797 909 2851 pra-ter
933 2789 1188 2841 decorum
1219 2791 1457 2858 segniter
1481 2793 1819 2860 remissoque
1848 2793 2133 2848 admodum

566 2875 710 2932 bello
741 2879 1144 2935 incumbentem
1175 2883 1487 2953 Ilungarico
1512 2887 1838 2949 adverteret,
1865 2903 1970 2956 quo
2007 2898 2139 2941 tem-

565 2983 700 3036 pore
735 2986 855 3025 cum
886 2970 1009 3026 Be'a
1049 2972 1099 3026 in
1134 2973 1406 3042 llttngaria
1437 2975 1726 3040 militabat,
1759 2976 1910 3030 illum
1942 2994 2136 3032 conve-

566 3061 719 3116 niens
751 3063 1225 3121 adhortationibus
1259 3068 1490 3122 incitare
1537 3070 1602 3122 ad
1647 3068 1696 3123 id
1730 3071 1971 3124 animum
2021 3073 2137 3141 ejus

563 3154 752 3209 Voluit.
802 3158 870 3211 At
924 3157 969 3212 is
1023 3159 1075 3211 in
1131 3171 1402 3214 secretum
1459 3162 1737 3217 hominem
1796 3164 2071 3219 abduceus
2119 3185 2206 3242 ιε

569 3269 587 3298 ι
631 3248 859 3312 Quzeris,
885 3251 979 3312 ait,
1024 3253 1373 3319 quamobrem
1416 3269 1442 3306 a
1499 3255 1695 3323 praeliis
1742 3264 1801 3308 ut
1843 3257 2134 3326 plurimum

547 3339 908 3395 abstineam?
937 3344 1060 3412 quia
1089 3360 1171 3396 me
1196 3346 1410 3413 generis
1439 3345 1694 3401 nimirum
1727 3349 1949 3402 humani
1987 3364 2140 3403 eum-

566 3434 799 3486 maxime
855 3435 1096 3488 miseret.
1151 3456 1168 3487 ι
1212 3438 1395 3490 Altero
1427 3439 1622 3492 deinde
1674 3441 1858 3494 nescio
1905 3442 2030 3508 quid
2069 3443 2136 3496 ad

571 3522 713 3577 lumc
773 3541 1078 3580 sermonem
1137 3542 1468 3597 reponente,
1529 3533 1641 3586 hcce
1699 3532 1931 3600 subjecit
1983 3535 2068 3590 ille
2119 3553 2134 3591 :

569 3633 589 3665 ι
619 3614 879 3680 Queniam
910 3620 1090 3695 delere
1119 3621 1393 3676 Rornztnos
1418 3625 1602 3678 volens
1629 3641 1905 3695 princeps,
1933 3628 2136 3692 impru-

565 3705 777 3771 denter,
810 3693 1074 3778 quidquid
1105 3712 1226 3765 inde
1270 3715 1500 3780 accidat,
1546 3731 1640 3769 eos
1692 3732 1775 3770 me
1821 3720 1870 3770 iu
1905 3720 2138 3773 atrocis-

563 3799 698 3852 sima
751 3800 985 3856 educere
1033 3804 1212 3873 praelia
1264 3805 1513 3874 imperat.
1570 3807 1646 3861 Tu
1700 3825 1865 3877 vero,
1927 3811 1974 3866 si
2023 3813 2137 3867 hcce

564 3894 824 3956 tacueris,
847 3897 1056 3952 amicus
1081 3900 1237 3953 nobis
1264 3899 1394 3952 eris.
1431 3919 1448 3950 ›
1483 3901 1554 3954 Ita
1583 3903 1799 3970 quidem
1830 3903 1875 3956 is
1901 3905 2136 3962 locutus.

565 3985 670 4038 Sed
705 3986 966 4042 Casiauus
1000 3989 1197 4054 ,omnia
1233 3992 1345 4046 lucc
1388 3993 1706 4060 imperatori
1744 3995 1950 4051 retulit.
1983 3998 2049 4051 Et
2086 3999 2136 4053 id

562 4079 778 4145 quidem
811 4081 1078 4149 primum;
1114 4084 1256 4138 istud
1287 4101 1413 4138 vero
1440 4089 1578 4155 quod
1608 4089 1904 4143 novissime
1934 4089 2136 4145 factum

561 4181 666 4236 est,
698 4174 963 4242 ejusmodi
1003 4175 1121 4230 fuit.
1157 4176 1381 4232 Plurimi
1431 4195 1460 4234 e
1498 4179 1738 4251 Scythis,
1790 4183 1878 4250 qui
1934 4184 2138 4238 auxilio

565 4263 822 4319 Romanis
874 4279 1173 4334 venerant,
1219 4285 1342 4325 cum
1381 4273 1555 4340 primo
1607 4275 1673 4327 de
1727 4275 2012 4343 stipendiis
2075 4293 2138 4333 ac

559 4362 910 4429 praestatione
965 4364 1186 4418 multum
1252 4367 1401 4435 prius
1455 4368 1620 4438 269
1676 4371 2134 4439 contendissent,

563 4451 780 4506 tandem
850 4454 1193 4522 acquievere.
1239 4460 1305 4512 At
1355 4469 1717 4526 protostrator
1770 4461 1869 4516 hos
1924 4463 2135 4516 occulte

2243 1945 2405 1996 αὑτὸν
2441 1944 2697 2014 βασιλεὺς
2739 1947 2833 1999 καὶ
2864 1949 2962 2019 τὴν
3012 1949 3322 2018 παράνοιαν
3356 1949 3615 2019 ήλεγχεν.
3665 1949 3716 2001 Ὀ
3748 1947 3796 2000 δὲ

2244 2039 2556 2108 μετάμελος
2609 2038 2898 2108 γεγονέναι
2943 2041 3102 2106 δόξας
3147 2042 3176 2094 6
3226 2041 3390 2105 αὐτὸς
3417 2044 3512 2096 καὶ
3545 2042 3698 2094 πάλιν
3722 2037 3792 2110 ἦν.

2253 2131 2468 2199 Ὀλίγον
2497 2132 2608 2203 γὰρ
2646 2131 2915 2186 διαλιπὼν
2943 2134 3138 2204 χρόνον
3172 2135 3637 2204 προσελάμϐανεν
3665 2135 3793 2196 αὖθις

2240 2224 2332 2279 τὸν
2376 2225 2711 2295 δαιμονιὼδη
2762 2227 2970 2280 ἐκεῖνον
3001 2229 3095 2282 καὶ
3126 2227 3256 2296 περὶ
3301 2227 3410 2280 τῶν
3461 2228 3644 2280 αὐτῶν
3673 2231 3796 2279 ἐκοι-

2240 2317 2421 2374 νώνει.
2460 2319 2859 2389 Κωνσταντίνῳ
2889 2319 3092 2390 δήποτε
3128 2320 3206 2392 τῷ
3239 2319 3422 2391 Δούκᾳ
3450 2317 3794 2388 συγγεγονὼς.

2240 2411 2298 2474 ὃς
2329 2413 2422 2464 καὶ
2455 2411 2616 2475 αὐτὸς
2654 2411 2920 2480 βασιλέως
2958 2412 3168 2482 ἔγημεν
3201 2412 3528 2483 ἀδελφιδῆν,
3565 2434 3583 2464 ι
3607 2409 3798 2480 1252').-

2240 2520 2414 2571 τιστε,
2468 2504 2595 2574 ἔφη,
2647 2505 2701 2556 εἴ
2747 2520 2834 2558 σοι
2886 2504 3147 2575 βουλητὸν
3197 2504 3351 2558 ἔσται
3389 2505 3621 2574 γνώμης
3674 2504 3797 2571 ἡμᾶς

2240 2599 2593 2665 κοινωνήσειν
2625 2599 2772 2668 μιᾶς,
2799 2598 2899 2652 οὐκ
2930 2595 2994 2652 ἄν
3016 2615 3100 2660 τις
3143 2596 3317 2670 (ἔφη),
3344 2599 3494 2663 ἴσθι,
3533 2599 3796 2668 περιγενέο

2242 2689 2366 2742 σθαι
2419 2687 2576 2759 ἡμῶν
2606 2691 2785 2758 σχοίη.
2822 2709 2842 2743 ι
2877 2688 3038 2743 Ἀλλὰ
3085 2690 3245 2744 τοῦτο
3306 2690 3405 2759 μὲν
3436 2691 3594 2744 οὔπω
3622 2692 3796 2758 σφόδρα

2243 2782 2556 2848 καταψανὲς
2586 2782 2829 2852 εἴρηται,
2885 2783 3075 2854 ἕτερον
3109 2783 3164 2837 δὲ
3199 2784 3382 2854 πολλῷ
3433 2785 3627 2837 τούτου
3657 2787 3796 2852 ἐναρ-

2240 2875 2526 2945 γέστερον.
2568 2875 2810 2943 Ἀλέξιὸν
2860 2895 2993 2930 ποτε
3040 2878 3068 2931 6
3120 2879 3421 2944 Κασιανδς,
3464 2879 3653 2949 ἐπειδὴ
3676 2878 3796 2944 πέρι

2240 2968 2334 3022 τοῦ
2363 2970 2739 3040 προσήκοντος
2779 2969 3160 3025 ἀναπίπτοντα
3200 2971 3393 3025 τοῦτον
3442 2973 3501 3032 ἐς
3549 2971 3640 3024 τὸν
3677 2970 3797 3021 κατὰ

2241 3061 2460 3115 Οὖννων
2489 3061 2726 3132 πόλεμον
2761 3061 2909 3134 ἐώρα
2961 3063 3198 3134 ὁπηνίκα
3255 3064 3349 3128 ξὺν
3407 3065 3486 3135 τῷ
3540 3065 3675 3132 Belgi
3721 3059 3794 3113 ἐπὶ

2241 3155 2509 3225 Ούννικῆς
2537 3158 2856 3228 ἐστράτευε,
2887 3157 3207 3227 προσελθὼν
3236 3176 3466 3228 παρορςλ
3481 3161 3539 3224 ξν
3577 3159 3728 3212 αὑτὸν
3751 3158 3796 3217 ἐς

2239 3247 2397 3301 τοῦτο
2429 3250 2724 3319 ἐπεχείρει.
2765 3251 2822 3302 '0
2859 3249 2912 3303 δὲ
2950 3240 3294 3320 παραλαϐὼν
3325 3251 3435 3322 ἰδία
3486 3251 3575 3302 τὶν
3617 3250 3796 3319 ἂνθρω-

2243 3360 2365 3408 πον,
2411 3363 2429 3395 ι
2475 3343 2751 3415 Πυνθάνῃ,
2773 3343 2900 3414 ἔφη,
2952 3339 3012 3398 οὗ
3046 3344 3208 3397 ἕνεκα
3241 3344 3499 3414 πολέμων
3534 3343 3684 3405 αὐτὸς
3713 3345 3798 3394 ἁτ-

2244 3437 2444 3507 έχομαι
2473 3439 2542 3491 τά
2575 3437 2775 3504 πολλάς
2811 3441 2894 3492 ὅτι
2925 3437 3092 3506 φειδὼ
3122 3439 3215 3492 τοῦ
3245 3439 3594 3507 ἀνθρωπείου
3624 3439 3794 3504 πολλὴν

2245 3537 2379 3596 ἴσχω
2419 3530 2610 3596 γένους
2636 3530 2766 3598 παρ’
2796 3529 3044 3599 ἐμαυτῷ.
3085 3551 3102 3581 ι
3135 3528 3240 3582 Τοῦ
3271 3531 3325 3582 δὲ
3352 3531 3448 3583 καί
3476 3549 3526 3582 τι
3570 3531 3697 3599 πρὸς
3719 3530 3792 3580 τὶν

2243 3610 2463 3690 [Pl-57]
2497 3619 2657 3686 λόγον
2711 3619 2901 3672 τοῦτον
2967 3620 3384 3686 ἐπενεγκόντος,
3445 3623 3545 3692 ἔφη
3609 3623 3793 3680 ἐκεῖνος

2251 3711 2428 3766 ("Ott
2486 3711 2741 3782 βασιλεὺς
2811 3714 3073 3783 ἐκτρίψαι
3143 3713 3313 3767 θέλων
3381 3715 3443 3768 τὸ
3513 3714 3793 3784 Ῥωμαϊκὸν

2242 3806 2600 3875 ἀπροοράτως
2632 3807 2770 3876 ὅπερ
2793 3805 2858 3858 ἂν
2896 3806 3031 3878 τύχῃ
3069 3808 3158 3859 ἐπὶ
3192 3808 3374 3876 μάχας
3412 3808 3544 3861 αὐτὸ
3575 3807 3793 3860 εἰσωθεῐι

2244 3898 2468 3951 ἐκέλευέ
2507 3916 2596 3968 μοι
2634 3898 2896 3968 ἰσχυρῶς.
2937 3901 3008 3953 Σὺ
3045 3901 3122 3964 δὲ,
3156 3902 3206 3955 εἰ
3240 3918 3332 3970 μοι
3377 3902 3469 3954 τὸν
3501 3901 3656 3968 λόγον
3684 3898 3791 3951 toﬁ.

2241 4005 2333 4041 τον
2365 3989 2646 4061 τηρήσῃς.
2674 3988 2828 4056 φίλος
2855 3990 2986 4059 ἡμῖν
3019 3989 3138 4061 ἔσῃ.
3172 4010 3190 4042 ι
3245 3990 3302 4046 Ὀ
3352 3993 3450 4060 μέν
3478 3992 3705 4045 τοσαῦτα
3728 3985 3793 4042 εἷ⁴

2244 4095 2366 4143 πεν,
2398 4080 2426 4130 6
2460 4078 2517 4130 δὲ
2555 4080 2833 4141 Κασιανδς
2874 4078 3090 4149 βασιλεῖ
3119 4081 3292 4135 ταῦτα
3321 4082 3610 4152 ἐμήνυσεν.
3651 4081 3792 4134 Ἀλλὰ

2240 4171 2417 4224 ταῦτα
2477 4173 2574 4242 μὲν
2627 4172 2932 4242 πρότερον·
2988 4173 3016 4225 ὃ
3067 4174 3126 4228 δὲ
3177 4173 3491 4229 τελευταῖον
3539 4177 3790 4246 εἴργαστο.

2240 4265 2443 4319 τοιόνδε
2487 4282 2540 4319 τι
2599 4265 2842 4333 ἐγένετο.
2877 4265 3102 4319 Σκυθῶν
3135 4266 3322 4338 ὅμιλος
3375 4269 3471 4321 ἐπὶ
3529 4267 3790 4338 συμμαχία

2252 4359 2553 4430 Ῥωμαίοις
2597 4360 2925 4427 ἀφικόμενοι
2978 4358 3110 4428 περὶ
3159 4359 3268 4412 τῶν
3298 4361 3604 4427 συντάξεων
3642 4358 3792 4411 πολλὰ

2244 4453 2878 4524 πολυπραγμονήσαντες
2913 4453 3200 4522 πρότερον,
3233 4449 3353 4507 εἶτα
3385 4453 3451 4525 δὴ
3502 4454 3787 4507 κατέθεντο.

560 4543 812 4611 pecuniis
845 4546 1077 4611 inducit,
1103 4557 1160 4602 ut
1191 4564 1250 4605 se
1281 4550 1331 4604 in
1362 4552 1594 4620 patriam
1628 4553 1806 4608 redire
1831 4554 2131 4622 ﬁngerent:

2255 4544 2394 4597 Ἀλλ’
2451 4545 2478 4596 6
2536 4543 2979 4614 πρωτοστράτωρ
3030 4544 3138 4614 ἰδία
3190 4544 3402 4606 τούτοις
3447 4543 3791 4614 ἐντετυχηκὼς

563 4644 724 4689 nocte
766 4646 946 4690 autem
984 4641 1273 4707 concubia,
1328 4643 1735 4698 tabernaculum
1792 4646 2138 4715 imperatoris

563 4725 877 4795 frequentes
920 4731 1290 4798 adorirentur,
1335 4735 1846 4805 impugnarentqne.
1894 4736 2018 4792 Haec
2058 4740 2140 4794 sic

562 4820 839 4890 proposita
873 4831 996 4874 sunt
1025 4831 1075 4876 et
1110 4824 1429 4878 deliberata.
1457 4826 1726 4881 (heterum
1764 4827 1998 4882 famulus
2020 4832 2140 4898 ιιιιί-

563 4915 688 4964 dam
719 4928 783 4967 ex
817 4913 879 4968 iis
908 4915 996 4983 qui
1030 4915 1081 4969 in
1116 4918 1350 4973 tentorio
1383 4919 1456 4972 illi
1509 4920 1919 4985 ministrabant,
1958 4921 2139 4976 statim

565 5015 728 5073 atque
762 5005 1046 5074 ,‘ejusmodi
1103 5010 1326 5064 consilia
1386 5012 1672 5077 intellexit,
1731 5015 2020 5069 confestim
2074 5015 2141 5068 ad

565 5092 830 5150 Thomam
865 5101 1174 5153 eunuchum
1204 5140 1217 5163 ,
1255 5101 1486 5170 principi
1525 5103 1690 5157 bat-ce
1722 5114 1886 5157 aetate
1941 5103 2139 5159 ﬁdissi-

567 5204 738 5252 mum,
760 5202 1038 5261 properat,
1070 5193 1382 5263 indicatque
1406 5197 1550 5264 quod
1579 5195 1908 5263 agitabatur.
1937 5197 1984 5252 ls
2013 5212 2143 5252 vero

568 5296 785 5335 omnem
832 5297 956 5338 eum
1005 5301 1313 5341 sermonem
1355 5288 1589 5357 principi
1648 5290 1857 5354 refert,
1911 5300 1966 5344 et
2019 5307 2142 5343 mox

567 5374 746 5439 ipsum
793 5391 1007 5446 quoque
1058 5380 1105 5432 ei
1157 5377 1418 5431 {atriolum
1471 5381 1634 5434 sistit.
1687 5379 1924 5434 Necdum
1976 5381 2142 5434 etiam

572 5466 733 5519 tidem
759 5469 918 5524 dictis
945 5481 1206 5538 praestare
1237 5471 1400 5524 voluit
1433 5472 1755 5539 imperator,
1788 5473 1959 5526 donec
1988 5489 2144 5527 mane

574 5557 791 5628 Scythae
839 5562 984 5617 nulla
1031 5564 1098 5619 de
1133 5578 1292 5617 causa
1340 5563 1587 5618 diﬂluere
1638 5581 1701 5619 ac
1743 5566 1998 5619 recedere
2031 5580 2145 5620 caa-

574 5663 807 5723 perunt;
861 5670 996 5725 quos
1054 5668 1232 5711 tamen
1288 5658 1775 5727 pollicitatiOuihus
1824 5673 2146 5727 aggressus,

580 5746 633 5798 in
678 5744 780 5800 [ille
826 5750 1040 5802 tandem
1077 5749 1325 5803 retinuit.
1378 5750 1459 5803 Ad
1509 5750 1758 5803 Alcxium
1798 5765 1926 5803 vero
1981 5752 2145 5816 misit,

573 5837 664 5906 qui
697 5853 820 5893 eum
872 5840 1435 5911 comprehenderent,
1489 5841 1784 5911 statimque
1827 5841 1879 5896 in
1937 5842 2148 5898 vincula

2240 4639 2520 4710 χρήμασιν
2545 4636 2836 4690 ἀναπείθει
2869 4637 3351 4709 προσποιήσασθαι
3385 4638 3488 4707 μὲν
3516 4639 3592 4700 είς
3620 4636 3714 4708 ἢθη
3734 4631 3789 4686 τὰ

2242 4732 2448 4800 πάτριοι
2508 4728 2876 4794 παλινοστεῖν,
2930 4727 3151 4781 ἐπειδὰν
3180 4729 3238 4782 δὲ
3270 4728 3414 4799 ἀωρὶ
3454 4729 3562 4783 τῶν
3603 4725 3791 4808 νυκτῶν

2243 4822 2347 4895 ήδη
2381 4821 2626 4890 γένηται,
2655 4819 2889 4889 ἀθρόους
2932 4822 3000 4890 τῇ
3032 4819 3295 4891 βασιλέως
3331 4821 3610 4874 ἐπιθέσθαι
3639 4817 3788 4887 σκηνῇ

2243 4915 2404 4983 ἔργου
2431 4931 2490 4965 τε
2529 4913 2775 4982 ἔχεσθαι.
2803 4913 3026 4966 Τέθειτο
3055 4912 3118 4984 δὴ
3143 4912 3318 4966 ταῦτα
3359 4916 3456 4967 καὶ
3479 4913 3788 4985 βεϐούλευτο.

2255 5007 2420 5060 Ἀλλὰ
2456 5006 2743 5076 παιδάριόν
2777 5024 2830 5058 τι
2875 5005 2985 5059 τῶν
3026 5009 3119 5059 ἐπὶ
3168 5008 3377 5077 σκηνῆς
3412 5008 3558 5077 αὐτῷ
3604 5008 3787 5074 ὐπηρε·

2243 5101 2546 5168 τουμένων,
2599 5100 2905 5171 ἐπειδήπερ
2937 5100 3078 5168 ἔγνω
3106 5102 3202 5173 τὴν
3233 5102 3554 5172 ἐπιδουλὴνξ
3606 5099 3789 5166 σπουδῇ

2248 5198 2304 5258 ἐς
2331 5196 2423 5248 τὸν
2476 5193 2741 5264 ἐκτομίαν
2770 5193 2974 5264 Θωμᾶν
3009 5193 3319 5265 παρελθδνί
3358 5196 3416 5260 ὃς
3471 5195 3788 5253 εὐνούστατος

2251 5289 2465 5360 βασιλεῖ
2487 5288 2748 5358 τηνικάδε
2786 5288 3091 5358 ἐτύγχανεν
3138 5286 3234 5355 ὢν,
3264 5291 3536 5361 ἐμήνυσεν
3576 5287 3708 5355 αὐτῷ
3742 5283 3788 5337 τὲ

2250 5380 2502 5450 σκέμμα.
2542 5379 2600 5432 ’0
2629 5378 2685 5432 δὲ
2733 5380 2814 5440 είς
2849 5378 3076 5449 βασιλέα
3126 5381 3217 5433 τὸν
3275 5379 3457 5435 πάντα
3488 5383 3633 5450 λόγον
3673 5381 3787 5433 ἀνα·

2250 5471 2438 5540 γαγὼν
2477 5467 2597 5524 εἶτα
2649 5473 3041 5542 παρεστήσατο
3091 5472 3239 5546 αὐτῷ
3285 5474 3382 5526 καὶ
3411 5475 3476 5528 τὸ
3508 5473 3784 5540 παιδάριον.

2251 5566 2323 5617 Οὐ
2358 5564 2463 5632 μὴν
2489 5563 2569 5614 ἔτι
2595 5564 2705 5624 τοῖς
2740 5561 3060 5630 λεγομένοις
3105 5561 3362 5632 βασιλεὺς
3389 5565 3648 5618 πιστεύειν
3675 5559 3786 5632 ἠθεο

2250 5657 2360 5720 λεν,
2390 5657 2493 5718 ἕως
2521 5654 2689 5707 ἔωθεν
2718 5654 2767 5706 οἱ
2800 5654 3007 5706 Σκύθαι
3065 5655 3162 5708 ἀπ’
3191 5657 3375 5720 αἰτίας
3401 5658 3636 5726 οὐδεμιᾶς
3661 5655 3786 5706 ἀπο·

2253 5750 2454 5821 χωρεῖν
2489 5746 2745 5818 ἤρξαντο.
2790 5746 2999 5810 Αὐτοὺς
3050 5748 3150 5818 μὲν
3206 5744 3301 5802 οὖν
3334 5749 3666 5821 ὑποσχέσεσιν
3698 5746 3783 5797 ὑπ-

2254 5843 2423 5897 ελθὼν
2457 5839 2704 5910 ἐπισχεῖν
2754 5838 3019 5910 ἡδννὴθιγ
3063 5841 3156 5896 ἐπὶ
3186 5841 3244 5896 δὲ
3296 5843 3529 5909 ’Δλέξιον
3556 5844 3667 5905 τοὺς
3694 5835 3780 5888 αὖα

3929 4675 3932 4834 ι
