3932 6190
443 338 545 407 ’111

1687 337 2080 398 MANUELIS
2121 337 2460 397 COMNENI

3577 339 3665 406 712

447 472 494 511 et
529 452 789 521 quomodo
822 451 961 505 viros
1001 449 1118 503 navi
1143 459 1432 518 pugnantes
1463 449 1760 502 innumeros
1791 449 1842 501 in
1872 449 2028 500 auxi-
2061 458 2097 507 Α
2135 450 2325 507 brium,
2365 457 2412 500 et
2445 462 2535 512 per
2580 448 2740 514 ipsam
2797 444 3167 517 Megalopolim
3203 458 3250 502 et
3297 448 3578 520 simpliciter
3620 458 3665 511 in

444 546 579 600 lium
628 546 774 598 nobis
818 551 1277 614 presentat-ernnt;
1324 541 1683 613 quomodoque
1726 541 1771 572 “
1813 542 2022 610 proprio

443 637 600 690 stollo
644 635 850 691 scelesti
898 634 1091 688 stolum
1126 635 1168 665 "
1204 635 1254 688 vi
1301 645 1613 703 superarunt
1648 634 1716 699 ’°,
1755 631 2024 701 perdentes

445 743 565 782 cum
598 729 726 795 ipsis
775 727 936 793 viris;
987 729 1207 796 etquod
1260 741 1396 778 nunc
1427 741 1630 795 quoque
1681 726 1829 778 nobis
1867 726 2023 777 auxi-

447 819 643 874 liantes
671 829 1038 888 perseverant;
1068 830 1113 870 et
1150 817 1280 880 alia,
1315 833 1415 887 que
1443 836 1473 870 a
1502 817 1871 884 thatattocopis
1899 817 1936 868 i.
1975 833 2021 873 e.

440 914 500 964 in
527 895 663 965 mari
693 910 1055 964 laborantibus
1089 911 1214 963 viris
1245 922 1361 963 acta
1405 922 1546 972 sunt,
1580 921 1625 962 et
1659 925 1754 978 que
1788 925 2024 962 cometa

445 1015 703 1059 nouerunt
737 1021 932 1071 omnes,
968 1005 1066 1057 etsi
1101 1022 1194 1059 nos
1238 1021 1339 1058 non
1370 1005 1646 1057 dicamus?
1681 1003 1830 1056 Unde
1876 1013 1924 1056 et
1970 1003 2024 1052 in

447 1098 870 1152 remuneratione
915 1098 1220 1166 hujusmodi
1261 1098 1492 1163 ipsorum
1541 1097 1873 1148 servitiorum
1903 1097 2026 1146 bene

449 1191 610 1243 voluit
668 1190 955 1260 Imperium
1015 1205 1185 1241 meum
1253 1205 1345 1257 per
1393 1204 1604 1255 presens
1657 1185 2024 1239 chrisobnlliau

444 1298 738 1336 sermonem
769 1284 1000 1350 accipere
1025 1299 1109 1334 eos
1131 1298 1302 1334 annue
1327 1282 1379 1332 in
1411 1261 1636 1345 tempore
1665 1295 1786 1350 rage
1811 1278 2018 1331 sollem-

447 1375 628 1440 puium
692 1374 878 1426 librar.
931 1374 974 1404 ’⁸
1011 1370 1152 1434 ΧΧ,
1203 1383 1248 1426 et
1300 1383 1354 1424 ut
1405 1371 1794 1423 distribuantur
1836 1369 1926 1421 hec
1973 1370 2025 1421 in

442 1467 683 1532 proprias
716 1465 959 1518 ecclesias
984 1465 1265 1518 secundum
1295 1465 1527 1529 ipsorum
1554 1463 1704 1516 velle.
1737 1462 2022 1515 Iionoravit

445 1566 626 1611 autent
656 1568 703 1612 et
746 1559 967 1612 nobilem
998 1558 1191 1612 Ducem
1219 1574 1398 1610 eorum
1435 1556 1874 1610 venerabilissima
1901 1573 2024 1624 pra-

446 1647 698 1704 tosebasti
729 1653 985 1720 dignitate
1032 1667 1149 1703 cum
1200 1667 1322 1718 roga
1358 1651 1514 1703 etiam
1560 1665 1653 1702 sua
1699 1649 2022 1716 plenissimo.

447 1737 570 1793 Non
607 1743 664 1794 in
713 1759 938 1808 persona
986 1759 1104 1796 vero
1152 1742 1315 1810 ipsius
1354 1740 1711 1794 determinavit
1743 1741 2025 1804 honorem;

444 1833 534 1885 sed
560 1832 933 1887 indesinentem
965 1850 1077 1887 esse
1109 1847 1267 1901 atque
1295 1842 1600 1899 perpetuum
1631 1844 1675 1884 et
1705 1848 1796 1898 per
1822 1847 2024 1885 succes.

443 1925 614 1976 siones
659 1941 820 1995 usque
859 1926 902 1956 "
956 1927 1242 1978 secundum
1287 1923 1422 1975 diem
1472 1923 1516 1953 ’³
1566 1922 1759 1990 fuerint
1795 1921 2023 1976 Ducibus

447 2017 734 2068 transmitti
766 2017 1046 2083 tleﬁnitivis
1091 2018 1143 2069 in
1191 2017 1335 2069 urbe.
1372 2013 1659 2066 Ilanaravit
1699 2026 1745 2066 et
1773 2013 2023 2067 Putriar-

444 2106 595 2161 chain
621 2122 798 2160 eorum
828 2107 1176 2178 hyiiertimon,
1205 2108 1242 2160 i.
1275 2123 1321 2160 e.
1351 2104 1880 2171 superhanombiletn,
1907 2122 2044 2174 tum,

443 2213 571 2266 roga
616 2195 877 2252 librarum
929 2200 1133 2267 viginti.
1171 2197 1236 2251 Et
1285 2202 1422 2250 hunc
1471 2213 1590 2250 vero
1642 2196 1885 2250 honorem
1934 2214 2024 2266 per

441 2292 817 2345 successionem
855 2293 908 2344 in
959 2307 1066 2354 eos,
1102 2294 1191 2362 qui
1239 2291 1479 2360 deinceps
1513 2291 1730 2361 fuerint,
1777 2289 2021 2345 Patriar—

443 2382 567 2435 chus
602 2382 911 2445 transmisit,
950 2395 1002 2434 ut
1047 2384 1127 2436 hic
1177 2397 1378 2450 quoque
1429 2383 1495 2434 sit
1544 2380 1836 2433 indesinens
1868 2391 2022 2450 atque

441 2485 744 2542 perpetuus.
777 2484 823 2526 et
858 2490 960 2526 non
991 2483 1197 2526 tantum
1228 2489 1450 2542 persona
1492 2471 1538 2504 ’δ
1568 2473 1678 2541 ejus
1735 2471 2020 2525 Constituit

445 2581 562 2618 vero
618 2563 902 2634 Imperium
975 2580 1147 2618 meum
1205 2574 1251 2617 et
1313 2563 1702 2618 sanctissimam
1751 2562 2019 2616 ecclesiam

445 2656 874 2724 sancti,apostoli
920 2665 970 2710 et
1017 2657 1327 2726 evangeliste
1378 2656 1568 2717 Marci,
1600 2657 1688 2723 qui
1719 2666 1794 2708 est
1827 2656 1881 2707 in
1923 2653 2024 2707 Ve-

444 2748 606 2812 netia,
644 2751 706 2798 ab
739 2762 842 2800 uno
871 2763 1072 2818 quoque
1104 2748 1159 2800 in
1191 2764 1377 2816 magna
1413 2748 1615 2801 civitate
1645 2757 1693 2801 et
1727 2748 1867 2800 omni
1914 2745 2018 2800 Ro-

441 2854 622 2891 mama
675 2841 956 2894 tenentium
989 2839 1282 2910 ergasteria
1321 2840 1769 2911 Amalphynorum
1816 2839 1862 2870 "
1907 2856 2021 2893 om-

440 2934 607 2998 nium,
629 2936 719 3004 qui
742 2944 860 2988 sunt
883 2937 978 2988 sub
996 2946 1251 3003 potestate
1272 2937 1386 3004 ejus
1407 2934 1619 3003 quidem
1637 2936 1929 3000 patricatus
1950 2933 2016 2996 ".

442 3027 676 3095 accipere
707 3043 797 3094 per
825 3044 984 3081 unum
1023 3045 1274 3098 quemque
1311 3044 1505 3081 annum
1543 3029 1861 3081 nuntismata
1892 3028 2016 3080 tria.

444 3119 523 3169 Ad
560 3117 655 3170 hoc
703 3119 866 3171 donat
909 3118 982 3172 eis
1024 3130 1069 3170 et
1117 3119 1406 3187 ergasteria
1439 3133 1537 3186 que
1584 3126 1700 3170 sunt
1734 3118 1787 3169 in
1820 3116 2018 3169 embolo

443 3205 741 3262 I’eramatis
770 3225 886 3261 cum
916 3209 1127 3263 solariis
1158 3211 1287 3275 suis,
1315 3225 1415 3279 que
1444 3207 1634 3261 habent
1664 3209 1934 3261 introitum
1969 3217 2017 3261 et

413 3294 640 3352 'exitain
678 3302 728 3352 in
763 3311 931 3354 totum
962 3303 1028 3365 ⁸⁷,
1059 3304 1195 3371 quod
1217 3303 1449 3370 procedit
1486 3299 1552 3353 ab
1600 3299 1826 3352 Ebraicu
1865 3317 2022 3366 usque

440 3396 508 3442 ait
543 3390 752 3463 Vip'an,
778 3409 972 3464 queque
993 3395 1300 3447 habitantur
1331 3405 1377 3447 et
1417 3411 1513 3460 que
1550 3410 1653 3446 non
1681 3395 2017 3457 habitantur,

437 3491 487 3533 et
523 3482 576 3534 in
605 3484 792 3551 qubus
841 3481 1063 3538 Venetici
1093 3494 1396 3552 permanent
1427 3496 1471 3536 et
1503 3482 1654 3538 Greci
1702 3487 1837 3536 sicut
1873 3499 2024 3552 erga-

442 3574 660 3637 steriis;
691 3585 736 3627 et
798 3574 1092 3629 maritimas
1145 3573 1241 3629 III
1296 3574 1492 3637 scalas,
1543 3590 1641 3643 que
1690 3575 1741 3626 in
1792 3579 2021 3638 predtcto

440 3671 622 3730 spacio
659 3668 1031 3722 terminantur.
1064 3666 1235 3720 Donat
1271 3681 1444 3719 autem
1473 3675 1520 3718 et
1553 3679 1733 3718 sancto
1767 3665 2023 3718 Akindino

445 3759 763 3829 municipium
816 3760 856 3813 i.
894 3776 938 3814 e.
989 3760 1267 3828 pistrinum
1322 3759 1388 3822 ⁸⁸,
1441 3763 1579 3828 quod
1629 3769 1704 3812 est
1757 3761 1809 3810 iu
1859 3759 2022 3826 ipsius

443 3852 656 3906 ecclesie
707 3851 887 3917 latere,
943 3852 1080 3922 quod
1124 3853 1336 3920 pertinet
1376 3851 1444 3904 ad
1493 3851 1704 3904 domum
1743 3850 1930 3916 Petrii,
1976 3861 2022 3903 et

442 3943 597 3996 habet
642 3946 938 4020 pensionem
970 3942 1420 4012 Byszantinorum
1473 3940 1599 3996 XX.
1649 3941 1902 3997 Similiter
1931 3948 2022 3996 dat

439 4048 489 4094 et
517 4038 789 4091 ecclesiam
824 4040 994 4090 sancti
1041 4037 1266 4099 apostoli
1299 4036 1526 4099 Antlree,
1555 4051 1653 4104 que
1694 4045 1770 4089 est
1807 4036 1858 4087 in
1886 4034 2025 4104 Dyr-

442 4125 623 4183 rachio
673 4144 790 4181 cum
829 4129 1016 4182 ibidem
1049 4129 1386 4181 existentibus
1420 4127 1791 4198 Imperialibus
1822 4128 2028 4196 pensio-

442 4220 650 4273 nalibus
700 4232 873 4287 preter
925 4218 980 4271 in
1033 4219 1077 4272 is
1131 4220 1413 4286 repositam
1466 4218 1832 4296 aphesin,que
1878 4219 2023 4270 debet

442 4312 562 4364 dari
587 4313 655 4364 ad
678 4309 954 4363 chelandia
983 4311 1050 4366 '°.
1083 4309 1345 4363 Concessit
1370 4321 1545 4363 autem
1576 4311 1650 4363 eis
1681 4319 1729 4363 et
1759 4311 2023 4378 negociari

443 4404 500 4456 in
528 4417 702 4454 omnes
728 4413 900 4468 partes
934 4400 1184 4455 Romanie
1217 4403 1408 4470 species
1457 4403 1749 4464 universas,
1787 4401 2022 4454 videlicet

2128 557 2303 592 omnes
2334 550 2505 604 partes
2537 540 2630 594 sub
2662 548 2916 609 potestate
2945 554 3120 595 ttostre
3148 545 3230 607 pie
3260 548 3666 611 mansuetudinis,

2128 649 2229 685 non
2258 633 2586 702 prebentibus
2615 635 2825 686 omnino
2851 650 2944 699 pro
2970 633 3197 703 qualibet
3223 638 3436 705 propria
3460 641 3667 709 negotia-

2128 726 2273 776 ciane
2317 721 2568 790 quidlibet
2619 725 2916 778 commercii
2960 725 3134 793 gratia
3184 726 3264 779 vel
3295 727 3519 794 cujusvis
3555 732 3672 787 alius

2127 812 2462 875 conditiortis‘,
2491 829 2590 881 que
2613 807 2844 866 demosio
2872 815 3120 883 infertur,
3148 819 3292 884 pacti
3315 820 3465 886 quasi
3490 819 3674 876 xilem.

2128 904 2275 967 lami,
2325 904 2633 968 limenatici,
2684 905 2984 974 portentici,
3039 907 3288 970 caniskii,
3334 910 3672 980 exifeileos",

2127 997 2480 1050 arcnantichii
2514 1009 2562 1050 et
2591 997 2817 1051 aliorum
2842 999 3154 1052 tributorum
3183 1017 3346 1053 causa
3378 1017 3568 1068 eorum,
3592 1021 3676 1074 que

2126 1090 2306 1141 debent
2340 1090 2626 1157 negociari.
2658 1087 2725 1144 In
2751 1090 2989 1145 omnibus
3014 1091 3149 1143 enim
3182 1094 3543 1160 negociationis
3568 1094 3676 1150 locis

2126 1183 2250 1233 data
2283 1194 2355 1233 est
2389 1181 2604 1234 licentia
2635 1183 2709 1236 eis
2745 1183 2810 1236 ab
2843 1183 3073 1250 Imperio
3109 1200 3243 1250 mea,
3275 1187 3559 1253 superiores
3582 1205 3676 1243 esse

2128 1273 2314 1327 debere
2343 1285 2388 1326 et
2420 1274 2533 1342 ipsa
2581 1277 2934 1345 requisitions.
2982 1275 3238 1331 Excident
3269 1295 3386 1331 tero
3417 1289 3460 1333 et
3495 1280 3552 1334 ab
3580 1281 3675 1350 ipso

2138 1366 2361 1429 aparcho
2412 1369 2826 1436 parathalassite
2853 1370 2918 1428 ".
2956 1368 3296 1437 eleoparocho
3339 1374 3589 1425 dominico
3617 1374 3674 1438 ³⁸,

2128 1460 2575 1521 commerhintiis.
2623 1459 2998 1526 chartalariis,
3043 1462 3300 1532 hipologis
3342 1472 3391 1516 et
3431 1465 3674 1525 omnibus.

2127 1553 2215 1620 qui
2249 1551 2550 1620 hnjumodi
2587 1563 2730 1616 sunt,
2777 1553 2922 1608 nullo
2950 1570 3152 1619 eorum,
3182 1557 3271 1625 qui
3307 1572 3403 1624 per
3433 1557 3546 1610 locu
3572 1569 3677 1611 sunt

2127 1644 2443 1712 principium
2473 1645 2551 1697 vel
2582 1644 2811 1698 aliorum
2837 1647 3106 1699 seruiium
3147 1650 3441 1703 communis
3470 1661 3680 1703 tractan-

2131 1738 2279 1797 tium,
2308 1747 2670 1804 contempnere
2697 1738 2822 1804 quid
2854 1754 3031 1792 eorum
3058 1753 3157 1809 que
3199 1740 3283 1794 hic
3328 1741 3544 1811 diﬁinita
3572 1753 3678 1796 sunt

2128 1839 2476 1893 prcsurnente.
2514 1825 2758 1880 Omnium
2789 1830 2948 1888 enim,
2984 1846 3113 1898 quas
3155 1833 3268 1902 quis
3315 1833 3481 1897 ώσω,
3515 1835 3680 1900 specie-

2131 1933 2244 1967 rum
2274 1934 2338 1969 ac
2367 1935 2538 1971 rerum
2569 1935 2812 1972 concessa
2838 1932 2910 1973 est
2933 1923 3032 1975 hiis
3059 1924 3372 1991 negaciatio,
3403 1936 3450 1978 et
3471 1927 3679 1978 omnium

2129 2009 2436 2076 emptionem
2485 2012 2538 2062 in
2584 2022 2837 2080 potestate
2884 2015 3140 2067 habebunt
3172 2017 3365 2083 facere,
3414 2021 3680 2080 superiores

2129 2102 2409 2155 existentes
2447 2105 2686 2158 universa
2730 2106 2961 2162 datione.
3003 2105 3109 2160 IIec
3157 2109 3229 2159 ita
3263 2125 3381 2161 cum
3432 2111 3526 2170 dis;
3545 2127 3680 2164 enea.

2129 2192 2250 2244 verit
2286 2191 2499 2255 Imperii
2529 2194 2683 2248 michi
2718 2198 2884 2262 pietas
2925 2209 3128 2264 sancta,
3152 2211 3312 2266 atque
3341 2201 3550 2270 dimisit,
3582 2202 3682 2256 nul-

2128 2279 2234 2333 lum
2271 2283 2506 2337 resistere
2549 2286 2623 2337 eis
2668 2287 2800 2339 sicut
2844 2287 2999 2340 rectis
3025 2298 3072 2341 et
3124 2290 3254 2343 reris
3304 2291 3450 2344 dulis
3496 2291 3603 2360 ejus
3640 2303 3681 2345 et

2131 2385 2311 2427 contra
2357 2377 2595 2431 inimicos
2622 2379 2951 2448 adjutoribus
2981 2393 3025 2435 et
3058 2398 3220 2450 usque
3250 2383 3319 2436 ad
3361 2384 3514 2454 ﬁnem
3544 2386 3684 2440 seculi

2129 2468 2261 2522 tales
2305 2485 2359 2522 se
2397 2486 2506 2524 esse
2535 2473 2979 2536 promittentibus,
3029 2492 3118 2528 nec
3147 2486 3464 2546 quemquam
3493 2480 3682 2533 omnino

2129 2562 2396 2633 contraria
2443 2564 2635 2616 sentire
2665 2565 2768 2619 hiis
2807 2567 2999 2620 tatibus
3041 2606 3056 2630 ,
3093 2585 3182 2622 nec
3229 2571 3467 2625 actiones
3513 2571 3684 2642 aliquis

2129 2656 2375 2708 adversus
2428 2673 2606 2711 omnes
2651 2673 2890 2713 exercere
2931 2671 3144 2730 propter
3189 2666 3422 2719 (radicla
3452 2669 3525 2720 eis
3551 2682 3687 2736 erga-

2127 2747 2284 2798 steria
2314 2759 2357 2798 et
2396 2750 2569 2800 scalas
2611 2748 2748 2801 istic.
2781 2748 3185 2820 Qualiscumque
3210 2755 3345 2806 enim
3376 2753 3422 2785 "
3448 2754 3582 2823 juris
3607 2757 3690 2810 hec

2127 2837 2378 2901 existunt,
2428 2841 2534 2893 sive
2562 2842 2900 2895 ecclesiastici
2945 2844 3052 2896 sive
3099 2846 3288 2911 priuati
3335 2847 3449 2900 sive
3487 2846 3684 2914 publici,

2129 2930 2233 2982 sive
2257 2943 2434 2982 sancte
2462 2931 2649 2984 domus
2681 2933 2809 2996 sint,
2843 2937 2933 2988 hec
2963 2935 3261 2990 nullatenus
3297 2939 3686 3008 continget,que

2129 3037 2266 3075 nunc
2314 3035 2433 3074 sunt
2476 3023 2707 3091 ﬁdelium
2742 3027 2855 3079 duli
2892 3026 2936 3058 "
2974 3027 3187 3096 Imperii
3233 3031 3394 3083 michi
3436 3029 3686 3085 Veneticu-

2128 3127 2242 3163 rnm
2277 3123 2324 3165 et
2370 3115 2421 3166 in
2451 3125 2716 3182 posterum
2751 3117 3082 3183 {usu-orum;
3111 3136 3268 3189 quum
3300 3125 3526 3175 multam
3560 3122 3688 3176 beni-

2128 3205 2400 3258 volentiam
2433 3219 2477 3259 et
2512 3217 2711 3260 rectum
2742 3211 2968 3263 animum
2998 3228 3121 3280 erga
3159 3211 3475 3266 Romaniam
3505 3227 3550 3268 es
3579 3229 3689 3285 erga

2124 3293 2408 3363 Imperium
2443 3316 2609 3350 meum
2643 3301 2998 3368 ostenderunt,
3029 3315 3075 3356 et
3113 3314 3220 3356 toto
3251 3307 3437 3358 animo
3468 3307 3556 3359 hec
3592 3323 3689 3359 ser-

2123 3401 2241 3437 vare
2277 3386 2585 3452 promittunt
2619 3390 2671 3442 in
2719 3403 3041 3458 perpetuum,
3089 3405 3136 3446 et
3180 3408 3419 3463 pugnare
3451 3412 3544 3464 pro
3594 3397 3690 3448 ηο-

2124 3493 2353 3531 meorum
2402 3493 2544 3533 statu
2581 3491 2629 3533 et
2678 3481 2995 3538 Christianis
3037 3502 3128 3553 pro
3171 3502 3319 3554 parte
3357 3489 3408 3521 ³⁸
3441 3492 3609 3543 volunt
3648 3500 3689 3543 et

2122 3583 2498 3636 protesfantur.
2538 3572 2602 3626 Et
2632 3587 2810 3628 contra
2860 3577 2990 3631 tales
3023 3579 3159 3631 siros
3200 3582 3311 3648 quis
3359 3584 3688 3643 contntdicet,

2126 3665 2200 3715 vel
2230 3677 2412 3718 contra
2437 3682 2520 3718 eos
2543 3667 2799 3733 juditium
2836 3671 3052 3725 movebit
3079 3671 3411 3740 aliquando?
3446 3672 3591 3728 Unde
3613 3687 3691 3728 nec

2126 3771 2378 3810 sectatum
2418 3755 2585 3812 Petrii
2624 3760 2696 3813 vel
2733 3761 2974 3826 Mireleu,
3007 3781 3097 3818 nec
3127 3769 3284 3819 etiam
3326 3771 3562 3834 privatus
3590 3770 3692 3837 qui-

2127 3865 2279 3916 sque,
2330 3854 2416 3901 sed
2465 3869 2556 3904 nec
2603 3857 2972 3908 monasterium
3024 3857 3098 3910 vel
3141 3859 3390 3928 (emplum
3428 3875 3688 3925 sanctum,

2127 3946 2314 4010 quibus
2367 3945 2597 3997 rideltcet
2663 3949 2860 4000 (lanata
2910 3953 3192 4018 ergasteria
3242 3953 3505 4018 pertinent
3554 3965 3694 4022 atque

2126 4040 2285 4096 scale,
2323 4048 2503 4088 contra
2532 4039 2626 4090 hos
2658 4040 2945 4094 monebunt.
2988 4041 3164 4097 Erunt
3197 4055 3376 4099 autem
3422 4047 3553 4100 silen
3579 4065 3624 4099 es
3653 4056 3690 4097 et

2125 4126 2178 4178 in
2201 4127 2587 4195 dispensatione
2615 4146 2678 4183 ac
2697 4132 2976 4187 donatione
3003 4134 3220 4202 Imperii
3252 4138 3409 4192 micki
3445 4155 3693 4206 innitentes

2125 4237 2261 4273 vere.
2290 4218 2431 4273 Nam
2452 4223 2496 4274 si
2523 4225 2815 4275 rotuntatia
2846 4242 2948 4278 non
2973 4230 3227 4280 donamus
3250 4232 3426 4299 dignis
3452 4249 3690 4297 accmert.

2126 4330 2217 4366 ceu
2271 4315 2359 4382 qui
2414 4315 2635 4366 viriliter
2679 4328 2891 4384 egerunt
2942 4327 2990 4370 et
3036 4320 3257 4372 viriliter
3289 4340 3451 4391 agere
3499 4325 3692 4376 student

2127 4413 2279 4469 atque
2309 4404 2610 4468 studebant,
2643 4406 2831 4474 quibus
2874 4408 2993 4460 aliis
3023 4411 3333 4466 donabimus
3373 4415 3695 4483 aliquando?

440 4495 585 4546 circa
640 4506 884 4560 magnam
936 4491 1243 4544 Laodiciam
1281 4492 1346 4556 ³⁸,
1397 4491 1736 4543 Antiochiam
1780 4500 1831 4543 et
1867 4488 2022 4541 Man-
2057 4511 2098 4564 υ
2129 4492 2271 4560 Ergo
2302 4506 2346 4546 et
2368 4495 2709 4564 donobuntur
2736 4501 3047 4551 donaturum
3083 4500 3180 4552 sibi
3214 4498 3573 4557 itnmobiiiam'
3598 4506 3694 4557 sine

440 4583 673 4649 mittam,
697 4579 1198 4648 Adatiam,Tarson,
1221 4581 1479 4646 Attalian,
1502 4582 1808 4647 Strovilom,
1830 4579 2017 4644 Chion,

446 4669 762 4744 Theologou,
815 4675 1072 4740 Phocion,
1109 4674 1462 4745 Dyrrachian,
1513 4675 1792 4736 Anionem,
1847 4674 2016 4742 Cory-

441 4769 598 4834 phus,
652 4766 966 4828 Bondicam,
1022 4767 1343 4834 Mathonem,
1396 4768 1669 4830 Carenem,
1726 4765 2018 4836 Nauplion,

443 4859 774 4923 Corinthian,
830 4858 1016 4920 Tebas,
1059 4861 1312 4925 Athenas,
1364 4859 1658 4928 Eur-ippon,
1695 4858 2017 4925 Demetrida,

445 4951 891 5017 Thessalonicam,
927 4953 1312 5022 Cltyrisapolin,
1357 4953 1738 5016 Peritheorion,
1779 4953 2016 5021 Abydon,

445 5040 727 5108 Iledeston,
780 5046 1186 5114 Adrianopolin,
1242 5048 1440 5115 Apron,
1497 5045 1819 5111 Erracliam,
1874 5045 2010 5097 Scli-

2127 4561 2390 4638 ablationit
2435 4598 2484 4638 et
2535 4590 2645 4640 sine
2691 4593 2985 4646 turbatione
3032 4593 3081 4645 in
3133 4594 3380 4662 deinceps
3433 4601 3605 4652 omnia
3650 4609 3691 4650 et

2127 4689 2374 4746 perpetua
2410 4691 2642 4748 tempora
2687 4687 2972 4736 secundum
3021 4685 3396 4740 continentiam
3427 4691 3585 4744 debiti
3615 4707 3692 4742 ex-

2126 4773 2250 4839 poni
2282 4774 2378 4825 sibi
2404 4775 2626 4841 practici
2659 4776 2958 4829 traditionis
2992 4794 3168 4830 eorum
3199 4792 3229 4830 a
3259 4788 3689 4852 protoanthgpato

2128 4863 2350 4933 Georgio
2385 4878 2430 4918 et
2470 4868 2676 4920 notario
2709 4867 2923 4935 Imperii
2958 4873 3058 4923 mei
3091 4879 3143 4923 tu
3181 4871 3529 4936 Machitariu,
3565 4876 3688 4944 quod

2124 4969 2169 5010 et
2195 4959 2406 5020 ﬁrmum
2451 4960 2547 5011 erit
2581 4970 2630 5011 et
2671 4962 2856 5014 stabile
2904 4979 2965 5014 ac
3013 4963 3308 5019 inviolabile
3336 4968 3394 5018 in
3441 4971 3685 5028 omnibus,

2123 5066 2219 5116 que
2253 5051 2652 5103 continebuntur
2680 5053 2732 5103 in
2761 5068 2858 5115 eo;
2887 5056 3071 5107 debens
3113 5069 3156 5108 et
3187 5057 3281 5108 hoc
3311 5060 3365 5110 in
3402 5059 3516 5113 illis
3545 5061 3692 5113 suba-

1783 5182 1986 5245 \’ariaa
2019 5184 2348 5245 lectiones.

509 5313 553 5342 ι’
584 5311 742 5365 Liber
777 5312 935 5364 albus
962 5329 976 5366 :
1008 5311 1267 5380 quodque.
1344 5311 1385 5343 "
1413 5311 1557 5365 Idem
1602 5329 1614 5364 :
1651 5311 1815 5364 stalii.

438 5379 552 5448 Lit».
611 5395 814 5450 put-tor.
864 5396 920 5435 ut
971 5383 1060 5452 qui
1107 5379 1208 5435 sec.
1261 5382 1507 5435 Editores
1555 5383 1618 5435 iis
1675 5383 1784 5449 qui.
1841 5379 2027 5436 Recte.

438 5454 581 5505 κατὰ
624 5456 722 5522 τὴν
760 5455 996 5522 ἡμέραν.
1074 5455 1120 5484 ³⁸
1157 5455 1292 5520 Lege
1327 5469 1339 5504 :
1386 5469 1654 5518 personae.

437 5524 555 5597 ise.
587 5527 922 5595 patriciatus.
985 5524 1043 5597 7"
1074 5523 1317 5597 Legertm
1348 5542 1359 5575 :
1386 5524 1668 5597 embolum.

432 5666 728 5731 αφόλλεως.
809 5668 853 5698 ³’
912 5668 983 5719 De.
1036 5663 1484 5734 nspaﬁalasoizn

431 5747 675 5792 Cutiseut.
714 5738 844 5791 Vide
882 5737 1018 5789 infra
1058 5733 1188 5786 NOV.
1227 5733 1536 5786 LXXXHI.

1891 5313 1937 5342 ⁸ο
1972 5309 2111 5364 Idem
2144 5329 2157 5364 :
2195 5329 2460 5378 superare.

1733 5453 1780 5483 ¹⁸
1816 5453 2062 5504 Etlilores
2110 5463 2299 5504 notant
2347 5470 2360 5506 :

1745 5524 1787 5552 ³⁸
1825 5522 1940 5574 Lib.
1979 5523 2134 5574 albus
2169 5543 2178 5574 :
2209 5524 2512 5585 pristinum.

435 5592 598 5648 nibus
630 5598 831 5650 curiosi
865 5592 1518 5664 conferunt'tloctissimas
1551 5592 1738 5644 'l‘ul'clii
1789 5595 2158 5664 adoptationes
2194 5595 2228 5664 μ
2270 5595 2431 5664 Ιην.
2484 5595 2585 5649 118
2629 5611 2710 5664 sq.

1540 5664 1610 5717 cl.
1664 5664 1830 5730 llaipa
1885 5659 1969 5719 LI,
2019 5664 2110 5714 ΞΣ).

1613 5733 1654 5763 ³⁵
1689 5734 1803 5784 [λιιι.
1845 5731 1999 5783 altuis
2045 5750 2058 5784 :

2536 5314 2578 5346 ’ί
2613 5315 2796 5368 Malim
2833 5333 2846 5369 :
2889 5318 3069 5371 libras.
3147 5323 3190 5351 ²¹
3237 5320 3324 5374 Sic
3369 5320 3493 5375 Lib.
3526 5321 3687 5375 albus.

2144 5383 2191 5413 ³³
2218 5383 2460 5459 Ediloras
2505 5384 2742 5453 deinceps
2772 5388 3083 5459 emundant.
3115 5390 3231 5443 Non
3274 5408 3432 5459 opus.
3475 5392 3686 5447 Greece:

2414 5456 2446 5508 i.
2487 5470 2535 5506 e.
2569 5458 3094 5525 Atliulpliitatmrum.
3175 5462 3218 5492 “
3249 5456 3419 5515 Iidem
3471 5471 3688 5516 nounl:

2590 5527 2631 5556 ’θ
2664 5526 2884 5598 Navium
2924 5532 3152 5598 species.
3228 5533 3271 5562 "
3300 5533 3376 5586 De
3414 5533 3499 5586 his
3526 5530 3689 5585 nomi-

2790 5597 2831 5628 ³¹
2868 5597 3008 5665 Lege
3049 5617 3063 5654 :
3122 5602 3421 5668 exnloleos,
3465 5601 3560 5657 τοῦ
3606 5599 3686 5665 ἑξ-

2190 5662 2516 5742 ⁸ξ1ῑάὶιονεε
2571 5675 2625 5718 tu
2675 5662 2871 5742 genista
2910 5662 3023 5731 (ἑοῦ
3067 5671 3305 5742 γενικοῦ)
3356 5662 3688 5742 scribentium

2101 5732 2469 5802 qualicumque
2517 5732 2690 5791 eram:
2762 5739 2804 5770 "
2853 5739 2992 5810 Lege
3031 5732 3298 5796 dutornm.’
3376 5743 3422 5774 ³⁵
3458 5744 3533 5799 Ex
3567 5741 3689 5796 Nov.

428 5800 495 5862 ΙΙΙ
521 5810 689 5866 lsaaci
727 5807 914 5878 Angeli
949 5815 1096 5876 (tam.
1125 5803 1318 5858 CXXX
1339 5803 1397 5874 ν)
1427 5804 1708 5873 legendum
1738 5823 1784 5854 ω
1805 5809 1840 5855 il
1866 5822 1877 5854 :
1907 5814 2159 5869 prompte.
