3788 6196
84 419 159 479 'il3
1128 417 1495 481 NOVELLIE
1535 414 2210 476 CONSTITUTIONES.

3169 417 3274 482 7M

82 527 281 594 stipulari
301 529 529 595 secretis,
553 529 606 581 in
642 529 825 599 quibus
847 537 894 581 et
922 543 1128 593 presens
1157 526 1598 594 subasti,ulutunt
1632 533 1671 587 Α
1703 524 1903 578 donata
1949 533 2068 579 sunt
2114 524 2240 594 ipsis
2281 523 2431 594 jura,
2463 526 2715 578 donantes
2762 527 2874 581 sine
2917 529 3180 585 ablatione
3221 537 3271 586 in

79 635 133 673 ett
164 618 514 690 Clirysobylion
564 619 777 688 lmierii
808 623 993 684 nostri,
1023 623 1079 674 in
1112 621 1360 673 notitiam
1389 635 1593 683 eorum,

78 729 149 779 que
172 713 348 765 donata
395 724 513 767 sunt
560 718 711 768 rectis
755 713 896 768 dulis
927 713 1147 780 Imperii
1175 715 1276 766 mei
1315 712 1592 776 Veneticis,

78 815 109 854 et
145 802 202 855 ed
227 805 601 860 dcorlacionem
649 815 1056 873 temperatorum
1104 806 1145 838 "
1191 809 1286 860 hos
1320 811 1596 861 molestare

77 913 211 948 eorum
258 913 436 952 causa.
493 897 657 953 Erunt
706 899 890 970 igitur.
923 917 1020 971 que
1069 899 1152 953 hic
1188 902 1405 971 diﬁinita
1449 911 1592 964 sunt,

76 999 225 1038 semota
248 987 501 1058 firmaque
544 991 845 1061 incorrupta
873 1007 921 1046 et
951 1009 985 1044 a
1015 992 1158 1046 nullo
1187 1002 1499 1060 contempta.
1536 991 1599 1047 Si

77 1094 158 1127 sero
189 1079 294 1145 quis
333 1086 701 1148 contempserit
751 1081 980 1152 forsitan
1012 1083 1136 1150 quid
1183 1099 1384 1147 eorum,
1418 1101 1515 1152 que
1541 1084 1595 1136 in

74 1169 143 1218 [ioc
176 1168 509 1238 chrysobollio
549 1174 802 1240 disposita
835 1183 980 1239 sunt,
1012 1175 1454 1230 inremissibiliter
1482 1175 1597 1229 exi-

73 1267 186 1326 getur
219 1275 249 1311 a
294 1275 488 1315 secreto
529 1272 619 1315 ton
667 1263 938 1318 oichiacon
986 1281 1172 1319 aurum
1226 1267 1389 1320 libras
1420 1265 1515 1328 X.,
1545 1276 1592 1320 et

73 1353 367 1416 quantitatem
397 1355 533 1423 ejus,
583 1360 722 1428 quod
756 1357 989 1412 ablatum
1035 1359 1193 1429 fuerit
1241 1374 1306 1413 ea:
1351 1361 1444 1424 eis,
1477 1377 1596 1427 per-

73 1443 193 1496 solvet
215 1445 264 1497 in
288 1449 664 1517 quadruplum,
696 1452 816 1522 quia
841 1451 993 1520 ﬁrmo
1031 1469 1092 1505 ac
1133 1468 1312 1506 securo
1346 1454 1597 1508 existente

72 1546 259 1600 prasente
277 1539 363 1607 pio
387 1541 763 1609 chrysobollio,
785 1544 925 1612 {acto
959 1545 1098 1597 circa
1121 1543 1323 1597 Maium
1346 1561 1592 1612 mensem,

71 1641 204 1694 ciente
232 1628 569 1699 Indictionis,
619 1636 671 1688 in
716 1652 855 1689 anno
898 1653 988 1690 se:
1037 1639 1311 1691 millesimo
1350 1640 1597 1694 ducente-

71 1722 169 1776 simo
193 1723 252 1785 ⁸⁸,
285 1725 340 1777 in
376 1741 481 1793 quo
508 1736 555 1779 et
587 1739 825 1780 nostrum
856 1729 998 1795 pium
1026 1739 1072 1783 et
1095 1747 1127 1782 a
1160 1730 1265 1783 Deo
1300 1741 1592 1799 promotum

70 1815 340 1885 nisignat'it
378 1816 690 1885 Imperium.
737 1839 754 1871 s

1703 633 1848 670 erum
1899 632 2070 681 omne,
2118 627 2175 671 ut
2220 616 2430 688 ﬁrmum
2471 627 2520 672 et
2567 633 2807 673 securum
2853 621 3023 677 inesse
3065 641 3274 693 presens

1704 706 2104 775 chrysobollion,
2147 706 2341 773 factum
2378 725 2469 775 per
2499 708 2790 778 Augustum
2827 729 3049 765 mensem
3093 726 3276 783 quarte

1704 799 2019 853 Indictionis
2050 799 2406 854 sexmillesimi
2445 799 2822 858 DCXXXIIII
2853 804 2897 836 “
2931 810 3080 874 anni,
3100 811 3150 861 in
3176 827 3274 878 quo

1703 903 1750 947 et
1785 902 2017 946 nostrum
2045 893 2188 961 pium
2220 904 2265 947 et
2297 909 2328 945 a
2359 884 2463 947 Deo
2493 905 2788 964 promotum
2818 897 3134 968 subsignavit
3166 900 3277 954 Ima

1701 985 1924 1053 perium.

1773 1079 1836 1132 Et
1867 1079 1964 1133 hec
1996 1079 2232 1149 quidem,
2266 1095 2368 1150 que
2400 1095 2428 1134 a
2465 1081 2718 1136 laudabili
2746 1081 3071 1154 Imperatore
3094 1095 3148 1142 et
3176 1103 3276 1144 avo

1704 1167 1916 1239 Imperii
1968 1173 2071 1227 mei
2108 1183 2164 1227 et
2205 1189 2233 1226 a
2273 1183 2354 1227 ter
2402 1174 2562 1229 beato
2597 1174 2929 1244 Imperatore
2970 1180 3188 1236 domino
3221 1191 3278 1236 et

1704 1274 1857 1331 patre
1881 1264 2095 1334 Imperii
2124 1266 2225 1319 mei
2252 1265 2444 1320 donata
2480 1265 2808 1323 fidelissimis
2832 1267 3061 1340 Imperio
3089 1282 3276 1330 nostro

1706 1353 1978 1411 Veneticis
2025 1371 2120 1426 per
2170 1357 2568 1430 ehrysobollion
2616 1358 2864 1427 illorum;
2916 1366 3055 1432 quod
3093 1365 3276 1436 utique

1703 1449 2106 1520 cbrysobollion
2181 1463 2420 1506 nostrum
2490 1466 2708 1521 quoque
2777 1455 2920 1524 pium
2989 1456 3274 1526 Imperium

1705 1541 1885 1596 firmat
1911 1557 2005 1612 per
2031 1554 2332 1612 presentem
2361 1546 2755 1614 cbrysobolliou
2785 1562 3114 1615 sermonem,
3144 1551 3278 1605 diffid-

1704 1635 1889 1704 nitque
1938 1633 2220 1690 eliicatiam
2273 1635 2512 1700 auferre,
2560 1639 2697 1691 sicut
2753 1640 3024 1695 habt-baut
3078 1643 3176 1697 hoc
3223 1658 3280 1700 (ι

1703 1739 1872 1792 usque
1899 1725 1963 1779 ad
2006 1725 2383 1795 migrationem
2417 1727 2480 1779 ad
2511 1729 2786 1782 dominum
2821 1730 2872 1784 in
2905 1730 2950 1763 “
2982 1732 3278 1803 Imperato-

1705 1817 1854 1872 ribus
1887 1816 2169 1871 laudabilis
2217 1828 2272 1872 et
2319 1827 2399 1872 ter
2449 1820 2588 1873 beati
2627 1822 2825 1876 domini
2870 1836 2921 1878 et
2973 1829 3142 1894 patris
3170 1828 3279 1882 Im.

120 1905 414 1975 ngmmod;
461 1928 582 1982 ergo
632 1913 1018 1983 ςίινυδοθοιιξοη
1062 1916 1378 1986 conﬁrma,”
1424 1916 1594 1988 1mm.
1631 1903 1672 1958 Β
1703 1911 1836 1980 perii
1898 1913 2032 1977 mei,
2099 1913 2239 1966 velut
2303 1914 2464 1967 etiam
2521 1914 2789 1971 Vi-neticis
2862 1930 3116 1977 consueta
3176 1924 3279 1978 sibi

71 2001 166 2052 riam
193 2019 376 2067 meum,
405 2006 534 2060 bene
571 2007 679 2060 vult
712 2019 761 2061 et
794 2009 917 2061 item
955 2009 1143 2064 habere
1169 2010 1429 2080 eﬁ'ectum,
1464 2016 1597 2067 sicut

71 2097 305 2159 expositum
353 2107 435 2150 est
483 2115 515 2151 a
545 2099 802 2168 principio
832 2101 1042 2170 quando
1086 2104 1160 2155 eis
1194 2106 1450 2157 donatum
1497 2114 1598 2170 est,

74 2186 119 2235 ita
147 2197 194 2237 ut
239 2188 290 2241 et'
331 2194 727 2257 solempnorum
776 2194 1088 2261 phalatimia
1143 2195 1186 2226 ³³
1233 2199 1502 2262 proveniat
1551 2210 1598 2251 et

80 2281 259 2352 ta’nceps
295 2283 600 2347 imminute,
643 2295 693 2340 et
737 2287 962 2343 honores
1006 2289 1324 2357 dignitatum
1372 2290 1598 2345 habeant

76 2371 377 2429 nobilissimus
421 2376 543 2428 Dus:
580 2385 629 2431 et
677 2380 995 2434 sacerrimus
1038 2379 1355 2436 Patriorcha
1395 2400 1597 2450 eorum,

70 2467 272 2530 accipiant
306 2477 517 2523 tantum
545 2469 592 2502 “
619 2486 664 2526 et
702 2488 884 2542 rogas,
909 2490 1088 2526 uerum
1116 2475 1275 2528 etiam
1311 2479 1596 2542 possessio-

74 2572 153 2609 nem
189 2569 231 2613 et
291 2561 605 2630 fruitionem
673 2566 984 2619 donatorum
1039 2575 1088 2620 et
1137 2568 1452 2621 traditorum
1501 2569 1600 2622 sibi

71 2654 427 2718 ergasteriorum
478 2664 526 2708 et
573 2656 838 2709 scalarum
883 2656 1108 2712 habeant
1153 2662 1263 2714 sine
1311 2660 1596 2714 ablatione.

70 2738 266 2797 Similiter
285 2759 331 2798 et
364 2747 594 2800 habeant
624 2738 725 2810 ipsi
745 2748 857 2803 sine
882 2751 1230 2812 prohibitione
1260 2763 1308 2807 et
1337 2754 1598 2824 negociari

70 2836 145 2888 tote
184 2842 492 2893 commercio
543 2851 590 2894 et
639 2840 856 2895 datione
909 2842 1274 2912 qualicumque
1324 2845 1490 2898 altera
1544 2847 1598 2898 in

71 2927 251 2984 amnibus
276 2931 636 2987 dinumeratis
680 2934 734 2987 in
768 2934 1001 3004 prefacto
1030 2936 1377 3006 chrysobollio
1407 2939 1595 2992 civita-

69 3021 166 3074 tibus
188 3033 228 3077 et
254 3025 584 3095 regionibus,
616 3043 714 3097 que
760 3026 854 3081 sub
886 3036 1142 3096 potestate
1178 3029 1397 3099 Imperii
1431 3031 1600 3085 nostri

67 3123 168 3166 sunt.
206 3113 392 3171 Verum
441 3118 596 3172 etiam
631 3129 688 3172 ut
726 3118 792 3172 ab
823 3120 1124 3190 ergasteriis
1153 3123 1595 3192 Amalplu'torum,

68 3215 133 3268 qu
169 3221 249 3273 per
302 3209 698 3280 chrysobollion
747 3215 1040 3268 constituta
1086 3228 1203 3268 sunt
1263 3215 1597 3270 sanctissime

70 3301 226 3352 ecclesie
257 3301 488 3368 apostoli
516 3315 562 3357 et
598 3305 910 3374 eoangeliste
941 3305 1134 3368 Marci,
1167 3309 1255 3375 qui
1284 3316 1361 3362 est
1401 3308 1455 3362 in
1496 3306 1595 3367 Ve-

71 3389 181 3454 netia,
225 3393 414 3447 dentur
451 3396 522 3446 ad
569 3412 686 3449 eam
739 3397 849 3449 sine
897 3397 1204 3452 minutione.
1261 3399 1433 3464 Quum
1477 3415 1597 3454 vero

69 3493 149 3532 tute
185 3500 342 3539 annos
387 3502 499 3540 non
546 3489 740 3553 paucos
782 3490 1001 3558 contigit
1032 3505 1140 3549 eos.
1173 3491 1258 3559 qui
1308 3491 1594 3545 vendebant

78 3567 276 3629 thicis
315 3579 372 3632 in
417 3576 689 3633 Romaicis
736 3581 1034 3650 regionibus
1080 3583 1458 3651 negociutiones
1493 3583 1596 3637 ali—

68 3677 176 3727 quas,
206 3671 572 3725 commercium
602 3674 666 3726 de
697 3674 823 3740 ipsis
856 3673 1015 3743 exigi,
1041 3683 1089 3729 et
1122 3675 1348 3742 optinuit
1374 3676 1459 3729 hic
1483 3692 1594 3730 mos

70 3759 176 3811 mnis
211 3763 386 3816 multis
415 3773 474 3817 ut
503 3763 547 3796 ⁸⁸
593 3765 796 3818 dictum
854 3775 952 3827 est,
983 3777 1294 3835 rogaverunt
1328 3780 1503 3821 autent
1546 3777 1593 3821 et

71 3847 113 3898 de
143 3853 223 3904 hoc
267 3853 564 3918 Imperium
598 3871 768 3910 meum
797 3857 914 3924 ﬁeri
946 3856 992 3888 δ’
1025 3857 1356 3912 dilectissimi
1389 3858 1500 3912 duli
1546 3869 1594 3913 et

72 3947 182 3999 amici
206 3950 310 4018 ejus
350 3949 608 4018 Venetici,
636 3965 893 4024 quatenus
923 3954 1270 4023 corrigeretur
1294 3951 1596 4024 hujusmodi

71 4051 220 4107 itaque
241 4044 555 4111 capitulum,
580 4056 628 4100 et
656 4047 948 4101 donaretur
973 4047 1071 4100 sibi
1096 4056 1146 4101 et
1175 4047 1237 4100 ab
1265 4045 1342 4101 liis
1364 4057 1594 4116 potestas

71 4141 100 4178 u
122 4131 327 4198 libertas,
362 4136 637 4205 complerit
679 4148 726 4191 et
775 4138 910 4191 hanc
956 4139 1264 4206 peticioncm
1312 4138 1594 4207 Imperium

71 4234 214 4285 meum,
242 4241 283 4280 et
325 4227 514 4295 definit
561 4243 653 4296 per
685 4244 898 4294 presens
941 4227 1346 4298 chi‘ysoboltion,
1395 4229 1594 4282 nullum

68 4326 200 4366 tam:
225 4319 308 4385 qui
334 4323 432 4372 sub
465 4330 718 4387 potestate
757 4319 975 4385 Imperii
1007 4321 1192 4382 nostri,
1231 4319 1410 4375 Grecis
1441 4338 1596 4391 nego-

69 4407 282 4465 titntibus
307 4430 426 4466 cum
486 4411 738 4467 Veneticis
779 4415 830 4468 in
883 4415 1120 4469 omnibus
1165 4416 1458 4486 regionibus
1496 4415 1597 4469 lio-

73 4502 216 4568 uanie,
245 4507 317 4558 cel
353 4510 565 4576 quando
595 4509 763 4562 uendit
793 4512 862 4561 ad
893 4526 980 4562 eos
1015 4511 1092 4563 vel
1124 4516 1332 4580 quando
1374 4512 1492 4565 emit
1531 4513 1594 4563 ab

1703 2014 2040 2058 sacramenta
2097 2021 2247 2060 sacra
2313 2007 2668 2073 habentibus,
2717 2024 2935 2065 servare
2983 2013 3049 2072 ad
3098 2011 3277 2084 Lupe-

1705 2096 1843 2150 rium
1883 2109 2059 2149 meum
2111 2107 2162 2150 et
2202 2095 2517 2152 Romaniam
2557 2100 2714 2155 fidem
2752 2112 2801 2157 et
2833 2103 3112 2160 servitium
3146 2104 3277 2177 ipsis

1701 2186 1894 2256 opibus
1929 2201 2137 2256 puram,
2173 2203 2375 2250 veram,
2411 2198 2638 2245 rectam.

1772 2280 1905 2347 Quia
1937 2297 2090 2344 vero.
2125 2284 2268 2339 sicut
2295 2286 2523 2340 relatum
2555 2297 2638 2342 est
2665 2287 2896 2360 Imperio
2927 2305 3047 2348 meo
3078 2309 3107 2348 a
3144 2310 3275 2366 pre-

1703 2373 1950 2428 sentibus
1983 2374 2035 2429 in
2076 2367 2394 2448 MegaIOpoli
2432 2379 2612 2433 missis
2643 2379 3044 2452 Veneticorum,
3081 2401 3276 2444 conseo

1702 2465 1809 2521 cuti
1845 2466 2063 2535 quidem
2119 2478 2245 2522 sunt
2280 2468 2518 2525 Venetici
2575 2483 2885 2542 preceptmn
2933 2476 3275 2547 Imperatoris

1704 2560 1991 2617 laudabilis
2013 2563 2214 2617 domini
2237 2573 2288 2616 et
2314 2565 2482 2632 patris
2509 2563 2721 2637 Imperii
2749 2569 2879 2635 mei,
2903 2599 2971 2610 —
2995 2571 3274 2628 licem-iant

1703 2653 1786 2706 his
1809 2653 2020 2709 donans
2053 2655 2396 2720 improhihite
2425 2658 2584 2712 etiam
2627 2674 2724 2729 per
2751 2660 2954 2718 insulas
2979 2663 3194 2734 Cypron
3224 2676 3279 2722 et

1702 2744 1896 2802 Creten
1949 2748 2214 2818 uegociari
2252 2759 2305 2803 et
2348 2750 2464 2804 sine
2511 2753 2785 2808 c0nsortio
2827 2770 2921 2810 eos
2966 2757 3053 2810 ubi
3107 2767 3279 2814 terra-

1702 2855 1820 2894 rum
1855 2839 1902 2872 "
1935 2840 2154 2911 Imperii
2207 2843 2307 2897 mei
2362 2859 2458 2914 pro
2510 2846 2644 2910 hiis,
2697 2862 2801 2913 que
2849 2849 2913 2902 ad
2963 2849 3274 2918 huiusmodi

1700 2931 1902 2989 insulas
1932 2935 2260 3005 negociande
2303 2946 2429 2992 sunt
2467 2938 2533 2992 ab
2577 2939 2677 3004 eis,
2710 2940 3034 2998 omnimodis
3067 2945 3278 3010 specied

1699 3025 1820 3093 bus,
1845 3057 1911 3068 --
1933 3043 2038 3084 non
2082 3031 2307 3099 contigit
2337 3040 2538 3097 autem,
2575 3047 2683 3104 que
2724 3033 2775 3088 in
2806 3034 3112 3104 huiusmodi
3159 3051 3280 3106 pre-

1700 3127 1856 3186 cepto
1887 3120 2422 3189 conprehenduntur,
2458 3121 2708 3177 effectum
2742 3123 3004 3194 recipere,
3048 3141 3111 3180 ac
3149 3142 3279 3194 pro-

1702 3209 1824 3276 pter
1873 3209 1976 3264 hoc
2030 3223 2199 3279 usque
2252 3225 2394 3265 nunc
2450 3226 2546 3281 per
2600 3213 2904 3283 hujusmodi
2961 3230 3279 3285 preceptum

1706 3297 1902 3354 donata
1950 3300 2055 3356 sibi
2096 3301 2361 3368 Iilotimia,
2391 3302 2428 3357 i.
2463 3319 2515 3359 e.
2565 3304 2852 3361 donatione
2883 3309 3162 3377 privamur
3197 3307 3280 3365 vel

1703 3403 1895 3448 carent
1926 3390 2168 3450 Venetici
2197 3413 2212 3450 :
2246 3396 2548 3466 petiverunt
2586 3413 2714 3455 vero
2759 3400 3046 3471 Imperium
3093 3418 3278 3459 meum

1704 3484 2008 3540 lilotimiam
2046 3487 2260 3556 quidem
2298 3486 2458 3556 hanc,
2489 3503 2594 3559 que
2643 3491 2696 3546 in
2747 3493 2986 3562 predicto
3027 3505 3281 3566 precepto

1703 3574 1876 3629 fertur
1906 3574 2193 3631 laudabilis
2241 3574 2589 3648 Imperatoris
2637 3579 2840 3637 domini
2865 3591 2927 3648 (et
2967 3584 3138 3654 patris
3169 3583 3309 3640 Im-.

1701 3668 1836 3738 perii
1869 3669 1994 3733 mei,
2039 3668 2096 3724 in
2125 3684 2261 3740 opus
2287 3685 2415 3727 vero
2452 3670 2722 3729 Veneticis
2755 3689 2858 3731 non
2904 3679 3171 3746 provenit,
3207 3681 3276 3734 ab

1704 3760 1932 3830 Imperio
1954 3776 2074 3817 meo
2097 3763 2296 3832 precipi
2323 3761 2607 3821 eﬂlcatiam
2637 3769 2704 3822 ab
2731 3767 2832 3824 hoc
2857 3785 2997 3825 nunc
3024 3769 3277 3839 auferre;

1704 3853 1991 3922 Imperium
2031 3854 2133 3910 mei
2175 3867 2391 3927 promer
2415 3873 2562 3924 eam,
2597 3876 2757 3930 quam
2784 3861 2850 3926 ad
2888 3862 3061 3931 ipsum
3086 3873 3143 3918 et
3171 3863 3283 3918 Ro-

1707 3946 1942 4001 maniam
1975 3955 2297 4018 monstrant,
2330 3965 2518 4006 verum
2549 3952 2710 4007 etiam
2752 3952 2946 4009 dehinc
2977 3965 3281 4014 monstrare

1708 4039 2046 4109 promi:tunt,
2084 4038 2240 4095 Iidem
2275 4048 2434 4112 atque
2469 4043 2770 4110 servitium,
2800 4044 3103 4116 huiusmodi
3139 4048 3282 4119 ipso-

1705 4147 1825 4186 rum
1874 4132 2142 4202 peticioue
2189 4145 2436 4203 suscepta
2469 4137 2582 4190 vult
2611 4150 2675 4190 ac
2721 4137 2927 4206 deﬁnit,
2965 4155 3059 4196 eos
3090 4151 3142 4195 et
3181 4157 3279 4213 per

1707 4224 1948 4290 insulas,
1999 4224 2236 4297 Cyprum
2292 4227 2540 4283 videlicet
2586 4229 2926 4301 Cretenque,
2972 4234 3276 4304 negoeiari,

1705 4333 1805 4372 nec
1837 4317 1905 4372 ab
1937 4319 2117 4385 aliquo
2161 4318 2427 4389 quidlibet
2461 4320 2600 4388 exigi
2651 4320 2839 4376 horum
2874 4337 3059 4388 causa,
3102 4326 3195 4378 sed
3245 4342 3276 4381 a

1702 4410 2115 4467 kometkieutiis
2147 4427 2243 4468 eos
2277 4415 2587 4468 conservari
2637 4415 2834 4485 ubique
2866 4427 3131 4472 terrarum
3174 4420 3277 4472 lm-

1708 4506 1840 4575 perii
1869 4505 1969 4559 mei
1996 4507 2292 4560 secundum
2320 4505 2565 4575 superius
2593 4516 2851 4562 tractatas
2881 4509 3273 4566 distinctiones.

72 4591 200 4659 aliqua
231 4597 273 4628 ιι
306 4615 512 4660 eorum,
562 4601 690 4653 dare
731 4601 777 4633 δι
821 4618 915 4670 pro
964 4607 1273 4657 commercio
1317 4604 1591 4673 quidlibet,
1630 4633 1671 4687 ο
1708 4597 1771 4652 Et
1805 4608 1862 4650 ut
1908 4598 2141 4654 habeant
2175 4598 2245 4654 hii
2283 4599 2627 4654 securitatem
2663 4599 2713 4654 in
2749 4601 2850 4665 bis,
2880 4617 2984 4672 que
3029 4617 3124 4672 per
3155 4621 3278 4672 pm-

73 4683 124 4733 ττι
158 4701 237 4754 pro
267 4690 435 4744 altera
469 4695 708 4762 quamvis
739 4694 1047 4760 exactione;
1079 4695 1168 4749 sed
1199 4707 1252 4748 ut
1284 4707 1598 4749 excusantur

72 4787 101 4822 ιι
123 4777 221 4844 ipsi,
247 4783 381 4836 sicut
409 4797 454 4838 et
482 4786 577 4846 hii,
602 4787 692 4855 qui
731 4803 848 4838 cum
875 4789 1201 4842 commerciis
1234 4789 1592 4857 negociuntur.

79 4861 216 4922 ιἰηιηι
258 4883 429 4929 tamen
465 4877 648 4930 debent
680 4891 724 4930 et
773 4877 1001 4932 Venetici
1027 4896 1110 4944 ea,
1148 4896 1243 4948 que
1273 4897 1363 4946 per
1391 4881 1591 4949 [actam

79 4963 220 5030 Itripto
243 4971 634 5038 conventionem
670 4989 699 5023 a
746 4972 932 5041 legatis
960 4990 1138 5026 eorum
1183 4975 1442 5039 promissa
1475 4983 1596 5026 sunt

75 5061 364 5122 irrcjttranao
398 5059 625 5131 Imperio
673 5081 805 5129 meo,
840 5065 998 5132 ﬁrma
1030 5082 1235 5119 servare
1266 5067 1596 5131 incorrupta.

84 5141 126 5193 ll
151 5164 233 5213 quo
269 5166 420 5208 erunt
457 5171 662 5222 eorum,
703 5173 804 5228 que
837 5174 928 5226 per
958 5174 1167 5226 presens
1209 5157 1597 5229 chrysobollion

1695 4699 1916 4754 sentem
1942 4689 2339 4761 chrysohollion
2376 4706 2679 4747 sermonem
2711 4694 2918 4750 diliuita
2967 4707 3113 4764 sunt,
3157 4713 3279 4764 pre-

1704 4797 1833 4837 sens
1860 4783 2135 4850 expositus
2174 4793 2258 4838 est
2291 4783 2694 4853 ehrysobullius
2728 4800 2928 4850 sermo,
2978 4787 3151 4844 lactus
3182 4806 3275 4861 per

1705 4891 1947 4930 mensem
2001 4875 2325 4941 Oetnbrem,
2395 4878 2711 4935 Iudictionis
2765 4880 3085 4947 undecimo,
3148 4885 3275 4939 anni

1701 4969 1877 5023 sexies
1927 4969 2194 5022 millesimi
2231 4972 2607 5024 sexcentesimi
2642 4974 3068 5042 quinquagesimi
3111 4977 3271 5040 si-xli,

1704 5063 1756 5115 in
1790 5076 1895 5130 quo
1925 5072 1979 5114 et
2012 5073 2254 5115 nostrum
2292 5063 2434 5133 pium
2467 5071 2520 5116 et
2550 5082 2575 5116 a
2607 5063 2715 5118 Deo
2759 5079 3058 5134 pronunnm
3093 5069 3275 5123 subsi-

1701 5154 1882 5224 guavit
1918 5153 2224 5223 Imperium.

1384 5288 1586 5352 Variae
1618 5285 1954 5349 lectiones.

136 5403 414 5465 "Editores
442 5419 816 5481 temptatorum
847 5414 926 5469 vel
953 5416 1317 5484 temptantium
1346 5414 1445 5483 legi
1465 5413 1673 5496 uolunt:
1751 5411 1795 5444 ³⁸
1843 5409 2088 5496 Eii-ituros
2124 5420 2305 5496 notant
2336 5423 2401 5496 id!
2440 5411 2624 5465 Annus
2666 5428 2730 5467 ex
2781 5413 3277 5496 ppaxeni‘ntellectis

88 5484 268 5553 attigeris
283 5481 790 5552 Graeciscomtptus
810 5496 924 5539 est:
947 5489 1018 5539 uti
1042 5481 1352 5540 indictionis
1387 5481 1592 5553 quiutaa
1639 5483 1794 5538 docet
1828 5481 2276 5553 additamentum,
2308 5492 2608 5553 estdanuus
2669 5484 2850 5535 mundi
2881 5482 3276 5540 6590—1082

91 5546 379 5636 tinClhrdslque
400 5570 620 5622 prorsus
645 5546 1106 5636 eom'enit.s_Meo
1129 5557 1328 5636 judicio
1360 5546 1423 5611 ei
1459 5556 1588 5610 Nov.
1612 5553 1779 5636 I-snftci
1815 5552 2004 5636 ᾼρξειὶ
2034 5568 2130 5636 prro
2162 5552 2350 5636 iisdem
2388 5546 2602 5636 Ven'et'is
2632 5554 2910 5636 legendum
2941 5563 3063 5636 est”:
3095 5558 3274 5636 quinte

89 5615 664 5693 ffciqtelndtcdonis—
687 5627 1080 5690 sexcentesimo,
1109 5615 1169 5680 ιῖι
1211 5628 1278 5680 ad
1333 5641 1531 5681 annum
1566 5641 1618 5693 p.
1644 5623 1774 5678 Chr.
1825 5623 1966 5677 1092
1999 5615 2280 5693 referatur.
2318 5621 2378 5677 Ζ.
2421 5638 2451 5676 Α
2489 5621 2552 5693 μ.
2630 5615 2864 5691 Τιλρςε
2899 5641 2912 5676 :
2948 5615 3269 5680 i-hilot'imia.

91 5684 119 5769 ς’
153 5686 299 5769 Malim
332 5711 346 5748 :
381 5705 574 5769 autem.
652 5695 694 5726 “
732 5695 806 5748 Ita
835 5712 931 5765 pro
960 5710 1006 5751 et
1039 5684 1274 5769 reposui.

90 5751 155 5835 bu;
179 5764 344 5835 :“dein,
385 5764 502 5820 Lib.
539 5751 886 5835 partos-nun:
919 5751 1127 5821 d'entuirr.

89 5824 224 5905 Iapeti
248 5824 377 5893 (cide
406 5824 552 5890 tam:
573 5833 838 5905 CXXXV)

91 5892 235 5954 dicunt
255 5892 524 5962 novellam
557 5907 749 5962 Isaaci.

385 6001 632 6063 Parnm.
691 6002 812 6064 Gn.
847 6002 1196 6064 CXXXIII.

1350 5699 1395 5729 δ’
1443 5692 1580 5760 Lege
1609 5693 1902 5763 ﬁdelissimi
1936 5709 2034 5763 pro
2069 5692 2182 5762 ﬁeri
2214 5693 2310 5748 dil.
2388 5693 2433 5726 "
2474 5692 2646 5749 Codd.
2690 5693 2886 5764 aliqua.
2963 5693 3007 5725 δ’
3047 5697 3120 5764 Lit

1206 5771 1250 5802 ⁸⁸
1291 5770 1459 5823 Codd.
1506 5766 1632 5827 234,
1682 5767 1772 5818 sed
1815 5766 2268 5818 sescentesimum
2317 5778 2598 5817 numerum
2647 5767 2804 5818 habet
2833 5763 2966 5818 Nov.
3000 5764 3060 5817 III
3102 5765 3272 5821 Isaaii

2388 5693 2433 5726 "
2474 5691 2646 5749 Codd.
2690 5693 2886 5762 aliqua.
2963 5693 3007 5725 δ’
3047 5697 3158 5746 Lib.
3191 5697 3272 5747 al-

906 5837 952 5870 “
980 5837 1099 5894 Lib.
1138 5841 1290 5893 albus
1322 5843 1374 5892 in
1405 5855 1508 5891 non
1543 5837 1724 5890 habet.
1761 5833 2006 5888 E-litores
2060 5834 2403 5903 Imperatoris
2458 5835 2745 5892 emendant
2774 5851 2788 5888 ;
2822 5835 2982 5889 male.
3017 5834 3100 5889 Cl.
3125 5840 3270 5900 enim

829 5907 872 5939 ⁸⁷
904 5907 1043 5976 Lege
1078 5926 1091 5962 :
1130 5912 1242 5964 sine
1267 5910 1569 5964 commercio
1607 5906 1792 5974 ubique
1822 5915 2104 5960 terrarum.

2857 5996 2931 6060 23
