  <div class='ocr_page' id='page_1' title='image "/cluster/home/n/w/nwhite01/storage/ocr_20150623/133/hvd.32044073502502/365.png"; bbox 0 0 3932 6190; ppageno 0'>
   <div class='ocr_carea' id='block_1_1' title="bbox 438 340 549 408">
    <p class='ocr_par' dir='ltr' id='par_1_1' title="bbox 438 340 549 408">
     <span class='ocr_line' id='line_1_1' title="bbox 438 340 549 408; baseline -0.018 0"><span class='ocrx_word' id='word_1_1' title='bbox 438 340 549 408; x_wconf 81' lang='lat'><strong>719</strong></span> 
     </span>
    </p>
   </div>
   <div class='ocr_carea' id='block_1_2' title="bbox 1683 329 2449 394">
    <p class='ocr_par' dir='ltr' id='par_1_2' title="bbox 1683 329 2449 394">
     <span class='ocr_line' id='line_1_2' title="bbox 1683 329 2449 394; baseline -0.007 0"><span class='ocrx_word' id='word_1_2' title='bbox 1683 331 2074 394; x_wconf 77' lang='lat' dir='ltr'><strong>MANUEIJS</strong></span> <span class='ocrx_word' id='word_1_3' title='bbox 2109 329 2449 392; x_wconf 80' lang='lat' dir='ltr'><strong>COMNENI</strong></span> 
     </span>
    </p>
   </div>
   <div class='ocr_carea' id='block_1_3' title="bbox 3569 324 3662 388">
    <p class='ocr_par' dir='ltr' id='par_1_3' title="bbox 3569 324 3662 388">
     <span class='ocr_line' id='line_1_3' title="bbox 3569 324 3662 388; baseline -0.011 0"><span class='ocrx_word' id='word_1_4' title='bbox 3569 324 3662 388; x_wconf 74' lang='lat'><strong>720</strong></span> 
     </span>
    </p>
   </div>
   <div class='ocr_carea' id='block_1_4' title="bbox 441 440 2031 527">
    <p class='ocr_par' dir='ltr' id='par_1_4' title="bbox 441 449 2018 527">
     <span class='ocr_line' id='line_1_4' title="bbox 441 449 2018 527; baseline -0.005 -17"><span class='ocrx_word' id='word_1_5' title='bbox 441 464 563 527; x_wconf 78' lang='lat' dir='ltr'><strong>pale</strong></span> <span class='ocrx_word' id='word_1_6' title='bbox 586 469 704 525; x_wconf 69' lang='lat' dir='ltr'><strong>qua</strong></span> <span class='ocrx_word' id='word_1_7' title='bbox 725 452 954 522; x_wconf 73' lang='lat' dir='ltr'><strong>[artatae</strong></span> <span class='ocrx_word' id='word_1_8' title='bbox 982 451 1261 506; x_wconf 80' lang='lat' dir='ltr'><strong>medeatur</strong></span> <span class='ocrx_word' id='word_1_9' title='bbox 1279 450 1448 506; x_wconf 78' lang='lat' dir='ltr'><strong>titulis</strong></span> <span class='ocrx_word' id='word_1_10' title='bbox 1475 459 1523 504; x_wconf 81' lang='lat' dir='ltr'><strong>et</strong></span> <span class='ocrx_word' id='word_1_11' title='bbox 1556 449 1757 517; x_wconf 64' lang='lat' dir='ltr'><strong>furibus</strong></span> <span class='ocrx_word' id='word_1_12' title='bbox 1788 452 2018 505; x_wconf 82' lang='lat' dir='ltr'><strong>omnium</strong></span> 
     </span>
    </p>
   </div>
   <div class='ocr_carea' id='block_1_5' title="bbox 2141 440 3666 527">
    <p class='ocr_par' dir='ltr' id='par_1_5' title="bbox 2141 440 3666 515">
     <span class='ocr_line' id='line_1_5' title="bbox 2141 440 3666 515; baseline -0.003 -15"><span class='ocrx_word' id='word_1_13' title='bbox 2141 446 2225 501; x_wconf 68' lang='grc' dir='ltr'><strong>καὶ</strong></span> <span class='ocrx_word' id='word_1_14' title='bbox 2260 446 2432 514; x_wconf 74' lang='grc' dir='ltr'>ἰατὴρ</span> <span class='ocrx_word' id='word_1_15' title='bbox 2469 445 2798 515; x_wconf 71' lang='grc' dir='ltr'>λεγόμενος</span> <span class='ocrx_word' id='word_1_16' title='bbox 2839 445 2920 512; x_wconf 82' lang='grc' dir='ltr'><strong>ὡς</strong></span> <span class='ocrx_word' id='word_1_17' title='bbox 2971 441 3217 513; x_wconf 74' lang='grc' dir='ltr'>ἰώμενος</span> <span class='ocrx_word' id='word_1_18' title='bbox 3245 440 3317 494; x_wconf 79' lang='grc' dir='ltr'>τὰ</span> <span class='ocrx_word' id='word_1_19' title='bbox 3346 441 3666 510; x_wconf 75' lang='grc' dir='ltr'><strong>χωλεύοντα</strong></span> 
     </span>
    </p>
   </div>
   <div class='ocr_carea' id='block_1_6' title="bbox 443 541 2010 612">
    <p class='ocr_par' dir='ltr' id='par_1_6' title="bbox 443 541 2010 612">
     <span class='ocr_line' id='line_1_6' title="bbox 443 541 2010 612; baseline -0.006 -10"><span class='ocrx_word' id='word_1_20' title='bbox 443 546 808 608; x_wconf 72' lang='lat' dir='ltr'><strong>ecclesiarum,</strong></span> <span class='ocrx_word' id='word_1_21' title='bbox 847 558 965 612; x_wconf 74' lang='lat' dir='ltr'><strong>qua:</strong></span> <span class='ocrx_word' id='word_1_22' title='bbox 996 542 1320 606; x_wconf 81' lang='lat' dir='ltr'><strong>claudicant,</strong></span> <span class='ocrx_word' id='word_1_23' title='bbox 1361 545 1753 611; x_wconf 77' lang='lat' dir='ltr'><strong>episcopatuum</strong></span> <span class='ocrx_word' id='word_1_24' title='bbox 1793 541 2010 604; x_wconf 70' lang='lat' dir='ltr'><strong>scilicet,</strong></span> 
     </span>
    </p>
   </div>
   <div class='ocr_carea' id='block_1_7' title="bbox 444 632 2013 705">
    <p class='ocr_par' dir='ltr' id='par_1_7' title="bbox 444 632 2013 705">
     <span class='ocr_line' id='line_1_7' title="bbox 444 632 2013 705; baseline -0.002 -14"><span class='ocrx_word' id='word_1_25' title='bbox 444 647 495 691; x_wconf 77' lang='lat' dir='ltr'><strong>et</strong></span> <span class='ocrx_word' id='word_1_26' title='bbox 543 634 929 705; x_wconf 83' lang='lat' dir='ltr'><strong>metropolium,</strong></span> <span class='ocrx_word' id='word_1_27' title='bbox 989 645 1037 688; x_wconf 81' lang='lat' dir='ltr'><strong>et</strong></span> <span class='ocrx_word' id='word_1_28' title='bbox 1091 634 1258 703; x_wconf 73' lang='lat' dir='ltr'><strong>ipsius</strong></span> <span class='ocrx_word' id='word_1_29' title='bbox 1313 634 1521 704; x_wconf 74' lang='lat' dir='ltr'><strong>Magna:</strong></span> <span class='ocrx_word' id='word_1_30' title='bbox 1553 632 1823 689; x_wconf 79' lang='lat' dir='ltr'><strong>Eccleslw.</strong></span> <span class='ocrx_word' id='word_1_31' title='bbox 1884 632 2013 701; x_wconf 70' lang='lat' dir='ltr'><strong>Quae</strong></span> 
     </span>
    </p>
   </div>
   <div class='ocr_carea' id='block_1_8' title="bbox 443 726 1306 790">
    <p class='ocr_par' dir='ltr' id='par_1_8' title="bbox 443 726 1306 790">
     <span class='ocr_line' id='line_1_8' title="bbox 443 726 1306 790; baseline -0.002 -7"><span class='ocrx_word' id='word_1_32' title='bbox 443 730 598 783; x_wconf 81' lang='lat' dir='ltr'><strong>etiam</strong></span> <span class='ocrx_word' id='word_1_33' title='bbox 646 730 714 790; x_wconf 83' lang='lat' dir='ltr'><strong>ad</strong></span> <span class='ocrx_word' id='word_1_34' title='bbox 756 728 963 784; x_wconf 82' lang='lat' dir='ltr'><strong>verbum</strong></span> <span class='ocrx_word' id='word_1_35' title='bbox 995 729 1071 782; x_wconf 81' lang='lat' dir='ltr'><strong>sic</strong></span> <span class='ocrx_word' id='word_1_36' title='bbox 1105 726 1256 782; x_wconf 83' lang='lat' dir='ltr'><strong>habet</strong></span> <span class='ocrx_word' id='word_1_37' title='bbox 1285 743 1306 781; x_wconf 89' lang='lat'><strong><em>:</em></strong></span> 
     </span>
    </p>
   </div>
   <div class='ocr_carea' id='block_1_9' title="bbox 511 903 2014 976">
    <p class='ocr_par' dir='ltr' id='par_1_9' title="bbox 511 903 2014 976">
     <span class='ocr_line' id='line_1_9' title="bbox 511 903 2014 976; baseline 0.002 -18"><span class='ocrx_word' id='word_1_38' title='bbox 511 905 613 973; x_wconf 83' lang='lat' dir='ltr'><strong>Qui</strong></span> <span class='ocrx_word' id='word_1_39' title='bbox 643 912 766 975; x_wconf 90' lang='lat' dir='ltr'><strong>post</strong></span> <span class='ocrx_word' id='word_1_40' title='bbox 793 903 996 960; x_wconf 81' lang='lat' dir='ltr'><strong>Mosem</strong></span> <span class='ocrx_word' id='word_1_41' title='bbox 1027 903 1128 957; x_wconf 83' lang='lat' dir='ltr'><strong>fuit</strong></span> <span class='ocrx_word' id='word_1_42' title='bbox 1160 904 1316 967; x_wconf 86' lang='lat' dir='ltr'><strong>electi</strong></span> <span class='ocrx_word' id='word_1_43' title='bbox 1342 903 1486 958; x_wconf 89' lang='lat' dir='ltr'><strong>illius</strong></span> <span class='ocrx_word' id='word_1_44' title='bbox 1514 906 1692 976; x_wconf 84' lang='lat' dir='ltr'><strong>populi</strong></span> <span class='ocrx_word' id='word_1_45' title='bbox 1719 906 2014 975; x_wconf 77' lang='lat' dir='ltr'><strong>imperator</strong></span> 
     </span>
    </p>
   </div>
   <div class='ocr_carea' id='block_1_10' title="bbox 440 996 2014 1069">
    <p class='ocr_par' dir='ltr' id='par_1_10' title="bbox 440 996 2014 1069">
     <span class='ocr_line' id='line_1_10' title="bbox 440 996 2014 1069; baseline 0.001 -13"><span class='ocrx_word' id='word_1_46' title='bbox 440 1001 633 1067; x_wconf 85' lang='lat' dir='ltr'><strong>Jesus,</strong></span> <span class='ocrx_word' id='word_1_47' title='bbox 693 996 1028 1053; x_wconf 77' lang='lat' dir='ltr'><strong>Jericliuntis</strong></span> <span class='ocrx_word' id='word_1_48' title='bbox 1077 997 1340 1052; x_wconf 75' lang='lat' dir='ltr'><strong>festinans</strong></span> <span class='ocrx_word' id='word_1_49' title='bbox 1390 999 1726 1052; x_wconf 89' lang='lat' dir='ltr'><strong>munimenta</strong></span> <span class='ocrx_word' id='word_1_50' title='bbox 1773 1015 1837 1054; x_wconf 87' lang='lat' dir='ltr'><strong>ac</strong></span> <span class='ocrx_word' id='word_1_51' title='bbox 1885 1015 2014 1069; x_wconf 85' lang='lat' dir='ltr'><strong>pro-</strong></span> 
     </span>
    </p>
   </div>
   <div class='ocr_carea' id='block_1_11' title="bbox 445 1089 2011 1163">
    <p class='ocr_par' dir='ltr' id='par_1_11' title="bbox 445 1089 2011 1163">
     <span class='ocr_line' id='line_1_11' title="bbox 445 1089 2011 1163; baseline 0 -17"><span class='ocrx_word' id='word_1_52' title='bbox 445 1090 749 1163; x_wconf 73' lang='lat' dir='ltr'><strong>pugnacula</strong></span> <span class='ocrx_word' id='word_1_53' title='bbox 785 1090 1027 1155; x_wconf 84' lang='lat' dir='ltr'><strong>diruere,</strong></span> <span class='ocrx_word' id='word_1_54' title='bbox 1077 1089 1455 1144; x_wconf 77' lang='lat' dir='ltr'><strong>sacerdotibus</strong></span> <span class='ocrx_word' id='word_1_55' title='bbox 1489 1089 1655 1156; x_wconf 85' lang='lat' dir='ltr'><strong>jussit</strong></span> <span class='ocrx_word' id='word_1_56' title='bbox 1694 1091 1749 1144; x_wconf 89' lang='lat' dir='ltr'><strong>in</strong></span> <span class='ocrx_word' id='word_1_57' title='bbox 1783 1091 2011 1146; x_wconf 90' lang='lat' dir='ltr'><strong>circuitu</strong></span> 
     </span>
    </p>
   </div>
   <div class='ocr_carea' id='block_1_12' title="bbox 447 1182 2014 1252">
    <p class='ocr_par' dir='ltr' id='par_1_12' title="bbox 447 1182 2014 1252">
     <span class='ocr_line' id='line_1_12' title="bbox 447 1182 2014 1252; baseline -0.002 -11"><span class='ocrx_word' id='word_1_58' title='bbox 447 1187 572 1241; x_wconf 89' lang='lat' dir='ltr'><strong>tuba</strong></span> <span class='ocrx_word' id='word_1_59' title='bbox 626 1184 846 1247; x_wconf 79' lang='lat' dir='ltr'><strong>canere,</strong></span> <span class='ocrx_word' id='word_1_60' title='bbox 882 1193 937 1236; x_wconf 88' lang='lat' dir='ltr'><strong>et</strong></span> <span class='ocrx_word' id='word_1_61' title='bbox 975 1182 1055 1237; x_wconf 89' lang='lat' dir='ltr'><strong>sic</strong></span> <span class='ocrx_word' id='word_1_62' title='bbox 1087 1197 1367 1236; x_wconf 89' lang='lat' dir='ltr'><strong>murorum</strong></span> <span class='ocrx_word' id='word_1_63' title='bbox 1402 1183 1802 1252; x_wconf 78' lang='lat' dir='ltr'><strong>propugnacula</strong></span> <span class='ocrx_word' id='word_1_64' title='bbox 1842 1185 2014 1240; x_wconf 86' lang='lat' dir='ltr'><strong>mira-</strong></span> 
     </span>
    </p>
   </div>
   <div class='ocr_carea' id='block_1_13' title="bbox 447 1275 2014 1347">
    <p class='ocr_par' dir='ltr' id='par_1_13' title="bbox 447 1275 2014 1347">
     <span class='ocr_line' id='line_1_13' title="bbox 447 1275 2014 1347; baseline 0 -15"><span class='ocrx_word' id='word_1_65' title='bbox 447 1281 629 1334; x_wconf 84' lang='lat' dir='ltr'><strong>biliter</strong></span> <span class='ocrx_word' id='word_1_66' title='bbox 660 1278 874 1347; x_wconf 88' lang='lat' dir='ltr'><strong>dejecit.</strong></span> <span class='ocrx_word' id='word_1_67' title='bbox 921 1275 1152 1346; x_wconf 88' lang='lat' dir='ltr'><strong>Imperio</strong></span> <span class='ocrx_word' id='word_1_68' title='bbox 1186 1287 1365 1329; x_wconf 87' lang='lat' dir='ltr'><strong>autem</strong></span> <span class='ocrx_word' id='word_1_69' title='bbox 1395 1290 1535 1342; x_wconf 89' lang='lat' dir='ltr'><strong>meo,</strong></span> <span class='ocrx_word' id='word_1_70' title='bbox 1563 1277 1708 1345; x_wconf 91' lang='lat' dir='ltr'><strong>quod</strong></span> <span class='ocrx_word' id='word_1_71' title='bbox 1741 1291 1882 1332; x_wconf 86' lang='lat' dir='ltr'><strong>novo</strong></span> <span class='ocrx_word' id='word_1_72' title='bbox 1917 1292 2014 1347; x_wconf 84' lang='lat' dir='ltr'><strong>po-</strong></span> 
     </span>
    </p>
   </div>
   <div class='ocr_carea' id='block_1_14' title="bbox 447 1365 2019 1444">
    <p class='ocr_par' dir='ltr' id='par_1_14' title="bbox 447 1365 2019 1444">
     <span class='ocr_line' id='line_1_14' title="bbox 447 1365 2019 1444; baseline -0.001 -20"><span class='ocrx_word' id='word_1_73' title='bbox 447 1374 573 1444; x_wconf 84' lang='lat' dir='ltr'><strong>pulo</strong></span> <span class='ocrx_word' id='word_1_74' title='bbox 600 1387 628 1425; x_wconf 91' lang='lat' dir='ltr'><strong>a</strong></span> <span class='ocrx_word' id='word_1_75' title='bbox 667 1370 775 1424; x_wconf 86' lang='lat' dir='ltr'><strong>Deo</strong></span> <span class='ocrx_word' id='word_1_76' title='bbox 801 1370 974 1423; x_wconf 88' lang='lat' dir='ltr'><strong>electo</strong></span> <span class='ocrx_word' id='word_1_77' title='bbox 1006 1377 1201 1437; x_wconf 75' lang='lat' dir='ltr'><strong>pra-est</strong></span> <span class='ocrx_word' id='word_1_78' title='bbox 1233 1377 1354 1438; x_wconf 86' lang='lat' dir='ltr'><strong>post</strong></span> <span class='ocrx_word' id='word_1_79' title='bbox 1400 1365 1550 1421; x_wconf 91' lang='lat' dir='ltr'><strong>illum</strong></span> <span class='ocrx_word' id='word_1_80' title='bbox 1590 1369 1888 1438; x_wconf 84' lang='lat' dir='ltr'><strong>principem</strong></span> <span class='ocrx_word' id='word_1_81' title='bbox 1923 1384 2019 1438; x_wconf 82' lang='lat' dir='ltr'><strong>po-</strong></span> 
     </span>
    </p>
   </div>
   <div class='ocr_carea' id='block_1_15' title="bbox 450 1447 2016 1534">
    <p class='ocr_par' dir='ltr' id='par_1_15' title="bbox 450 1447 2016 1534">
     <span class='ocr_line' id='line_1_15' title="bbox 450 1447 2016 1534; baseline -0.001 -19"><span class='ocrx_word' id='word_1_82' title='bbox 450 1465 558 1534; x_wconf 83' lang='lat' dir='ltr'><strong>puli</strong></span> <span class='ocrx_word' id='word_1_83' title='bbox 591 1470 932 1518; x_wconf 81' lang='lat' dir='ltr'><strong>servatorem</strong></span> <span class='ocrx_word' id='word_1_84' title='bbox 969 1469 1023 1513; x_wconf 92' lang='lat' dir='ltr'><strong>et</strong></span> <span class='ocrx_word' id='word_1_85' title='bbox 1053 1458 1265 1522; x_wconf 88' lang='lat' dir='ltr'><strong>ducem,</strong></span> <span class='ocrx_word' id='word_1_86' title='bbox 1305 1458 1467 1512; x_wconf 86' lang='lat' dir='ltr'><strong>alium</strong></span> <span class='ocrx_word' id='word_1_87' title='bbox 1500 1447 1726 1524; x_wconf 81' lang='lat' dir='ltr'><strong>Mosém,</strong></span> <span class='ocrx_word' id='word_1_88' title='bbox 1751 1457 2016 1530; x_wconf 82' lang='lat' dir='ltr'><strong>inclytum</strong></span> 
     </span>
    </p>
   </div>
   <div class='ocr_carea' id='block_1_16' title="bbox 449 1549 2018 1626">
    <p class='ocr_par' dir='ltr' id='par_1_16' title="bbox 449 1549 2018 1626">
     <span class='ocr_line' id='line_1_16' title="bbox 449 1549 2018 1626; baseline -0.003 -15"><span class='ocrx_word' id='word_1_89' title='bbox 449 1557 570 1612; x_wconf 86' lang='lat' dir='ltr'><strong>dico</strong></span> <span class='ocrx_word' id='word_1_90' title='bbox 617 1554 830 1626; x_wconf 87' lang='lat' dir='ltr'><strong>imperii</strong></span> <span class='ocrx_word' id='word_1_91' title='bbox 887 1551 991 1607; x_wconf 89' lang='lat' dir='ltr'><strong>mei</strong></span> <span class='ocrx_word' id='word_1_92' title='bbox 1045 1552 1323 1606; x_wconf 86' lang='lat' dir='ltr'><strong>dominum</strong></span> <span class='ocrx_word' id='word_1_93' title='bbox 1375 1559 1431 1605; x_wconf 87' lang='lat' dir='ltr'><strong>et</strong></span> <span class='ocrx_word' id='word_1_94' title='bbox 1475 1551 1800 1621; x_wconf 86' lang='lat' dir='ltr'><strong>genitorem,</strong></span> <span class='ocrx_word' id='word_1_95' title='bbox 1854 1549 2018 1606; x_wconf 85' lang='lat' dir='ltr'><strong>veluti</strong></span> 
     </span>
    </p>
   </div>
   <div class='ocr_carea' id='block_1_17' title="bbox 449 1643 2017 1719">
    <p class='ocr_par' dir='ltr' id='par_1_17' title="bbox 449 1643 2017 1719">
     <span class='ocr_line' id='line_1_17' title="bbox 449 1643 2017 1719; baseline -0.004 -16"><span class='ocrx_word' id='word_1_96' title='bbox 449 1648 698 1719; x_wconf 72' lang='lat' dir='ltr'><strong>qumdam</strong></span> <span class='ocrx_word' id='word_1_97' title='bbox 749 1645 1128 1703; x_wconf 80' lang='lat' dir='ltr'><strong>Jericbuntina</strong></span> <span class='ocrx_word' id='word_1_98' title='bbox 1161 1643 1361 1698; x_wconf 62' lang='lat' dir='ltr'><strong>muenia</strong></span> <span class='ocrx_word' id='word_1_99' title='bbox 1387 1680 1405 1709; x_wconf 89' lang='lat'><strong>,</strong></span> <span class='ocrx_word' id='word_1_100' title='bbox 1449 1643 1665 1698; x_wconf 89' lang='lat' dir='ltr'><strong>diruere</strong></span> <span class='ocrx_word' id='word_1_101' title='bbox 1708 1645 2017 1714; x_wconf 84' lang='lat' dir='ltr'><strong>properanti</strong></span> 
     </span>
    </p>
   </div>
   <div class='ocr_carea' id='block_1_18' title="bbox 450 1735 2017 1806">
    <p class='ocr_par' dir='ltr' id='par_1_18' title="bbox 450 1735 2017 1806">
     <span class='ocr_line' id='line_1_18' title="bbox 450 1735 2017 1806; baseline -0.006 -8"><span class='ocrx_word' id='word_1_102' title='bbox 450 1741 756 1798; x_wconf 86' lang='lat' dir='ltr'><strong>communis</strong></span> <span class='ocrx_word' id='word_1_103' title='bbox 825 1737 1259 1794; x_wconf 84' lang='lat' dir='ltr'><strong>Christianorum</strong></span> <span class='ocrx_word' id='word_1_104' title='bbox 1313 1736 1518 1791; x_wconf 90' lang='lat' dir='ltr'><strong>inimici</strong></span> <span class='ocrx_word' id='word_1_105' title='bbox 1573 1735 2017 1806; x_wconf 76' lang='lat' dir='ltr'><strong>prepugnacula,</strong></span> 
     </span>
    </p>
   </div>
   <div class='ocr_carea' id='block_1_19' title="bbox 2127 532 3665 609">
    <p class='ocr_par' dir='ltr' id='par_1_19' title="bbox 2127 532 3665 609">
     <span class='ocr_line' id='line_1_19' title="bbox 2127 532 3665 609; baseline -0.006 -14"><span class='ocrx_word' id='word_1_106' title='bbox 2127 541 2276 606; x_wconf 78' lang='grc' dir='ltr'>ἴσως</span> <span class='ocrx_word' id='word_1_107' title='bbox 2329 539 2694 609; x_wconf 74' lang='grc' dir='ltr'>δικαιώματα</span> <span class='ocrx_word' id='word_1_108' title='bbox 2743 536 2862 591; x_wconf 73' lang='grc' dir='ltr'>τῶν</span> <span class='ocrx_word' id='word_1_109' title='bbox 2914 532 3268 603; x_wconf 76' lang='grc' dir='ltr'><strong>ἁπανταχοῦ</strong></span> <span class='ocrx_word' id='word_1_110' title='bbox 3320 532 3665 600; x_wconf 64' lang='grc' dir='ltr'>ἐκκλησιῶν,</span> 
     </span>
    </p>
   </div>
   <div class='ocr_carea' id='block_1_20' title="bbox 2122 623 3667 698">
    <p class='ocr_par' dir='ltr' id='par_1_20' title="bbox 2122 623 3667 698">
     <span class='ocr_line' id='line_1_20' title="bbox 2122 623 3667 698; baseline -0.006 -12"><span class='ocrx_word' id='word_1_111' title='bbox 2122 629 2476 686; x_wconf 61' lang='grc' dir='ltr'>ἐπισκοπῶν</span> <span class='ocrx_word' id='word_1_112' title='bbox 2506 629 2793 698; x_wconf 70' lang='grc' dir='ltr'>δηλονότι</span> <span class='ocrx_word' id='word_1_113' title='bbox 2822 627 2925 680; x_wconf 77' lang='grc' dir='ltr'>καὶ</span> <span class='ocrx_word' id='word_1_114' title='bbox 2951 623 3381 695; x_wconf 71' lang='grc' dir='ltr'>μητροπόλεων</span> <span class='ocrx_word' id='word_1_115' title='bbox 3432 623 3526 676; x_wconf 75' lang='grc' dir='ltr'>καὶ</span> <span class='ocrx_word' id='word_1_116' title='bbox 3571 625 3667 676; x_wconf 85' lang='grc' dir='ltr'><strong>αὺ-</strong></span> 
     </span>
    </p>
   </div>
   <div class='ocr_carea' id='block_1_21' title="bbox 2122 709 3670 792">
    <p class='ocr_par' dir='ltr' id='par_1_21' title="bbox 2122 709 3670 792">
     <span class='ocr_line' id='line_1_21' title="bbox 2122 709 3670 792; baseline -0.005 -14"><span class='ocrx_word' id='word_1_117' title='bbox 2122 723 2226 790; x_wconf 76' lang='grc' dir='ltr'>τῆς</span> <span class='ocrx_word' id='word_1_118' title='bbox 2283 720 2390 792; x_wconf 82' lang='grc' dir='ltr'>τῆς</span> <span class='ocrx_word' id='word_1_119' title='bbox 2449 709 2732 790; x_wconf 61' lang='grc' dir='ltr'>Μεγάλης</span> <span class='ocrx_word' id='word_1_120' title='bbox 2798 719 3192 787; x_wconf 80' lang='grc' dir='ltr'>Ἑκκλησιάς.</span> <span class='ocrx_word' id='word_1_121' title='bbox 3249 714 3352 782; x_wconf 63' lang='lat'><strong>&#39;0;-</strong></span> <span class='ocrx_word' id='word_1_122' title='bbox 3390 715 3670 773; x_wconf 73' lang='grc' dir='ltr'>καὶκατὰ</span> 
     </span>
    </p>
   </div>
   <div class='ocr_carea' id='block_1_22' title="bbox 2120 810 2991 886">
    <p class='ocr_par' dir='ltr' id='par_1_22' title="bbox 2120 810 2991 886">
     <span class='ocr_line' id='line_1_22' title="bbox 2120 810 2991 886; baseline -0.007 -16"><span class='ocrx_word' id='word_1_123' title='bbox 2120 815 2290 886; x_wconf 74' lang='grc' dir='ltr'><strong>ῥῆμα</strong></span> <span class='ocrx_word' id='word_1_124' title='bbox 2324 815 2544 870; x_wconf 76' lang='grc' dir='ltr'>οὑτωσὶ</span> <span class='ocrx_word' id='word_1_125' title='bbox 2574 810 2991 883; x_wconf 70' lang='grc' dir='ltr'>διαλαμϐάνει·</span> 
     </span>
    </p>
   </div>
   <div class='ocr_carea' id='block_1_23' title="bbox 2205 899 3672 978">
    <p class='ocr_par' dir='ltr' id='par_1_23' title="bbox 2205 899 3672 978">
     <span class='ocr_line' id='line_1_23' title="bbox 2205 899 3672 978; baseline -0.005 -16"><span class='ocrx_word' id='word_1_126' title='bbox 2205 910 2265 962; x_wconf 83' lang='grc' dir='ltr'><strong>Ὀ</strong></span> <span class='ocrx_word' id='word_1_127' title='bbox 2306 908 2404 978; x_wconf 80' lang='grc' dir='ltr'><strong>μὲν</strong></span> <span class='ocrx_word' id='word_1_128' title='bbox 2433 907 2573 977; x_wconf 85' lang='grc' dir='ltr'><strong>μετὰ</strong></span> <span class='ocrx_word' id='word_1_129' title='bbox 2622 905 2828 960; x_wconf 82' lang='grc' dir='ltr'>Μωσέα</span> <span class='ocrx_word' id='word_1_130' title='bbox 2862 905 2957 957; x_wconf 81' lang='grc' dir='ltr'>τοῦ</span> <span class='ocrx_word' id='word_1_131' title='bbox 3001 901 3260 956; x_wconf 81' lang='grc' dir='ltr'>ἑκλεκτοῦ</span> <span class='ocrx_word' id='word_1_132' title='bbox 3303 899 3433 955; x_wconf 86' lang='grc' dir='ltr'>λαοῦ</span> <span class='ocrx_word' id='word_1_133' title='bbox 3482 901 3672 964; x_wconf 75' lang='grc' dir='ltr'>ἐκεῖνος</span> 
     </span>
    </p>
   </div>
   <div class='ocr_carea' id='block_1_24' title="bbox 2128 996 3675 1073">
    <p class='ocr_par' dir='ltr' id='par_1_24' title="bbox 2128 996 3675 1073">
     <span class='ocr_line' id='line_1_24' title="bbox 2128 996 3675 1073; baseline -0.006 -17"><span class='ocrx_word' id='word_1_134' title='bbox 2128 1003 2433 1073; x_wconf 84' lang='grc' dir='ltr'>στρατηγὸς</span> <span class='ocrx_word' id='word_1_135' title='bbox 2480 1002 2693 1072; x_wconf 80' lang='grc' dir='ltr'>Ἰησοῦς</span> <span class='ocrx_word' id='word_1_136' title='bbox 2732 1000 2801 1053; x_wconf 80' lang='grc' dir='ltr'>τὰ</span> <span class='ocrx_word' id='word_1_137' title='bbox 2836 998 3222 1069; x_wconf 83' lang='grc' dir='ltr'>Ἵεριχούντεια</span> <span class='ocrx_word' id='word_1_138' title='bbox 3253 996 3504 1051; x_wconf 76' lang='grc' dir='ltr'><strong>καθελεῖν</strong></span> <span class='ocrx_word' id='word_1_139' title='bbox 3537 998 3675 1048; x_wconf 67' lang='grc' dir='ltr'>ἔπεια</span> 
     </span>
    </p>
   </div>
   <div class='ocr_carea' id='block_1_25' title="bbox 2126 1088 3675 1166">
    <p class='ocr_par' dir='ltr' id='par_1_25' title="bbox 2126 1088 3675 1166">
     <span class='ocr_line' id='line_1_25' title="bbox 2126 1088 3675 1166; baseline -0.006 -17"><span class='ocrx_word' id='word_1_140' title='bbox 2126 1096 2362 1164; x_wconf 83' lang='grc' dir='ltr'>γόμενος</span> <span class='ocrx_word' id='word_1_141' title='bbox 2411 1093 2746 1166; x_wconf 77' lang='grc' dir='ltr'><strong>ὀχυρώματα</strong></span> <span class='ocrx_word' id='word_1_142' title='bbox 2786 1094 2900 1156; x_wconf 75' lang='grc' dir='ltr'>τοῖς</span> <span class='ocrx_word' id='word_1_143' title='bbox 2933 1090 3140 1163; x_wconf 72' lang='grc' dir='ltr'>ἱερεῦσι</span> <span class='ocrx_word' id='word_1_144' title='bbox 3188 1090 3377 1161; x_wconf 80' lang='grc' dir='ltr'>κύκλῳ</span> <span class='ocrx_word' id='word_1_145' title='bbox 3410 1088 3675 1152; x_wconf 74' lang='grc' dir='ltr'><strong>σαλπίζειν</strong></span> 
     </span>
    </p>
   </div>
   <div class='ocr_carea' id='block_1_26' title="bbox 2123 1180 3674 1254">
    <p class='ocr_par' dir='ltr' id='par_1_26' title="bbox 2123 1180 3674 1254">
     <span class='ocr_line' id='line_1_26' title="bbox 2123 1180 3674 1254; baseline -0.003 -15"><span class='ocrx_word' id='word_1_146' title='bbox 2123 1187 2366 1251; x_wconf 83' lang='grc' dir='ltr'>ἐκέλευε,</span> <span class='ocrx_word' id='word_1_147' title='bbox 2419 1187 2515 1240; x_wconf 70' lang='grc' dir='ltr'>καὶ</span> <span class='ocrx_word' id='word_1_148' title='bbox 2581 1184 2729 1238; x_wconf 78' lang='grc' dir='ltr'>οὕτω</span> <span class='ocrx_word' id='word_1_149' title='bbox 2785 1181 3112 1254; x_wconf 81' lang='grc' dir='ltr'><strong>παραδόξως</strong></span> <span class='ocrx_word' id='word_1_150' title='bbox 3181 1182 3282 1246; x_wconf 79' lang='grc' dir='ltr'>τὰς</span> <span class='ocrx_word' id='word_1_151' title='bbox 3338 1181 3446 1241; x_wconf 79' lang='grc' dir='ltr'><strong>τῶν</strong></span> <span class='ocrx_word' id='word_1_152' title='bbox 3493 1180 3674 1251; x_wconf 80' lang='grc' dir='ltr'>τειχῶν</span> 
     </span>
    </p>
   </div>
   <div class='ocr_carea' id='block_1_27' title="bbox 2124 1271 3676 1350">
    <p class='ocr_par' dir='ltr' id='par_1_27' title="bbox 2124 1271 3676 1350">
     <span class='ocr_line' id='line_1_27' title="bbox 2124 1271 3676 1350; baseline -0.006 -18"><span class='ocrx_word' id='word_1_153' title='bbox 2124 1278 2379 1343; x_wconf 68' lang='grc' dir='ltr'>ἑπάλξεις</span> <span class='ocrx_word' id='word_1_154' title='bbox 2436 1277 2818 1350; x_wconf 76' lang='grc' dir='ltr'>κατέῤῥιπτε·</span> <span class='ocrx_word' id='word_1_155' title='bbox 2882 1278 2948 1346; x_wconf 83' lang='grc' dir='ltr'>τῇ</span> <span class='ocrx_word' id='word_1_156' title='bbox 3014 1275 3070 1328; x_wconf 79' lang='grc' dir='ltr'>δὲ</span> <span class='ocrx_word' id='word_1_157' title='bbox 3121 1272 3216 1327; x_wconf 80' lang='grc' dir='ltr'>τοῦ</span> <span class='ocrx_word' id='word_1_158' title='bbox 3276 1273 3398 1332; x_wconf 79' lang='grc' dir='ltr'>νέου</span> <span class='ocrx_word' id='word_1_159' title='bbox 3452 1271 3529 1339; x_wconf 83' lang='grc' dir='ltr'>τῷ</span> <span class='ocrx_word' id='word_1_160' title='bbox 3571 1271 3676 1341; x_wconf 82' lang='grc' dir='ltr'><strong>Θεῷ</strong></span> 
     </span>
    </p>
   </div>
   <div class='ocr_carea' id='block_1_28' title="bbox 2124 1363 3678 1442">
    <p class='ocr_par' dir='ltr' id='par_1_28' title="bbox 2124 1363 3678 1442">
     <span class='ocr_line' id='line_1_28' title="bbox 2124 1363 3678 1442; baseline -0.006 -17"><span class='ocrx_word' id='word_1_161' title='bbox 2124 1371 2387 1426; x_wconf 76' lang='grc' dir='ltr'>ὲκλεκτοῦ</span> <span class='ocrx_word' id='word_1_162' title='bbox 2419 1370 2814 1442; x_wconf 78' lang='grc' dir='ltr'>καθηγουμένῃ</span> <span class='ocrx_word' id='word_1_163' title='bbox 2854 1368 3048 1423; x_wconf 85' lang='grc' dir='ltr'>τούτου</span> <span class='ocrx_word' id='word_1_164' title='bbox 3126 1366 3254 1420; x_wconf 76' lang='grc' dir='ltr'>λαιῦ</span> <span class='ocrx_word' id='word_1_165' title='bbox 3293 1363 3539 1437; x_wconf 76' lang='grc' dir='ltr'><strong>βασιλείᾳ</strong></span> <span class='ocrx_word' id='word_1_166' title='bbox 3590 1381 3678 1433; x_wconf 83' lang='grc' dir='ltr'>μου</span> 
     </span>
    </p>
   </div>
   <div class='ocr_carea' id='block_1_29' title="bbox 2091 1451 3677 1536">
    <p class='ocr_par' dir='ltr' id='par_1_29' title="bbox 2091 1451 3677 1536">
     <span class='ocr_line' id='line_1_29' title="bbox 2091 1451 3677 1536; baseline -0.009 -19"><span class='ocrx_word' id='word_1_167' title='bbox 2091 1487 2095 1491; x_wconf 93' lang='grc'><strong>·</strong></span> <span class='ocrx_word' id='word_1_168' title='bbox 2127 1464 2268 1536; x_wconf 82' lang='grc' dir='ltr'><strong>μετὰ</strong></span> <span class='ocrx_word' id='word_1_169' title='bbox 2295 1462 2386 1516; x_wconf 81' lang='grc' dir='ltr'>τὸν</span> <span class='ocrx_word' id='word_1_170' title='bbox 2430 1464 2488 1516; x_wconf 82' lang='grc' dir='ltr'>ὲν</span> <span class='ocrx_word' id='word_1_171' title='bbox 2525 1459 2847 1533; x_wconf 77' lang='grc' dir='ltr'>βασιλεῦσιν</span> <span class='ocrx_word' id='word_1_172' title='bbox 2887 1460 3103 1513; x_wconf 81' lang='grc' dir='ltr'>ἐκεῖνον</span> <span class='ocrx_word' id='word_1_173' title='bbox 3149 1457 3310 1512; x_wconf 78' lang='grc' dir='ltr'>ἄλλον</span> <span class='ocrx_word' id='word_1_174' title='bbox 3342 1453 3563 1518; x_wconf 83' lang='grc' dir='ltr'>Μωσέα,</span> <span class='ocrx_word' id='word_1_175' title='bbox 3597 1451 3677 1506; x_wconf 79' lang='grc' dir='ltr'>τοῦ</span> 
     </span>
    </p>
   </div>
   <div class='ocr_carea' id='block_1_30' title="bbox 2126 1546 3681 1627">
    <p class='ocr_par' dir='ltr' id='par_1_30' title="bbox 2126 1546 3681 1627">
     <span class='ocr_line' id='line_1_30' title="bbox 2126 1546 3681 1627; baseline -0.008 -17"><span class='ocrx_word' id='word_1_176' title='bbox 2126 1556 2257 1612; x_wconf 83' lang='grc' dir='ltr'>λαοῦ</span> <span class='ocrx_word' id='word_1_177' title='bbox 2313 1557 2537 1627; x_wconf 80' lang='grc' dir='ltr'>σωτῆρα</span> <span class='ocrx_word' id='word_1_178' title='bbox 2589 1555 2686 1610; x_wconf 77' lang='grc' dir='ltr'>καὶ</span> <span class='ocrx_word' id='word_1_179' title='bbox 2735 1551 2953 1625; x_wconf 78' lang='grc' dir='ltr'><strong>ὁδηγὸν,</strong></span> <span class='ocrx_word' id='word_1_180' title='bbox 3010 1551 3101 1604; x_wconf 75' lang='grc' dir='ltr'><strong>τὸν</strong></span> <span class='ocrx_word' id='word_1_181' title='bbox 3150 1551 3398 1618; x_wconf 75' lang='grc' dir='ltr'>ἀοίδιμον</span> <span class='ocrx_word' id='word_1_182' title='bbox 3431 1547 3572 1615; x_wconf 84' lang='grc' dir='ltr'>λέγω</span> <span class='ocrx_word' id='word_1_183' title='bbox 3598 1546 3681 1600; x_wconf 79' lang='grc' dir='ltr'>αύ-</span> 
     </span>
    </p>
   </div>
   <div class='ocr_carea' id='block_1_31' title="bbox 2127 1640 3680 1721">
    <p class='ocr_par' dir='ltr' id='par_1_31' title="bbox 2127 1640 3680 1721">
     <span class='ocr_line' id='line_1_31' title="bbox 2127 1640 3680 1721; baseline -0.008 -17"><span class='ocrx_word' id='word_1_184' title='bbox 2127 1651 2319 1721; x_wconf 85' lang='grc' dir='ltr'>θέντην</span> <span class='ocrx_word' id='word_1_185' title='bbox 2363 1649 2465 1720; x_wconf 77' lang='grc' dir='ltr'>τῆς</span> <span class='ocrx_word' id='word_1_186' title='bbox 2511 1648 2791 1720; x_wconf 79' lang='grc' dir='ltr'><strong>βασιλείας</strong></span> <span class='ocrx_word' id='word_1_187' title='bbox 2851 1663 2953 1718; x_wconf 87' lang='grc' dir='ltr'><strong>μου</strong></span> <span class='ocrx_word' id='word_1_188' title='bbox 3009 1645 3106 1700; x_wconf 73' lang='grc' dir='ltr'>καὶ</span> <span class='ocrx_word' id='word_1_189' title='bbox 3155 1644 3490 1712; x_wconf 72' lang='grc' dir='ltr'>γεννήτορα,</span> <span class='ocrx_word' id='word_1_190' title='bbox 3514 1640 3680 1711; x_wconf 80' lang='grc' dir='ltr'>ῶσπερ</span> 
     </span>
    </p>
   </div>
   <div class='ocr_carea' id='block_1_32' title="bbox 2127 1735 3682 1813">
    <p class='ocr_par' dir='ltr' id='par_1_32' title="bbox 2127 1735 3682 1813">
     <span class='ocr_line' id='line_1_32' title="bbox 2127 1735 3682 1813; baseline -0.007 -18"><span class='ocrx_word' id='word_1_191' title='bbox 2127 1742 2251 1796; x_wconf 84' lang='grc' dir='ltr'>τινὰ</span> <span class='ocrx_word' id='word_1_192' title='bbox 2298 1741 2449 1813; x_wconf 81' lang='grc' dir='ltr'><strong>τείχη</strong></span> <span class='ocrx_word' id='word_1_193' title='bbox 2483 1741 2738 1796; x_wconf 81' lang='grc' dir='ltr'>καθελεῖν</span> <span class='ocrx_word' id='word_1_194' title='bbox 2781 1738 3122 1810; x_wconf 74' lang='grc' dir='ltr'><strong>ἐπειγομένη</strong></span> <span class='ocrx_word' id='word_1_195' title='bbox 3163 1735 3551 1808; x_wconf 76' lang='grc' dir='ltr'>Ἰεριχούντεια</span> <span class='ocrx_word' id='word_1_196' title='bbox 3599 1735 3682 1795; x_wconf 72' lang='grc' dir='ltr'>τὰς</span> 
     </span>
    </p>
   </div>
   <div class='ocr_carea' id='block_1_33' title="bbox 449 1823 2031 1904">
    <p class='ocr_par' dir='ltr' id='par_1_33' title="bbox 449 1827 1996 1898">
     <span class='ocr_line' id='line_1_33' title="bbox 449 1827 1996 1898; baseline -0.006 -9"><span class='ocrx_word' id='word_1_197' title='bbox 449 1833 808 1889; x_wconf 68' lang='lat' dir='ltr'><strong>occidentalis</strong></span> <span class='ocrx_word' id='word_1_198' title='bbox 838 1831 956 1886; x_wconf 87' lang='lat' dir='ltr'><strong>dico</strong></span> <span class='ocrx_word' id='word_1_199' title='bbox 1000 1829 1254 1884; x_wconf 85' lang='lat' dir='ltr'><strong>draconis</strong></span> <span class='ocrx_word' id='word_1_200' title='bbox 1286 1827 1384 1897; x_wconf 78' lang='lat'><strong>(6),</strong></span> <span class='ocrx_word' id='word_1_201' title='bbox 1417 1827 1505 1898; x_wconf 88' lang='lat' dir='ltr'><strong>qui</strong></span> <span class='ocrx_word' id='word_1_202' title='bbox 1540 1828 1593 1881; x_wconf 90' lang='lat' dir='ltr'><strong>in</strong></span> <span class='ocrx_word' id='word_1_203' title='bbox 1624 1827 1810 1884; x_wconf 85' lang='lat' dir='ltr'><strong>Sicilia</strong></span> <span class='ocrx_word' id='word_1_204' title='bbox 1839 1836 1996 1897; x_wconf 90' lang='lat' dir='ltr'><strong>tyran</strong></span> 
     </span>
    </p>
   </div>
   <div class='ocr_carea' id='block_1_34' title="bbox 2141 1823 3682 1904">
    <p class='ocr_par' dir='ltr' id='par_1_34' title="bbox 2141 1823 3682 1904">
     <span class='ocr_line' id='line_1_34' title="bbox 2141 1823 3682 1904; baseline -0.009 -14"><span class='ocrx_word' id='word_1_205' title='bbox 2141 1836 2222 1890; x_wconf 79' lang='grc' dir='ltr'>τοῦ</span> <span class='ocrx_word' id='word_1_206' title='bbox 2256 1836 2440 1889; x_wconf 82' lang='grc' dir='ltr'>κοινοῦ</span> <span class='ocrx_word' id='word_1_207' title='bbox 2471 1833 2579 1888; x_wconf 88' lang='grc' dir='ltr'><strong>τῶν</strong></span> <span class='ocrx_word' id='word_1_208' title='bbox 2621 1832 2973 1904; x_wconf 83' lang='grc' dir='ltr'>Χριστιανῶν</span> <span class='ocrx_word' id='word_1_209' title='bbox 3023 1827 3222 1900; x_wconf 76' lang='grc' dir='ltr'>ἐχθροῦ</span> <span class='ocrx_word' id='word_1_210' title='bbox 3256 1826 3573 1897; x_wconf 77' lang='grc' dir='ltr'>όχυρώσεις,</span> <span class='ocrx_word' id='word_1_211' title='bbox 3601 1823 3682 1876; x_wconf 79' lang='grc' dir='ltr'>τοῦ</span> 
     </span>
    </p>
   </div>
   <div class='ocr_carea' id='block_1_35' title="bbox 451 1919 2031 1999">
    <p class='ocr_par' dir='ltr' id='par_1_35' title="bbox 451 1919 2027 1992">
     <span class='ocr_line' id='line_1_35' title="bbox 451 1919 2027 1992; baseline -0.004 -10"><span class='ocrx_word' id='word_1_212' title='bbox 451 1928 631 1982; x_wconf 90' lang='lat' dir='ltr'><strong>nidem</strong></span> <span class='ocrx_word' id='word_1_213' title='bbox 672 1934 911 1992; x_wconf 85' lang='lat' dir='ltr'><strong>exercet,</strong></span> <span class='ocrx_word' id='word_1_214' title='bbox 945 1934 1000 1979; x_wconf 89' lang='lat' dir='ltr'><strong>et</strong></span> <span class='ocrx_word' id='word_1_215' title='bbox 1032 1923 1182 1977; x_wconf 89' lang='lat' dir='ltr'><strong>illinc</strong></span> <span class='ocrx_word' id='word_1_216' title='bbox 1211 1922 1475 1975; x_wconf 86' lang='lat' dir='ltr'><strong>adversus</strong></span> <span class='ocrx_word' id='word_1_217' title='bbox 1511 1919 1816 1976; x_wconf 79' lang='lat' dir='ltr'><strong>Romanum</strong></span> <span class='ocrx_word' id='word_1_218' title='bbox 1855 1923 2027 1989; x_wconf 85' lang='lat' dir='ltr'><strong>impe-</strong></span> 
     </span>
    </p>
   </div>
   <div class='ocr_carea' id='block_1_36' title="bbox 2141 1919 3684 1999">
    <p class='ocr_par' dir='ltr' id='par_1_36' title="bbox 2141 1919 3684 1999">
     <span class='ocr_line' id='line_1_36' title="bbox 2141 1919 3684 1999; baseline -0.008 -17"><span class='ocrx_word' id='word_1_219' title='bbox 2141 1928 2348 1983; x_wconf 73' lang='grc' dir='ltr'>Ξυτικοῦ</span> <span class='ocrx_word' id='word_1_220' title='bbox 2385 1928 2534 1999; x_wconf 80' lang='grc' dir='ltr'>λέγω</span> <span class='ocrx_word' id='word_1_221' title='bbox 2567 1926 2902 1997; x_wconf 71' lang='grc' dir='ltr'>δράκοντος,</span> <span class='ocrx_word' id='word_1_222' title='bbox 2932 1922 3026 1977; x_wconf 78' lang='grc' dir='ltr'>τοῦ</span> <span class='ocrx_word' id='word_1_223' title='bbox 3065 1922 3166 1993; x_wconf 81' lang='grc' dir='ltr'>τῆς</span> <span class='ocrx_word' id='word_1_224' title='bbox 3214 1919 3502 1989; x_wconf 77' lang='grc' dir='ltr'><strong>Σικελικῆς</strong></span> <span class='ocrx_word' id='word_1_225' title='bbox 3536 1933 3684 1971; x_wconf 82' lang='grc' dir='ltr'>κατα·</span> 
     </span>
    </p>
   </div>
   <div class='ocr_carea' id='block_1_37' title="bbox 452 2008 2031 2093">
    <p class='ocr_par' dir='ltr' id='par_1_37' title="bbox 452 2013 2024 2088">
     <span class='ocr_line' id='line_1_37' title="bbox 452 2013 2024 2088; baseline -0.004 -14"><span class='ocrx_word' id='word_1_226' title='bbox 452 2023 593 2074; x_wconf 88' lang='lat' dir='ltr'><strong>rium</strong></span> <span class='ocrx_word' id='word_1_227' title='bbox 618 2019 848 2073; x_wconf 75' lang='lat' dir='ltr'><strong>latenter</strong></span> <span class='ocrx_word' id='word_1_228' title='bbox 867 2016 1129 2088; x_wconf 82' lang='lat' dir='ltr'><strong>prorepit,</strong></span> <span class='ocrx_word' id='word_1_229' title='bbox 1159 2014 1320 2068; x_wconf 83' lang='lat' dir='ltr'><strong>veluti</strong></span> <span class='ocrx_word' id='word_1_230' title='bbox 1341 2013 1674 2081; x_wconf 86' lang='lat' dir='ltr'><strong>spiritalibus</strong></span> <span class='ocrx_word' id='word_1_231' title='bbox 1695 2013 2024 2084; x_wconf 84' lang='lat' dir='ltr'><strong>quibusdam</strong></span> 
     </span>
    </p>
   </div>
   <div class='ocr_carea' id='block_1_38' title="bbox 2141 2008 3687 2093">
    <p class='ocr_par' dir='ltr' id='par_1_38' title="bbox 2141 2008 3687 2093">
     <span class='ocr_line' id='line_1_38' title="bbox 2141 2008 3687 2093; baseline -0.009 -18"><span class='ocrx_word' id='word_1_232' title='bbox 2141 2019 2521 2093; x_wconf 73' lang='grc' dir='ltr'>τυραννοῦντος</span> <span class='ocrx_word' id='word_1_233' title='bbox 2554 2020 2678 2088; x_wconf 77' lang='grc' dir='ltr'>γῆς,</span> <span class='ocrx_word' id='word_1_234' title='bbox 2715 2017 2974 2072; x_wconf 84' lang='grc' dir='ltr'>κάκεῖθεν</span> <span class='ocrx_word' id='word_1_235' title='bbox 3002 2015 3142 2069; x_wconf 75' lang='grc' dir='ltr'>κατὰ</span> <span class='ocrx_word' id='word_1_236' title='bbox 3161 2012 3263 2082; x_wconf 83' lang='grc' dir='ltr'>τῆς</span> <span class='ocrx_word' id='word_1_237' title='bbox 3279 2011 3391 2066; x_wconf 87' lang='grc' dir='ltr'><strong>τῶν</strong></span> <span class='ocrx_word' id='word_1_238' title='bbox 3425 2008 3687 2080; x_wconf 79' lang='grc' dir='ltr'>Ῥωμαίων</span> 
     </span>
    </p>
   </div>
   <div class='ocr_carea' id='block_1_39' title="bbox 459 2105 2027 2177">
    <p class='ocr_par' dir='ltr' id='par_1_39' title="bbox 459 2105 2027 2177">
     <span class='ocr_line' id='line_1_39' title="bbox 459 2105 2027 2177; baseline -0.003 -12"><span class='ocrx_word' id='word_1_239' title='bbox 459 2111 625 2177; x_wconf 86' lang='lat' dir='ltr'><strong>tubis,</strong></span> <span class='ocrx_word' id='word_1_240' title='bbox 660 2109 854 2165; x_wconf 85' lang='lat' dir='ltr'><strong>vestris</strong></span> <span class='ocrx_word' id='word_1_241' title='bbox 883 2108 1190 2165; x_wconf 87' lang='lat' dir='ltr'><strong>antistitum</strong></span> <span class='ocrx_word' id='word_1_242' title='bbox 1227 2105 1396 2160; x_wconf 88' lang='lat' dir='ltr'><strong>Deum</strong></span> <span class='ocrx_word' id='word_1_243' title='bbox 1435 2105 1591 2161; x_wconf 88' lang='lat' dir='ltr'><strong>nobis</strong></span> <span class='ocrx_word' id='word_1_244' title='bbox 1639 2107 1884 2176; x_wconf 87' lang='lat' dir='ltr'><strong>quotidie</strong></span> <span class='ocrx_word' id='word_1_245' title='bbox 1914 2108 2027 2175; x_wconf 81' lang='lat' dir='ltr'><strong>pla-</strong></span> 
     </span>
    </p>
   </div>
   <div class='ocr_carea' id='block_1_40' title="bbox 455 2198 2027 2272">
    <p class='ocr_par' dir='ltr' id='par_1_40' title="bbox 455 2198 2027 2272">
     <span class='ocr_line' id='line_1_40' title="bbox 455 2198 2027 2272; baseline -0.005 -11"><span class='ocrx_word' id='word_1_246' title='bbox 455 2198 701 2261; x_wconf 72' lang='lat' dir='ltr'><strong>Cantiuni</strong></span> <span class='ocrx_word' id='word_1_247' title='bbox 728 2201 1016 2272; x_wconf 83' lang='lat' dir='ltr'><strong>precibus,</strong></span> <span class='ocrx_word' id='word_1_248' title='bbox 1042 2201 1110 2255; x_wconf 86' lang='lat' dir='ltr'><strong>ad</strong></span> <span class='ocrx_word' id='word_1_249' title='bbox 1131 2199 1278 2253; x_wconf 75' lang='lat' dir='ltr'><strong>illuni</strong></span> <span class='ocrx_word' id='word_1_250' title='bbox 1305 2199 1625 2254; x_wconf 78' lang='lat' dir='ltr'><strong>diruendam</strong></span> <span class='ocrx_word' id='word_1_251' title='bbox 1649 2200 2027 2268; x_wconf 80' lang='lat' dir='ltr'><strong>adjuvantibus</strong></span> 
     </span>
    </p>
   </div>
   <div class='ocr_carea' id='block_1_41' title="bbox 451 2291 2026 2368">
    <p class='ocr_par' dir='ltr' id='par_1_41' title="bbox 451 2291 2026 2368">
     <span class='ocr_line' id='line_1_41' title="bbox 451 2291 2026 2368; baseline -0.005 -15"><span class='ocrx_word' id='word_1_252' title='bbox 451 2314 590 2368; x_wconf 88' lang='lat' dir='ltr'><strong>opus</strong></span> <span class='ocrx_word' id='word_1_253' title='bbox 618 2306 721 2352; x_wconf 88' lang='lat' dir='ltr'><strong>est.</strong></span> <span class='ocrx_word' id='word_1_254' title='bbox 754 2297 859 2351; x_wconf 83' lang='lat' dir='ltr'><strong>Sed</strong></span> <span class='ocrx_word' id='word_1_255' title='bbox 893 2303 947 2350; x_wconf 89' lang='lat' dir='ltr'><strong>et</strong></span> <span class='ocrx_word' id='word_1_256' title='bbox 982 2295 1097 2365; x_wconf 88' lang='lat' dir='ltr'><strong>ipse</strong></span> <span class='ocrx_word' id='word_1_257' title='bbox 1142 2292 1357 2347; x_wconf 86' lang='lat' dir='ltr'><strong>divinus</strong></span> <span class='ocrx_word' id='word_1_258' title='bbox 1403 2291 1602 2358; x_wconf 80' lang='lat' dir='ltr'><strong>Moses,</strong></span> <span class='ocrx_word' id='word_1_259' title='bbox 1652 2294 1868 2363; x_wconf 86' lang='lat' dir='ltr'><strong>quando</strong></span> <span class='ocrx_word' id='word_1_260' title='bbox 1902 2309 2026 2348; x_wconf 90' lang='lat' dir='ltr'><strong>cum</strong></span> 
     </span>
    </p>
   </div>
   <div class='ocr_carea' id='block_1_42' title="bbox 458 2371 2028 2457">
    <p class='ocr_par' dir='ltr' id='par_1_42' title="bbox 458 2371 2028 2457">
     <span class='ocr_line' id='line_1_42' title="bbox 458 2371 2028 2457; baseline -0.003 -12"><span class='ocrx_word' id='word_1_261' title='bbox 458 2389 682 2445; x_wconf 83' lang='lat' dir='ltr'><strong>Amalec</strong></span> <span class='ocrx_word' id='word_1_262' title='bbox 713 2386 958 2457; x_wconf 71' lang='lat' dir='ltr'><strong>prrclium</strong></span> <span class='ocrx_word' id='word_1_263' title='bbox 990 2371 1285 2450; x_wconf 90' lang='lat' dir='ltr'><strong>commisit,</strong></span> <span class='ocrx_word' id='word_1_264' title='bbox 1334 2383 1712 2441; x_wconf 86' lang='lat' dir='ltr'><strong>sacerdOtibus</strong></span> <span class='ocrx_word' id='word_1_265' title='bbox 1753 2386 2028 2456; x_wconf 80' lang='lat' dir='ltr'><strong>utrimque</strong></span> 
     </span>
    </p>
   </div>
   <div class='ocr_carea' id='block_1_43' title="bbox 460 2472 2029 2547">
    <p class='ocr_par' dir='ltr' id='par_1_43' title="bbox 460 2472 2029 2547">
     <span class='ocr_line' id='line_1_43' title="bbox 460 2472 2029 2547; baseline -0.003 -13"><span class='ocrx_word' id='word_1_266' title='bbox 460 2483 702 2545; x_wconf 84' lang='lat' dir='ltr'><strong>innixus,</strong></span> <span class='ocrx_word' id='word_1_267' title='bbox 737 2479 818 2532; x_wconf 91' lang='lat' dir='ltr'><strong>sic</strong></span> <span class='ocrx_word' id='word_1_268' title='bbox 865 2491 987 2530; x_wconf 89' lang='lat' dir='ltr'><strong>eum</strong></span> <span class='ocrx_word' id='word_1_269' title='bbox 1041 2473 1254 2544; x_wconf 80' lang='lat' dir='ltr'><strong>fugavit</strong></span> <span class='ocrx_word' id='word_1_270' title='bbox 1303 2480 1357 2527; x_wconf 90' lang='lat' dir='ltr'><strong>et</strong></span> <span class='ocrx_word' id='word_1_271' title='bbox 1389 2473 1534 2528; x_wconf 85' lang='lat' dir='ltr'><strong>vicit.</strong></span> <span class='ocrx_word' id='word_1_272' title='bbox 1574 2472 1729 2529; x_wconf 88' lang='lat' dir='ltr'><strong>Sicut</strong></span> <span class='ocrx_word' id='word_1_273' title='bbox 1757 2474 1849 2530; x_wconf 90' lang='lat' dir='ltr'><strong>ille</strong></span> <span class='ocrx_word' id='word_1_274' title='bbox 1878 2490 2029 2547; x_wconf 76' lang='lat' dir='ltr'><strong>ergo,</strong></span> 
     </span>
    </p>
   </div>
   <div class='ocr_carea' id='block_1_44' title="bbox 458 2565 2030 2640">
    <p class='ocr_par' dir='ltr' id='par_1_44' title="bbox 458 2565 2030 2640">
     <span class='ocr_line' id='line_1_44' title="bbox 458 2565 2030 2640; baseline -0.003 -13"><span class='ocrx_word' id='word_1_275' title='bbox 458 2588 639 2628; x_wconf 78' lang='lat' dir='ltr'><strong>meum</strong></span> <span class='ocrx_word' id='word_1_276' title='bbox 697 2583 912 2640; x_wconf 82' lang='lat' dir='ltr'><strong>quoque</strong></span> <span class='ocrx_word' id='word_1_277' title='bbox 960 2567 1244 2638; x_wconf 83' lang='lat' dir='ltr'><strong>imperium</strong></span> <span class='ocrx_word' id='word_1_278' title='bbox 1305 2565 1605 2620; x_wconf 87' lang='lat' dir='ltr'><strong>antistitum</strong></span> <span class='ocrx_word' id='word_1_279' title='bbox 1658 2567 2030 2623; x_wconf 86' lang='lat' dir='ltr'><strong>sustentaculo</strong></span> 
     </span>
    </p>
   </div>
   <div class='ocr_carea' id='block_1_45' title="bbox 459 2661 2033 2737">
    <p class='ocr_par' dir='ltr' id='par_1_45' title="bbox 459 2661 2033 2737">
     <span class='ocr_line' id='line_1_45' title="bbox 459 2661 2033 2737; baseline -0.003 -15"><span class='ocrx_word' id='word_1_280' title='bbox 459 2667 732 2737; x_wconf 75' lang='lat' dir='ltr'><strong>indigens,</strong></span> <span class='ocrx_word' id='word_1_281' title='bbox 766 2664 833 2719; x_wconf 86' lang='lat' dir='ltr'><strong>ad</strong></span> <span class='ocrx_word' id='word_1_282' title='bbox 882 2662 1055 2718; x_wconf 88' lang='lat' dir='ltr'><strong>aciem</strong></span> <span class='ocrx_word' id='word_1_283' title='bbox 1093 2663 1355 2714; x_wconf 80' lang='lat' dir='ltr'><strong>adversus</strong></span> <span class='ocrx_word' id='word_1_284' title='bbox 1404 2675 1599 2714; x_wconf 85' lang='lat' dir='ltr'><strong>novum</strong></span> <span class='ocrx_word' id='word_1_285' title='bbox 1635 2663 1778 2716; x_wconf 89' lang='lat' dir='ltr'><strong>hunc</strong></span> <span class='ocrx_word' id='word_1_286' title='bbox 1808 2661 2033 2718; x_wconf 82' lang='lat' dir='ltr'><strong>Amalec</strong></span> 
     </span>
    </p>
   </div>
   <div class='ocr_carea' id='block_1_46' title="bbox 459 2751 2032 2829">
    <p class='ocr_par' dir='ltr' id='par_1_46' title="bbox 459 2751 2032 2829">
     <span class='ocr_line' id='line_1_46' title="bbox 459 2751 2032 2829; baseline -0.003 -18"><span class='ocrx_word' id='word_1_287' title='bbox 459 2755 818 2829; x_wconf 78' lang='lat' dir='ltr'><strong>praposit,am,</strong></span> <span class='ocrx_word' id='word_1_288' title='bbox 875 2762 932 2809; x_wconf 91' lang='lat' dir='ltr'><strong>et</strong></span> <span class='ocrx_word' id='word_1_289' title='bbox 975 2751 1142 2806; x_wconf 83' lang='lat' dir='ltr'><strong>veluti</strong></span> <span class='ocrx_word' id='word_1_290' title='bbox 1199 2754 1486 2822; x_wconf 85' lang='lat' dir='ltr'><strong>quamdam</strong></span> <span class='ocrx_word' id='word_1_291' title='bbox 1539 2753 1675 2807; x_wconf 86' lang='lat' dir='ltr'><strong>lucis</strong></span> <span class='ocrx_word' id='word_1_292' title='bbox 1723 2753 2032 2807; x_wconf 90' lang='lat' dir='ltr'><strong>columnam</strong></span> 
     </span>
    </p>
   </div>
   <div class='ocr_carea' id='block_1_47' title="bbox 465 2839 2035 2915">
    <p class='ocr_par' dir='ltr' id='par_1_47' title="bbox 465 2839 2035 2915">
     <span class='ocr_line' id='line_1_47' title="bbox 465 2839 2035 2915; baseline 0 -17"><span class='ocrx_word' id='word_1_293' title='bbox 465 2858 662 2899; x_wconf 86' lang='lat' dir='ltr'><strong>novum</strong></span> <span class='ocrx_word' id='word_1_294' title='bbox 702 2843 844 2896; x_wconf 85' lang='lat' dir='ltr'><strong>hunc</strong></span> <span class='ocrx_word' id='word_1_295' title='bbox 896 2841 1059 2897; x_wconf 87' lang='lat' dir='ltr'><strong>Israel</strong></span> <span class='ocrx_word' id='word_1_296' title='bbox 1107 2844 1525 2912; x_wconf 70' lang='lat' dir='ltr'><strong>praecedentem,</strong></span> <span class='ocrx_word' id='word_1_297' title='bbox 1563 2850 1619 2897; x_wconf 92' lang='lat' dir='ltr'><strong>et</strong></span> <span class='ocrx_word' id='word_1_298' title='bbox 1665 2841 1784 2910; x_wconf 77' lang='lat' dir='ltr'><strong>ejus</strong></span> <span class='ocrx_word' id='word_1_299' title='bbox 1816 2839 2035 2915; x_wconf 76' lang='lat' dir='ltr'><strong>gressus</strong></span> 
     </span>
    </p>
   </div>
   <div class='ocr_carea' id='block_1_48' title="bbox 457 2933 2037 3006">
    <p class='ocr_par' dir='ltr' id='par_1_48' title="bbox 457 2933 2037 3006">
     <span class='ocr_line' id='line_1_48' title="bbox 457 2933 2037 3006; baseline 0.003 -16"><span class='ocrx_word' id='word_1_300' title='bbox 457 2936 824 3006; x_wconf 76' lang='lat' dir='ltr'><strong>dirigentem,</strong></span> <span class='ocrx_word' id='word_1_301' title='bbox 876 2947 1067 3003; x_wconf 75' lang='lat' dir='ltr'><strong>preces</strong></span> <span class='ocrx_word' id='word_1_302' title='bbox 1123 2948 1312 2990; x_wconf 80' lang='lat' dir='ltr'><strong>eorum</strong></span> <span class='ocrx_word' id='word_1_303' title='bbox 1373 2933 1577 2989; x_wconf 80' lang='lat' dir='ltr'><strong>habere</strong></span> <span class='ocrx_word' id='word_1_304' title='bbox 1624 2937 1842 3002; x_wconf 83' lang='lat' dir='ltr'><strong>volens;</strong></span> <span class='ocrx_word' id='word_1_305' title='bbox 1899 2939 2037 2994; x_wconf 87' lang='lat' dir='ltr'><strong>hanc</strong></span> 
     </span>
    </p>
   </div>
   <div class='ocr_carea' id='block_1_49' title="bbox 461 3026 2034 3101">
    <p class='ocr_par' dir='ltr' id='par_1_49' title="bbox 461 3026 2034 3101">
     <span class='ocr_line' id='line_1_49' title="bbox 461 3026 2034 3101; baseline 0.005 -23"><span class='ocrx_word' id='word_1_306' title='bbox 461 3040 788 3101; x_wconf 64' lang='lat' dir='ltr'><strong>putesentettt</strong></span> <span class='ocrx_word' id='word_1_307' title='bbox 839 3029 1073 3090; x_wconf 62' lang='lat' dir='ltr'><strong>Auream</strong></span> <span class='ocrx_word' id='word_1_308' title='bbox 1124 3026 1334 3081; x_wconf 80' lang='lat' dir='ltr'><strong>Bullam</strong></span> <span class='ocrx_word' id='word_1_309' title='bbox 1373 3028 1616 3083; x_wconf 84' lang='lat' dir='ltr'><strong>omnium</strong></span> <span class='ocrx_word' id='word_1_310' title='bbox 1678 3030 2034 3086; x_wconf 83' lang='lat' dir='ltr'><strong>ecclesiarum</strong></span> 
     </span>
    </p>
   </div>
   <div class='ocr_carea' id='block_1_50' title="bbox 2131 2104 3690 2186">
    <p class='ocr_par' dir='ltr' id='par_1_50' title="bbox 2131 2104 3690 2186">
     <span class='ocr_line' id='line_1_50' title="bbox 2131 2104 3690 2186; baseline -0.009 -15"><span class='ocrx_word' id='word_1_311' title='bbox 2131 2115 2497 2186; x_wconf 81' lang='grc' dir='ltr'>ἐπικρατείας</span> <span class='ocrx_word' id='word_1_312' title='bbox 2524 2115 2702 2185; x_wconf 83' lang='grc' dir='ltr'>λάθρα</span> <span class='ocrx_word' id='word_1_313' title='bbox 2727 2112 3095 2183; x_wconf 83' lang='grc' dir='ltr'>ὲρπύσαντος,</span> <span class='ocrx_word' id='word_1_314' title='bbox 3122 2110 3411 2178; x_wconf 75' lang='grc' dir='ltr'>ἀναλόγως</span> <span class='ocrx_word' id='word_1_315' title='bbox 3439 2104 3526 2162; x_wconf 77' lang='grc' dir='ltr'>οἷα</span> <span class='ocrx_word' id='word_1_316' title='bbox 3550 2123 3690 2160; x_wconf 81' lang='grc' dir='ltr'>πνευ-</span> 
     </span>
    </p>
   </div>
   <div class='ocr_carea' id='block_1_51' title="bbox 2134 2199 3692 2281">
    <p class='ocr_par' dir='ltr' id='par_1_51' title="bbox 2134 2199 3692 2281">
     <span class='ocr_line' id='line_1_51' title="bbox 2134 2199 3692 2281; baseline -0.008 -16"><span class='ocrx_word' id='word_1_317' title='bbox 2134 2210 2372 2281; x_wconf 81' lang='grc' dir='ltr'>ματικάς</span> <span class='ocrx_word' id='word_1_318' title='bbox 2403 2226 2562 2271; x_wconf 88' lang='grc' dir='ltr'>τινας</span> <span class='ocrx_word' id='word_1_319' title='bbox 2599 2207 2913 2277; x_wconf 77' lang='grc' dir='ltr'>σάλπιγγας</span> <span class='ocrx_word' id='word_1_320' title='bbox 2940 2207 3038 2266; x_wconf 84' lang='grc' dir='ltr'>τὰς</span> <span class='ocrx_word' id='word_1_321' title='bbox 3063 2205 3170 2257; x_wconf 86' lang='grc' dir='ltr'><strong>τῶν</strong></span> <span class='ocrx_word' id='word_1_322' title='bbox 3196 2203 3289 2257; x_wconf 78' lang='grc' dir='ltr'>τὸν</span> <span class='ocrx_word' id='word_1_323' title='bbox 3319 2201 3456 2256; x_wconf 77' lang='grc' dir='ltr'>Θεὸν</span> <span class='ocrx_word' id='word_1_324' title='bbox 3480 2199 3692 2267; x_wconf 77' lang='grc' dir='ltr'>ἔξιλεου-</span> 
     </span>
    </p>
   </div>
   <div class='ocr_carea' id='block_1_52' title="bbox 2134 2289 3694 2372">
    <p class='ocr_par' dir='ltr' id='par_1_52' title="bbox 2134 2289 3694 2372">
     <span class='ocr_line' id='line_1_52' title="bbox 2134 2289 3694 2372; baseline -0.008 -19"><span class='ocrx_word' id='word_1_325' title='bbox 2134 2302 2312 2372; x_wconf 79' lang='grc' dir='ltr'>μένων</span> <span class='ocrx_word' id='word_1_326' title='bbox 2346 2299 2476 2354; x_wconf 79' lang='grc' dir='ltr'>καθ’</span> <span class='ocrx_word' id='word_1_327' title='bbox 2511 2299 2753 2369; x_wconf 82' lang='grc' dir='ltr'>ἑκάστην</span> <span class='ocrx_word' id='word_1_328' title='bbox 2795 2298 2938 2368; x_wconf 78' lang='grc' dir='ltr'>ὑπὲρ</span> <span class='ocrx_word' id='word_1_329' title='bbox 2986 2295 3144 2368; x_wconf 75' lang='grc' dir='ltr'>ἡμῶν</span> <span class='ocrx_word' id='word_1_330' title='bbox 3189 2292 3503 2365; x_wconf 84' lang='grc' dir='ltr'>ἀρχιερέων</span> <span class='ocrx_word' id='word_1_331' title='bbox 3549 2289 3694 2361; x_wconf 79' lang='grc' dir='ltr'>εὐχὰς</span> 
     </span>
    </p>
   </div>
   <div class='ocr_carea' id='block_1_53' title="bbox 2134 2381 3693 2463">
    <p class='ocr_par' dir='ltr' id='par_1_53' title="bbox 2134 2381 3693 2463">
     <span class='ocr_line' id='line_1_53' title="bbox 2134 2381 3693 2463; baseline -0.008 -17"><span class='ocrx_word' id='word_1_332' title='bbox 2134 2392 2274 2463; x_wconf 81' lang='grc' dir='ltr'>πρὸς</span> <span class='ocrx_word' id='word_1_333' title='bbox 2310 2390 2524 2445; x_wconf 75' lang='grc' dir='ltr'>ἐκείνου</span> <span class='ocrx_word' id='word_1_334' title='bbox 2559 2388 2882 2458; x_wconf 81' lang='grc' dir='ltr'>καθαίρεσιν</span> <span class='ocrx_word' id='word_1_335' title='bbox 2914 2384 3292 2458; x_wconf 84' lang='grc' dir='ltr'>συνεργούσας</span> <span class='ocrx_word' id='word_1_336' title='bbox 3327 2382 3480 2454; x_wconf 72' lang='grc' dir='ltr'>ἔχειν</span> <span class='ocrx_word' id='word_1_337' title='bbox 3509 2381 3693 2452; x_wconf 74' lang='grc' dir='ltr'>δεήσει.</span> 
     </span>
    </p>
   </div>
   <div class='ocr_carea' id='block_1_54' title="bbox 2144 2471 3690 2549">
    <p class='ocr_par' dir='ltr' id='par_1_54' title="bbox 2144 2471 3690 2549">
     <span class='ocr_line' id='line_1_54' title="bbox 2144 2471 3690 2549; baseline -0.012 -9"><span class='ocrx_word' id='word_1_338' title='bbox 2144 2485 2307 2540; x_wconf 84' lang='grc' dir='ltr'>Ἀλλὰ</span> <span class='ocrx_word' id='word_1_339' title='bbox 2352 2482 2451 2539; x_wconf 69' lang='grc' dir='ltr'>καὶ</span> <span class='ocrx_word' id='word_1_340' title='bbox 2499 2483 2664 2546; x_wconf 78' lang='grc' dir='ltr'>αὐτὸς</span> <span class='ocrx_word' id='word_1_341' title='bbox 2709 2484 2738 2536; x_wconf 89' lang='grc' dir='ltr'><strong>ό</strong></span> <span class='ocrx_word' id='word_1_342' title='bbox 2791 2481 3024 2549; x_wconf 84' lang='grc' dir='ltr'>θεόπτης</span> <span class='ocrx_word' id='word_1_343' title='bbox 3053 2477 3284 2547; x_wconf 78' lang='grc' dir='ltr'>Μωσῆς,</span> <span class='ocrx_word' id='word_1_344' title='bbox 3338 2476 3576 2546; x_wconf 75' lang='grc' dir='ltr'>ὁπηνίκα</span> <span class='ocrx_word' id='word_1_345' title='bbox 3623 2471 3690 2541; x_wconf 81' lang='grc' dir='ltr'>τῷ</span> 
     </span>
    </p>
   </div>
   <div class='ocr_carea' id='block_1_55' title="bbox 2148 2566 3692 2649">
    <p class='ocr_par' dir='ltr' id='par_1_55' title="bbox 2148 2566 3692 2649">
     <span class='ocr_line' id='line_1_55' title="bbox 2148 2566 3692 2649; baseline -0.01 -16"><span class='ocrx_word' id='word_1_346' title='bbox 2148 2577 2400 2649; x_wconf 81' lang='grc' dir='ltr'>Ἀμαλὴκ</span> <span class='ocrx_word' id='word_1_347' title='bbox 2434 2575 2758 2646; x_wconf 82' lang='grc' dir='ltr'>συνεκρότει</span> <span class='ocrx_word' id='word_1_348' title='bbox 2785 2574 2883 2645; x_wconf 80' lang='grc' dir='ltr'>τὴν</span> <span class='ocrx_word' id='word_1_349' title='bbox 2915 2574 3117 2642; x_wconf 81' lang='grc' dir='ltr'><strong>μάχην,</strong></span> <span class='ocrx_word' id='word_1_350' title='bbox 3154 2567 3405 2641; x_wconf 76' lang='grc' dir='ltr'>ἱερεῦσιν</span> <span class='ocrx_word' id='word_1_351' title='bbox 3437 2566 3692 2637; x_wconf 77' lang='grc' dir='ltr'>ἑκατέρω-</span> 
     </span>
    </p>
   </div>
   <div class='ocr_carea' id='block_1_56' title="bbox 2137 2659 3695 2743">
    <p class='ocr_par' dir='ltr' id='par_1_56' title="bbox 2137 2659 3695 2743">
     <span class='ocr_line' id='line_1_56' title="bbox 2137 2659 3695 2743; baseline -0.01 -18"><span class='ocrx_word' id='word_1_352' title='bbox 2137 2672 2232 2726; x_wconf 88' lang='grc' dir='ltr'><strong>θεν</strong></span> <span class='ocrx_word' id='word_1_353' title='bbox 2289 2669 2687 2743; x_wconf 76' lang='grc' dir='ltr'>στηριζόμενος</span> <span class='ocrx_word' id='word_1_354' title='bbox 2722 2667 2864 2721; x_wconf 77' lang='grc' dir='ltr'>οὕτω</span> <span class='ocrx_word' id='word_1_355' title='bbox 2907 2664 3102 2719; x_wconf 84' lang='grc' dir='ltr'>τοῦτον</span> <span class='ocrx_word' id='word_1_356' title='bbox 3154 2660 3566 2735; x_wconf 77' lang='grc' dir='ltr'>κατετροποῦτο</span> <span class='ocrx_word' id='word_1_357' title='bbox 3614 2659 3695 2711; x_wconf 71' lang='grc' dir='ltr'>καὶ</span> 
     </span>
    </p>
   </div>
   <div class='ocr_carea' id='block_1_57' title="bbox 2134 2752 3693 2837">
    <p class='ocr_par' dir='ltr' id='par_1_57' title="bbox 2134 2752 3693 2837">
     <span class='ocr_line' id='line_1_57' title="bbox 2134 2752 3693 2837; baseline -0.01 -20"><span class='ocrx_word' id='word_1_358' title='bbox 2134 2763 2437 2837; x_wconf 87' lang='grc' dir='ltr'>ὑπερίσχυε</span> <span class='ocrx_word' id='word_1_359' title='bbox 2469 2778 2482 2792; x_wconf 81' lang='grc'><strong><em>⁸</em></strong></span> <span class='ocrx_word' id='word_1_360' title='bbox 2517 2762 2640 2816; x_wconf 79' lang='grc' dir='ltr'>κατ’</span> <span class='ocrx_word' id='word_1_361' title='bbox 2673 2763 2883 2814; x_wconf 75' lang='grc' dir='ltr'>ἐκεῖνον</span> <span class='ocrx_word' id='word_1_362' title='bbox 2929 2755 3022 2815; x_wconf 74' lang='grc' dir='ltr'>οὖν</span> <span class='ocrx_word' id='word_1_363' title='bbox 3067 2758 3165 2812; x_wconf 62' lang='grc' dir='ltr'><strong>καλ⁵</strong></span> <span class='ocrx_word' id='word_1_364' title='bbox 3216 2758 3247 2827; x_wconf 79' lang='grc' dir='ltr'>ὴ</span> <span class='ocrx_word' id='word_1_365' title='bbox 3305 2752 3559 2824; x_wconf 83' lang='grc' dir='ltr'>βασιλεία</span> <span class='ocrx_word' id='word_1_366' title='bbox 3607 2766 3693 2821; x_wconf 81' lang='grc' dir='ltr'>μου</span> 
     </span>
    </p>
   </div>
   <div class='ocr_carea' id='block_1_58' title="bbox 2134 2842 3694 2928">
    <p class='ocr_par' dir='ltr' id='par_1_58' title="bbox 2134 2842 3694 2928">
     <span class='ocr_line' id='line_1_58' title="bbox 2134 2842 3694 2928; baseline -0.01 -17"><span class='ocrx_word' id='word_1_367' title='bbox 2134 2857 2230 2911; x_wconf 79' lang='grc' dir='ltr'>τοῦ</span> <span class='ocrx_word' id='word_1_368' title='bbox 2264 2853 2656 2928; x_wconf 83' lang='grc' dir='ltr'>ἀρχιερατικοῦ</span> <span class='ocrx_word' id='word_1_369' title='bbox 2690 2854 2923 2924; x_wconf 63' lang='grc' dir='ltr'>δεομένη</span> <span class='ocrx_word' id='word_1_370' title='bbox 2957 2851 3458 2921; x_wconf 82' lang='grc' dir='ltr'>ὑποστηρίγματος</span> <span class='ocrx_word' id='word_1_371' title='bbox 3506 2845 3581 2907; x_wconf 77' lang='grc' dir='ltr'>εἰς</span> <span class='ocrx_word' id='word_1_372' title='bbox 3612 2842 3694 2911; x_wconf 73' lang='grc' dir='ltr'>τὴν</span> 
     </span>
    </p>
   </div>
   <div class='ocr_carea' id='block_1_59' title="bbox 2136 2937 3698 3016">
    <p class='ocr_par' dir='ltr' id='par_1_59' title="bbox 2136 2937 3698 3016">
     <span class='ocr_line' id='line_1_59' title="bbox 2136 2937 3698 3016; baseline -0.01 -13"><span class='ocrx_word' id='word_1_373' title='bbox 2136 2951 2279 3004; x_wconf 74' lang='grc' dir='ltr'>κατὰ</span> <span class='ocrx_word' id='word_1_374' title='bbox 2308 2949 2403 3002; x_wconf 82' lang='grc' dir='ltr'><strong>τοῦ</strong></span> <span class='ocrx_word' id='word_1_375' title='bbox 2450 2949 2574 3002; x_wconf 86' lang='grc' dir='ltr'>νέου</span> <span class='ocrx_word' id='word_1_376' title='bbox 2608 2946 2803 3000; x_wconf 89' lang='grc' dir='ltr'>τούτου</span> <span class='ocrx_word' id='word_1_377' title='bbox 2837 2943 3085 3016; x_wconf 77' lang='grc' dir='ltr'>Ἀμαλὴκ</span> <span class='ocrx_word' id='word_1_378' title='bbox 3137 2940 3517 3015; x_wconf 76' lang='grc' dir='ltr'>προκειμένην</span> <span class='ocrx_word' id='word_1_379' title='bbox 3564 2937 3698 2990; x_wconf 77' lang='grc' dir='ltr'>ἀντι-</span> 
     </span>
    </p>
   </div>
   <div class='ocr_carea' id='block_1_60' title="bbox 2138 3027 3695 3112">
    <p class='ocr_par' dir='ltr' id='par_1_60' title="bbox 2138 3027 3695 3112">
     <span class='ocr_line' id='line_1_60' title="bbox 2138 3027 3695 3112; baseline -0.01 -18"><span class='ocrx_word' id='word_1_380' title='bbox 2138 3042 2469 3112; x_wconf 64' lang='grc' dir='ltr'>παράταξιν,</span> <span class='ocrx_word' id='word_1_381' title='bbox 2496 3040 2592 3094; x_wconf 80' lang='grc' dir='ltr'>καὶ</span> <span class='ocrx_word' id='word_1_382' title='bbox 2629 3037 2819 3108; x_wconf 85' lang='grc' dir='ltr'>ῶσπερ</span> <span class='ocrx_word' id='word_1_383' title='bbox 2852 3037 2980 3091; x_wconf 61' lang='grc' dir='ltr'><strong>τινὲιΔ</strong></span> <span class='ocrx_word' id='word_1_384' title='bbox 3010 3035 3206 3090; x_wconf 69' lang='grc' dir='ltr'>στύλον</span> <span class='ocrx_word' id='word_1_385' title='bbox 3238 3033 3422 3103; x_wconf 76' lang='grc' dir='ltr'>φωτὸς</span> <span class='ocrx_word' id='word_1_386' title='bbox 3455 3030 3546 3084; x_wconf 80' lang='grc' dir='ltr'>τοῦ</span> <span class='ocrx_word' id='word_1_387' title='bbox 3591 3027 3695 3081; x_wconf 77' lang='grc' dir='ltr'>νέου</span> 
     </span>
    </p>
   </div>
   <div class='ocr_carea' id='block_1_61' title="bbox 466 3120 2031 3208">
    <p class='ocr_par' dir='ltr' id='par_1_61' title="bbox 466 3122 2031 3194">
     <span class='ocr_line' id='line_1_61' title="bbox 466 3122 2031 3194; baseline 0.001 -13"><span class='ocrx_word' id='word_1_388' title='bbox 466 3127 649 3194; x_wconf 85' lang='lat' dir='ltr'><strong>matri,</strong></span> <span class='ocrx_word' id='word_1_389' title='bbox 684 3139 841 3180; x_wconf 71' lang='lat' dir='ltr'><strong>nova:</strong></span> <span class='ocrx_word' id='word_1_390' title='bbox 869 3123 1025 3188; x_wconf 80' lang='lat' dir='ltr'><strong>Sion,</strong></span> <span class='ocrx_word' id='word_1_391' title='bbox 1067 3123 1163 3178; x_wconf 78' lang='lat' dir='ltr'><strong>Dei</strong></span> <span class='ocrx_word' id='word_1_392' title='bbox 1197 3122 1482 3194; x_wconf 69' lang='lat' dir='ltr'><strong>sapientia:</strong></span> <span class='ocrx_word' id='word_1_393' title='bbox 1516 3124 1845 3194; x_wconf 77' lang='lat' dir='ltr'><strong>habitacula,</strong></span> <span class='ocrx_word' id='word_1_394' title='bbox 1881 3140 1934 3182; x_wconf 86' lang='lat' dir='ltr'><strong>et</strong></span> <span class='ocrx_word' id='word_1_395' title='bbox 1969 3129 2031 3184; x_wconf 91' lang='lat' dir='ltr'><strong>iis</strong></span> 
     </span>
    </p>
   </div>
   <div class='ocr_carea' id='block_1_62' title="bbox 2141 3120 3696 3208">
    <p class='ocr_par' dir='ltr' id='par_1_62' title="bbox 2149 3120 3696 3208">
     <span class='ocr_line' id='line_1_62' title="bbox 2149 3120 3696 3208; baseline -0.01 -19"><span class='ocrx_word' id='word_1_396' title='bbox 2149 3134 2369 3208; x_wconf 79' lang='grc' dir='ltr'>Ἰσραὴλ</span> <span class='ocrx_word' id='word_1_397' title='bbox 2401 3133 2820 3206; x_wconf 72' lang='grc' dir='ltr'>προηγούμενον</span> <span class='ocrx_word' id='word_1_398' title='bbox 2851 3133 2947 3184; x_wconf 73' lang='grc' dir='ltr'>καὶ</span> <span class='ocrx_word' id='word_1_399' title='bbox 2974 3129 3040 3182; x_wconf 75' lang='grc' dir='ltr'>τὰ</span> <span class='ocrx_word' id='word_1_400' title='bbox 3067 3130 3261 3181; x_wconf 83' lang='grc' dir='ltr'>τούτου</span> <span class='ocrx_word' id='word_1_401' title='bbox 3310 3120 3696 3179; x_wconf 74' lang='grc' dir='ltr'>κατευθύνοντα</span> 
     </span>
    </p>
   </div>
   <div class='ocr_carea' id='block_1_63' title="bbox 458 3197 2031 3296">
    <p class='ocr_par' dir='ltr' id='par_1_63' title="bbox 458 3215 2031 3291">
     <span class='ocr_line' id='line_1_63' title="bbox 458 3215 2031 3291; baseline 0.002 -19"><span class='ocrx_word' id='word_1_402' title='bbox 458 3223 553 3291; x_wconf 83' lang='lat' dir='ltr'><strong>qui</strong></span> <span class='ocrx_word' id='word_1_403' title='bbox 587 3228 714 3275; x_wconf 88' lang='lat' dir='ltr'><strong>sunt</strong></span> <span class='ocrx_word' id='word_1_404' title='bbox 743 3219 797 3272; x_wconf 87' lang='lat' dir='ltr'><strong>in</strong></span> <span class='ocrx_word' id='word_1_405' title='bbox 828 3219 1088 3272; x_wconf 80' lang='lat' dir='ltr'><strong>omnibus.</strong></span> <span class='ocrx_word' id='word_1_406' title='bbox 1117 3217 1328 3283; x_wconf 81' lang='lat' dir='ltr'><strong>insulis,</strong></span> <span class='ocrx_word' id='word_1_407' title='bbox 1364 3227 1417 3270; x_wconf 86' lang='lat' dir='ltr'><strong>et</strong></span> <span class='ocrx_word' id='word_1_408' title='bbox 1449 3219 1500 3270; x_wconf 92' lang='lat' dir='ltr'><strong>in</strong></span> <span class='ocrx_word' id='word_1_409' title='bbox 1517 3215 1761 3284; x_wconf 84' lang='lat' dir='ltr'><strong>Oriente,</strong></span> <span class='ocrx_word' id='word_1_410' title='bbox 1799 3230 1853 3272; x_wconf 90' lang='lat' dir='ltr'><strong>et</strong></span> <span class='ocrx_word' id='word_1_411' title='bbox 1880 3216 2031 3275; x_wconf 83' lang='lat' dir='ltr'><strong>Occl-</strong></span> 
     </span>
    </p>
   </div>
   <div class='ocr_carea' id='block_1_64' title="bbox 2141 3197 3696 3296">
    <p class='ocr_par' dir='ltr' id='par_1_64' title="bbox 2141 3197 3696 3296">
     <span class='ocr_line' id='line_1_64' title="bbox 2141 3197 3696 3296; baseline -0.012 -17"><span class='ocrx_word' id='word_1_412' title='bbox 2141 3197 2477 3296; x_wconf 58' lang='grc' dir='ltr'>διαϐήᾷατα,</span> <span class='ocrx_word' id='word_1_413' title='bbox 2656 3197 2885 3277; x_wconf 43' lang='grc' dir='ltr'>’τούτων</span> <span class='ocrx_word' id='word_1_414' title='bbox 2929 3220 3077 3291; x_wconf 78' lang='grc' dir='ltr'>ἔχειν</span> <span class='ocrx_word' id='word_1_415' title='bbox 3122 3218 3290 3288; x_wconf 74' lang='grc' dir='ltr'>εὐχὰς</span> <span class='ocrx_word' id='word_1_416' title='bbox 3319 3215 3583 3270; x_wconf 66' lang='grc' dir='ltr'>ἐθέλουσα</span> <span class='ocrx_word' id='word_1_417' title='bbox 3620 3212 3696 3264; x_wconf 73' lang='grc' dir='ltr'><strong>τὸν</strong></span> 
     </span>
    </p>
   </div>
   <div class='ocr_carea' id='block_1_65' title="bbox 459 3308 2034 3382">
    <p class='ocr_par' dir='ltr' id='par_1_65' title="bbox 459 3308 2034 3382">
     <span class='ocr_line' id='line_1_65' title="bbox 459 3308 2034 3382; baseline 0.001 -16"><span class='ocrx_word' id='word_1_418' title='bbox 459 3314 620 3368; x_wconf 85' lang='lat' dir='ltr'><strong>dente</strong></span> <span class='ocrx_word' id='word_1_419' title='bbox 649 3309 990 3368; x_wconf 72' lang='lat' dir='ltr'><strong>antistitibus</strong></span> <span class='ocrx_word' id='word_1_420' title='bbox 1022 3308 1263 3376; x_wconf 78' lang='lat' dir='ltr'><strong>donavit,</strong></span> <span class='ocrx_word' id='word_1_421' title='bbox 1300 3322 1489 3364; x_wconf 84' lang='lat' dir='ltr'><strong>eorum</strong></span> <span class='ocrx_word' id='word_1_422' title='bbox 1520 3325 1618 3380; x_wconf 86' lang='lat' dir='ltr'><strong>pro</strong></span> <span class='ocrx_word' id='word_1_423' title='bbox 1656 3311 1883 3382; x_wconf 88' lang='lat' dir='ltr'><strong>imperio</strong></span> <span class='ocrx_word' id='word_1_424' title='bbox 1915 3327 2034 3368; x_wconf 89' lang='lat' dir='ltr'><strong>meo</strong></span> 
     </span>
    </p>
   </div>
   <div class='ocr_carea' id='block_1_66' title="bbox 462 3398 2031 3475">
    <p class='ocr_par' dir='ltr' id='par_1_66' title="bbox 462 3398 2031 3475">
     <span class='ocr_line' id='line_1_66' title="bbox 462 3398 2031 3475; baseline -0.001 -18"><span class='ocrx_word' id='word_1_425' title='bbox 462 3416 656 3475; x_wconf 87' lang='lat' dir='ltr'><strong>preces</strong></span> <span class='ocrx_word' id='word_1_426' title='bbox 687 3400 860 3471; x_wconf 75' lang='lat' dir='ltr'><strong>magis</strong></span> <span class='ocrx_word' id='word_1_427' title='bbox 890 3400 1250 3458; x_wconf 75' lang='lat' dir='ltr'><strong>conﬁrmans.</strong></span> <span class='ocrx_word' id='word_1_428' title='bbox 1304 3398 1470 3454; x_wconf 75' lang='lat' dir='ltr'><strong>Recte</strong></span> <span class='ocrx_word' id='word_1_429' title='bbox 1520 3401 1663 3455; x_wconf 89' lang='lat' dir='ltr'><strong>enim</strong></span> <span class='ocrx_word' id='word_1_430' title='bbox 1712 3403 1816 3458; x_wconf 83' lang='lat' dir='ltr'><strong>scit</strong></span> <span class='ocrx_word' id='word_1_431' title='bbox 1856 3418 2031 3459; x_wconf 89' lang='lat' dir='ltr'><strong>meum</strong></span> 
     </span>
    </p>
   </div>
   <div class='ocr_carea' id='block_1_67' title="bbox 463 3493 2036 3567">
    <p class='ocr_par' dir='ltr' id='par_1_67' title="bbox 463 3493 2036 3567">
     <span class='ocr_line' id='line_1_67' title="bbox 463 3493 2036 3567; baseline -0.001 -15"><span class='ocrx_word' id='word_1_432' title='bbox 463 3495 779 3567; x_wconf 85' lang='lat' dir='ltr'><strong>imperium,</strong></span> <span class='ocrx_word' id='word_1_433' title='bbox 812 3508 993 3566; x_wconf 79' lang='lat' dir='ltr'><strong>regem</strong></span> <span class='ocrx_word' id='word_1_434' title='bbox 1029 3509 1134 3546; x_wconf 80' lang='lat' dir='ltr'><strong>non</strong></span> <span class='ocrx_word' id='word_1_435' title='bbox 1170 3493 1375 3548; x_wconf 79' lang='lat' dir='ltr'><strong>servari</strong></span> <span class='ocrx_word' id='word_1_436' title='bbox 1425 3507 1522 3563; x_wconf 84' lang='lat' dir='ltr'><strong>per</strong></span> <span class='ocrx_word' id='word_1_437' title='bbox 1565 3494 1788 3549; x_wconf 84' lang='lat' dir='ltr'><strong>multam</strong></span> <span class='ocrx_word' id='word_1_438' title='bbox 1840 3505 2036 3566; x_wconf 82' lang='lat' dir='ltr'><strong>poten-</strong></span> 
     </span>
    </p>
   </div>
   <div class='ocr_carea' id='block_1_68' title="bbox 465 3596 2034 3667">
    <p class='ocr_par' dir='ltr' id='par_1_68' title="bbox 465 3596 2034 3667">
     <span class='ocr_line' id='line_1_68' title="bbox 465 3596 2034 3667; baseline 0.002 -16"><span class='ocrx_word' id='word_1_439' title='bbox 465 3599 616 3664; x_wconf 84' lang='lat' dir='ltr'><strong>tiam,</strong></span> <span class='ocrx_word' id='word_1_440' title='bbox 649 3606 707 3653; x_wconf 88' lang='lat' dir='ltr'><strong>et</strong></span> <span class='ocrx_word' id='word_1_441' title='bbox 737 3596 1009 3667; x_wconf 73' lang='lat' dir='ltr'><strong>gigantem</strong></span> <span class='ocrx_word' id='word_1_442' title='bbox 1043 3610 1147 3651; x_wconf 89' lang='lat' dir='ltr'><strong>non</strong></span> <span class='ocrx_word' id='word_1_443' title='bbox 1186 3605 1463 3651; x_wconf 78' lang='lat' dir='ltr'><strong>servatum</strong></span> <span class='ocrx_word' id='word_1_444' title='bbox 1496 3596 1564 3652; x_wconf 89' lang='lat' dir='ltr'><strong>iri</strong></span> <span class='ocrx_word' id='word_1_445' title='bbox 1597 3597 1649 3651; x_wconf 91' lang='lat' dir='ltr'><strong>in</strong></span> <span class='ocrx_word' id='word_1_446' title='bbox 1691 3597 2034 3654; x_wconf 90' lang='lat' dir='ltr'><strong>multitudine</strong></span> 
     </span>
    </p>
   </div>
   <div class='ocr_carea' id='block_1_69' title="bbox 467 3689 2035 3767">
    <p class='ocr_par' dir='ltr' id='par_1_69' title="bbox 467 3689 2035 3767">
     <span class='ocr_line' id='line_1_69' title="bbox 467 3689 2035 3767; baseline 0 -22"><span class='ocrx_word' id='word_1_447' title='bbox 467 3689 680 3745; x_wconf 82' lang='lat' dir='ltr'><strong>roboris</strong></span> <span class='ocrx_word' id='word_1_448' title='bbox 733 3689 816 3744; x_wconf 91' lang='lat' dir='ltr'><strong>sui</strong></span> <span class='ocrx_word' id='word_1_449' title='bbox 851 3699 866 3742; x_wconf 73' lang='grc' dir='ltr'>ε</span> <span class='ocrx_word' id='word_1_450' title='bbox 899 3689 1130 3744; x_wconf 79' lang='lat' dir='ltr'><strong>mendax</strong></span> <span class='ocrx_word' id='word_1_451' title='bbox 1182 3698 1361 3743; x_wconf 88' lang='lat' dir='ltr'><strong>autem</strong></span> <span class='ocrx_word' id='word_1_452' title='bbox 1416 3703 1590 3757; x_wconf 83' lang='lat' dir='ltr'><strong>equus</strong></span> <span class='ocrx_word' id='word_1_453' title='bbox 1646 3692 1726 3767; x_wconf 46' lang='lat' dir='ltr'><strong>ad,</strong></span> <span class='ocrx_word' id='word_1_454' title='bbox 1770 3692 2035 3758; x_wconf 82' lang='lat' dir='ltr'><strong>salutem,</strong></span> 
     </span>
    </p>
   </div>
   <div class='ocr_carea' id='block_1_70' title="bbox 465 3780 2036 3854">
    <p class='ocr_par' dir='ltr' id='par_1_70' title="bbox 465 3780 2036 3854">
     <span class='ocr_line' id='line_1_70' title="bbox 465 3780 2036 3854; baseline 0 -15"><span class='ocrx_word' id='word_1_455' title='bbox 465 3794 524 3839; x_wconf 89' lang='lat' dir='ltr'><strong>ut</strong></span> <span class='ocrx_word' id='word_1_456' title='bbox 556 3782 734 3839; x_wconf 84' lang='lat' dir='ltr'><strong>dicam</strong></span> <span class='ocrx_word' id='word_1_457' title='bbox 775 3793 898 3837; x_wconf 77' lang='lat' dir='ltr'><strong>cum</strong></span> <span class='ocrx_word' id='word_1_458' title='bbox 935 3780 1227 3852; x_wconf 85' lang='lat' dir='ltr'><strong>Propheta,</strong></span> <span class='ocrx_word' id='word_1_459' title='bbox 1260 3793 1314 3835; x_wconf 89' lang='lat' dir='ltr'><strong>et</strong></span> <span class='ocrx_word' id='word_1_460' title='bbox 1341 3782 1788 3854; x_wconf 77' lang='lat' dir='ltr'><strong>Psalmograpbo,</strong></span> <span class='ocrx_word' id='word_1_461' title='bbox 1840 3797 1893 3838; x_wconf 90' lang='lat' dir='ltr'><strong>et</strong></span> <span class='ocrx_word' id='word_1_462' title='bbox 1942 3784 2036 3839; x_wconf 83' lang='lat' dir='ltr'><strong>Dei</strong></span> 
     </span>
    </p>
   </div>
   <div class='ocr_carea' id='block_1_71' title="bbox 469 3887 638 3946">
    <p class='ocr_par' dir='ltr' id='par_1_71' title="bbox 469 3887 638 3946">
     <span class='ocr_line' id='line_1_71' title="bbox 469 3887 638 3946; baseline 0 -17"><span class='ocrx_word' id='word_1_463' title='bbox 469 3887 638 3946; x_wconf 78' lang='lat' dir='ltr'><strong>patre.</strong></span> 
     </span>
    </p>
   </div>
   <div class='ocr_carea' id='block_1_72' title="bbox 2145 3305 3700 3389">
    <p class='ocr_par' dir='ltr' id='par_1_72' title="bbox 2145 3305 3700 3389">
     <span class='ocr_line' id='line_1_72' title="bbox 2145 3305 3700 3389; baseline -0.01 -18"><span class='ocrx_word' id='word_1_464' title='bbox 2145 3318 2393 3389; x_wconf 85' lang='grc' dir='ltr'>παρόντα</span> <span class='ocrx_word' id='word_1_465' title='bbox 2430 3315 2846 3387; x_wconf 76' lang='grc' dir='ltr'>Χρυσόϐουλλον</span> <span class='ocrx_word' id='word_1_466' title='bbox 2870 3313 3044 3383; x_wconf 83' lang='grc' dir='ltr'>Λόγον</span> <span class='ocrx_word' id='word_1_467' title='bbox 3079 3315 3146 3383; x_wconf 78' lang='grc' dir='ltr'>τῇ</span> <span class='ocrx_word' id='word_1_468' title='bbox 3183 3309 3354 3381; x_wconf 73' lang='grc' dir='ltr'>μητρὶ</span> <span class='ocrx_word' id='word_1_469' title='bbox 3393 3306 3581 3364; x_wconf 80' lang='grc' dir='ltr'>πασῶν</span> <span class='ocrx_word' id='word_1_470' title='bbox 3608 3305 3700 3359; x_wconf 83' lang='grc' dir='ltr'><strong>τῶν</strong></span> 
     </span>
    </p>
   </div>
   <div class='ocr_carea' id='block_1_73' title="bbox 2154 3399 3699 3481">
    <p class='ocr_par' dir='ltr' id='par_1_73' title="bbox 2154 3399 3699 3481">
     <span class='ocr_line' id='line_1_73' title="bbox 2154 3399 3699 3481; baseline -0.009 -13"><span class='ocrx_word' id='word_1_471' title='bbox 2154 3409 2518 3481; x_wconf 82' lang='grc' dir='ltr'>Ἐκκλησιῶν,</span> <span class='ocrx_word' id='word_1_472' title='bbox 2551 3411 2617 3479; x_wconf 80' lang='grc' dir='ltr'>τῇ</span> <span class='ocrx_word' id='word_1_473' title='bbox 2645 3408 2744 3479; x_wconf 61' lang='grc' dir='ltr'>νέᾳ.</span> <span class='ocrx_word' id='word_1_474' title='bbox 2773 3407 2934 3473; x_wconf 83' lang='grc' dir='ltr'>Σιὼν,</span> <span class='ocrx_word' id='word_1_475' title='bbox 2979 3404 3057 3476; x_wconf 80' lang='grc' dir='ltr'>τῷ</span> <span class='ocrx_word' id='word_1_476' title='bbox 3087 3405 3182 3475; x_wconf 83' lang='grc' dir='ltr'>τῆς</span> <span class='ocrx_word' id='word_1_477' title='bbox 3212 3401 3306 3457; x_wconf 82' lang='grc' dir='ltr'>τοῦ</span> <span class='ocrx_word' id='word_1_478' title='bbox 3338 3401 3480 3457; x_wconf 79' lang='grc' dir='ltr'>Θεοῦ</span> <span class='ocrx_word' id='word_1_479' title='bbox 3530 3399 3699 3469; x_wconf 49' lang='lat' dir='ltr'><strong>costa:</strong></span> 
     </span>
    </p>
   </div>
   <div class='ocr_carea' id='block_1_74' title="bbox 2145 3489 3700 3575">
    <p class='ocr_par' dir='ltr' id='par_1_74' title="bbox 2145 3489 3700 3575">
     <span class='ocr_line' id='line_1_74' title="bbox 2145 3489 3700 3575; baseline -0.012 -15"><span class='ocrx_word' id='word_1_480' title='bbox 2145 3505 2555 3575; x_wconf 76' lang='grc' dir='ltr'>ἒνδιαιτήματι,</span> <span class='ocrx_word' id='word_1_481' title='bbox 2593 3503 2831 3566; x_wconf 75' lang='grc' dir='ltr'>καὶτοῖς</span> <span class='ocrx_word' id='word_1_482' title='bbox 2868 3499 3009 3555; x_wconf 79' lang='grc' dir='ltr'>κατὰ</span> <span class='ocrx_word' id='word_1_483' title='bbox 3035 3499 3134 3562; x_wconf 83' lang='grc' dir='ltr'><strong>τὰς</strong></span> <span class='ocrx_word' id='word_1_484' title='bbox 3164 3499 3366 3566; x_wconf 83' lang='grc' dir='ltr'>νήσους</span> <span class='ocrx_word' id='word_1_485' title='bbox 3401 3493 3581 3556; x_wconf 77' lang='grc' dir='ltr'>πάσας</span> <span class='ocrx_word' id='word_1_486' title='bbox 3616 3489 3700 3544; x_wconf 74' lang='grc' dir='ltr'>καὶ</span> 
     </span>
    </p>
   </div>
   <div class='ocr_carea' id='block_1_75' title="bbox 2139 3588 3697 3671">
    <p class='ocr_par' dir='ltr' id='par_1_75' title="bbox 2139 3588 3697 3671">
     <span class='ocr_line' id='line_1_75' title="bbox 2139 3588 3697 3671; baseline -0.01 -18"><span class='ocrx_word' id='word_1_487' title='bbox 2139 3599 2238 3671; x_wconf 69' lang='grc' dir='ltr'>τὴν</span> <span class='ocrx_word' id='word_1_488' title='bbox 2266 3597 2552 3668; x_wconf 75' lang='grc' dir='ltr'>’Δνατολὴν</span> <span class='ocrx_word' id='word_1_489' title='bbox 2572 3598 2665 3650; x_wconf 71' lang='grc' dir='ltr'>καὶ</span> <span class='ocrx_word' id='word_1_490' title='bbox 2687 3595 2786 3666; x_wconf 82' lang='grc' dir='ltr'>τὴν</span> <span class='ocrx_word' id='word_1_491' title='bbox 2817 3593 2981 3648; x_wconf 79' lang='grc' dir='ltr'>Δύοιν</span> <span class='ocrx_word' id='word_1_492' title='bbox 3019 3589 3371 3666; x_wconf 75' lang='grc' dir='ltr'>ἀρχιερεῦσιν</span> <span class='ocrx_word' id='word_1_493' title='bbox 3391 3588 3697 3663; x_wconf 56' lang='grc' dir='ltr'>ἐϐράϐευε,</span> 
     </span>
    </p>
   </div>
   <div class='ocr_carea' id='block_1_76' title="bbox 2142 3678 3700 3764">
    <p class='ocr_par' dir='ltr' id='par_1_76' title="bbox 2142 3678 3700 3764">
     <span class='ocr_line' id='line_1_76' title="bbox 2142 3678 3700 3764; baseline -0.01 -18"><span class='ocrx_word' id='word_1_494' title='bbox 2142 3693 2242 3755; x_wconf 73' lang='grc' dir='ltr'>τὰς</span> <span class='ocrx_word' id='word_1_495' title='bbox 2267 3691 2407 3764; x_wconf 82' lang='grc' dir='ltr'>ὑπὲρ</span> <span class='ocrx_word' id='word_1_496' title='bbox 2430 3691 2528 3758; x_wconf 70' lang='grc' dir='ltr'>τῆς</span> <span class='ocrx_word' id='word_1_497' title='bbox 2562 3688 2846 3762; x_wconf 81' lang='grc' dir='ltr'>βασιλείας</span> <span class='ocrx_word' id='word_1_498' title='bbox 2875 3705 2976 3758; x_wconf 81' lang='grc' dir='ltr'>μου</span> <span class='ocrx_word' id='word_1_499' title='bbox 3005 3685 3211 3740; x_wconf 89' lang='grc' dir='ltr'>τούτων</span> <span class='ocrx_word' id='word_1_500' title='bbox 3241 3683 3413 3755; x_wconf 80' lang='grc' dir='ltr'>εὐχὰς</span> <span class='ocrx_word' id='word_1_501' title='bbox 3440 3682 3536 3736; x_wconf 71' lang='grc' dir='ltr'><strong>ἐπὶ</strong></span> <span class='ocrx_word' id='word_1_502' title='bbox 3558 3678 3700 3734; x_wconf 82' lang='grc' dir='ltr'>πλέον</span> 
     </span>
    </p>
   </div>
   <div class='ocr_carea' id='block_1_77' title="bbox 2144 3773 3701 3856">
    <p class='ocr_par' dir='ltr' id='par_1_77' title="bbox 2144 3773 3701 3856">
     <span class='ocr_line' id='line_1_77' title="bbox 2144 3773 3701 3856; baseline -0.011 -17"><span class='ocrx_word' id='word_1_503' title='bbox 2144 3782 2626 3856; x_wconf 73' lang='grc' dir='ltr'>ἀναῤῥωννύουσα.</span> <span class='ocrx_word' id='word_1_504' title='bbox 2683 3781 2955 3852; x_wconf 83' lang='grc' dir='ltr'>’Δκριϐῶς</span> <span class='ocrx_word' id='word_1_505' title='bbox 3005 3779 3114 3850; x_wconf 81' lang='grc' dir='ltr'><strong>γὰρ</strong></span> <span class='ocrx_word' id='word_1_506' title='bbox 3187 3773 3330 3832; x_wconf 79' lang='grc' dir='ltr'>οἶδεν</span> <span class='ocrx_word' id='word_1_507' title='bbox 3385 3777 3420 3847; x_wconf 79' lang='grc' dir='ltr'>ὴ</span> <span class='ocrx_word' id='word_1_508' title='bbox 3476 3773 3701 3846; x_wconf 78' lang='grc' dir='ltr'>βασιλεία</span> 
     </span>
    </p>
   </div>
   <div class='ocr_carea' id='block_1_78' title="bbox 2146 3866 3701 3951">
    <p class='ocr_par' dir='ltr' id='par_1_78' title="bbox 2146 3866 3701 3951">
     <span class='ocr_line' id='line_1_78' title="bbox 2146 3866 3701 3951; baseline -0.005 -20"><span class='ocrx_word' id='word_1_509' title='bbox 2146 3894 2274 3951; x_wconf 77' lang='grc' dir='ltr'>μου,</span> <span class='ocrx_word' id='word_1_510' title='bbox 2306 3877 2381 3939; x_wconf 83' lang='grc' dir='ltr'>ὡς</span> <span class='ocrx_word' id='word_1_511' title='bbox 2414 3875 2474 3930; x_wconf 83' lang='grc' dir='ltr'>οὐ</span> <span class='ocrx_word' id='word_1_512' title='bbox 2515 3873 2750 3940; x_wconf 78' lang='grc' dir='ltr'>σώζεται</span> <span class='ocrx_word' id='word_1_513' title='bbox 2791 3873 3048 3945; x_wconf 80' lang='grc' dir='ltr'>βασιλεὺς</span> <span class='ocrx_word' id='word_1_514' title='bbox 3092 3869 3180 3925; x_wconf 82' lang='grc' dir='ltr'><strong>διὰ</strong></span> <span class='ocrx_word' id='word_1_515' title='bbox 3207 3868 3415 3939; x_wconf 80' lang='grc' dir='ltr'>πολλὴν</span> <span class='ocrx_word' id='word_1_516' title='bbox 3459 3866 3701 3934; x_wconf 78' lang='grc' dir='ltr'>δύναμιν.</span> 
     </span>
    </p>
   </div>
   <div class='ocr_carea' id='block_1_79' title="bbox 467 3956 3703 4041">
    <p class='ocr_par' dir='ltr' id='par_1_79' title="bbox 467 3956 3703 4041">
     <span class='ocr_line' id='line_1_79' title="bbox 467 3956 3703 4041; baseline -0.003 -20"><span class='ocrx_word' id='word_1_517' title='bbox 467 3967 566 4021; x_wconf 78' lang='grc' dir='ltr'>καὶ</span> <span class='ocrx_word' id='word_1_518' title='bbox 591 3968 663 4031; x_wconf 71' lang='grc' dir='ltr'>ἀς</span> <span class='ocrx_word' id='word_1_519' title='bbox 693 3965 855 4035; x_wconf 83' lang='grc' dir='ltr'>γίγας</span> <span class='ocrx_word' id='word_1_520' title='bbox 886 3964 947 4018; x_wconf 75' lang='grc' dir='ltr'><strong>ού</strong></span> <span class='ocrx_word' id='word_1_521' title='bbox 977 3962 1283 4036; x_wconf 84' lang='grc' dir='ltr'>σωθήσεται</span> <span class='ocrx_word' id='word_1_522' title='bbox 1311 3965 1369 4019; x_wconf 82' lang='grc' dir='ltr'>ὲν</span> <span class='ocrx_word' id='word_1_523' title='bbox 1399 3963 1599 4037; x_wconf 77' lang='grc' dir='ltr'>πλήθει</span> <span class='ocrx_word' id='word_1_524' title='bbox 1631 3966 1815 4039; x_wconf 66' lang='grc' dir='ltr'>ἰσχύος</span> <span class='ocrx_word' id='word_1_525' title='bbox 1862 3966 2053 4023; x_wconf 79' lang='grc' dir='ltr'>αὐτοῦ·</span> <span class='ocrx_word' id='word_1_526' title='bbox 2094 3967 2298 4041; x_wconf 76' lang='grc' dir='ltr'>ψευδὴς</span> <span class='ocrx_word' id='word_1_527' title='bbox 2327 3968 2384 4023; x_wconf 79' lang='grc' dir='ltr'>δὲ</span> <span class='ocrx_word' id='word_1_528' title='bbox 2408 3967 2577 4030; x_wconf 72' lang='grc' dir='ltr'>ἵππος</span> <span class='ocrx_word' id='word_1_529' title='bbox 2621 3966 2704 4030; x_wconf 77' lang='grc' dir='ltr'><strong>εἰς</strong></span> <span class='ocrx_word' id='word_1_530' title='bbox 2742 3963 3040 4036; x_wconf 83' lang='grc' dir='ltr'>σωτηρίαν,</span> <span class='ocrx_word' id='word_1_531' title='bbox 3063 3962 3206 4017; x_wconf 81' lang='grc' dir='ltr'>κατὰ</span> <span class='ocrx_word' id='word_1_532' title='bbox 3261 3960 3354 4015; x_wconf 85' lang='grc' dir='ltr'><strong>τδν</strong></span> <span class='ocrx_word' id='word_1_533' title='bbox 3385 3959 3527 4015; x_wconf 84' lang='grc' dir='ltr'>θεῖον</span> <span class='ocrx_word' id='word_1_534' title='bbox 3555 3956 3703 4028; x_wconf 68' lang='grc' dir='ltr'>φάναι</span> 
     </span>
    </p>
   </div>
   <div class='ocr_carea' id='block_1_80' title="bbox 470 4054 1804 4131">
    <p class='ocr_par' dir='ltr' id='par_1_80' title="bbox 470 4054 1804 4131">
     <span class='ocr_line' id='line_1_80' title="bbox 470 4054 1804 4131; baseline 0 -17"><span class='ocrx_word' id='word_1_535' title='bbox 470 4061 763 4130; x_wconf 80' lang='grc' dir='ltr'>Προφήτην</span> <span class='ocrx_word' id='word_1_536' title='bbox 792 4056 889 4112; x_wconf 80' lang='grc' dir='ltr'>καὶ</span> <span class='ocrx_word' id='word_1_537' title='bbox 917 4054 1312 4128; x_wconf 72' lang='grc' dir='ltr'>Φαλμογράφον</span> <span class='ocrx_word' id='word_1_538' title='bbox 1341 4058 1436 4111; x_wconf 72' lang='grc' dir='ltr'>καὶ</span> <span class='ocrx_word' id='word_1_539' title='bbox 1464 4057 1804 4131; x_wconf 82' lang='grc' dir='ltr'>Θεοπάτορα.</span> 
     </span>
    </p>
   </div>
   <div class='ocr_carea' id='block_1_81' title="bbox 543 4152 2036 4225">
    <p class='ocr_par' dir='ltr' id='par_1_81' title="bbox 543 4152 2036 4225">
     <span class='ocr_line' id='line_1_81' title="bbox 543 4152 2036 4225; baseline 0.009 -23"><span class='ocrx_word' id='word_1_540' title='bbox 543 4152 743 4211; x_wconf 83' lang='lat' dir='ltr'><strong>Volens</strong></span> <span class='ocrx_word' id='word_1_541' title='bbox 775 4153 943 4217; x_wconf 89' lang='lat' dir='ltr'><strong>enim,</strong></span> <span class='ocrx_word' id='word_1_542' title='bbox 981 4160 1039 4206; x_wconf 90' lang='lat' dir='ltr'><strong>ut</strong></span> <span class='ocrx_word' id='word_1_543' title='bbox 1076 4152 1307 4208; x_wconf 79' lang='lat' dir='ltr'><strong>ﬁrmitas</strong></span> <span class='ocrx_word' id='word_1_544' title='bbox 1354 4161 1407 4207; x_wconf 88' lang='lat' dir='ltr'><strong>et</strong></span> <span class='ocrx_word' id='word_1_545' title='bbox 1437 4153 1709 4212; x_wconf 82' lang='lat' dir='ltr'><strong>stabilitas</strong></span> <span class='ocrx_word' id='word_1_546' title='bbox 1747 4158 2036 4225; x_wconf 63' lang='lat' dir='ltr'><strong>Ecclesiae,</strong></span> 
     </span>
    </p>
   </div>
   <div class='ocr_carea' id='block_1_82' title="bbox 472 4247 2041 4319">
    <p class='ocr_par' dir='ltr' id='par_1_82' title="bbox 472 4247 2041 4319">
     <span class='ocr_line' id='line_1_82' title="bbox 472 4247 2041 4319; baseline 0.004 -18"><span class='ocrx_word' id='word_1_547' title='bbox 472 4263 593 4319; x_wconf 74' lang='lat' dir='ltr'><strong>quae</strong></span> <span class='ocrx_word' id='word_1_548' title='bbox 619 4247 876 4303; x_wconf 87' lang='lat' dir='ltr'><strong>omnibus</strong></span> <span class='ocrx_word' id='word_1_549' title='bbox 905 4254 1126 4315; x_wconf 65' lang='lat' dir='ltr'><strong>praeest,</strong></span> <span class='ocrx_word' id='word_1_550' title='bbox 1157 4257 1442 4313; x_wconf 73' lang='lat' dir='ltr'><strong>servetur;</strong></span> <span class='ocrx_word' id='word_1_551' title='bbox 1489 4254 1544 4303; x_wconf 86' lang='lat' dir='ltr'><strong>et</strong></span> <span class='ocrx_word' id='word_1_552' title='bbox 1587 4249 1840 4307; x_wconf 89' lang='lat' dir='ltr'><strong>omnibus</strong></span> <span class='ocrx_word' id='word_1_553' title='bbox 1883 4251 2041 4307; x_wconf 89' lang='lat' dir='ltr'><strong>dictis</strong></span> 
     </span>
    </p>
   </div>
   <div class='ocr_carea' id='block_1_83' title="bbox 472 4339 2046 4411">
    <p class='ocr_par' dir='ltr' id='par_1_83' title="bbox 472 4339 2046 4411">
     <span class='ocr_line' id='line_1_83' title="bbox 472 4339 2046 4411; baseline 0.001 -15"><span class='ocrx_word' id='word_1_554' title='bbox 472 4339 810 4396; x_wconf 85' lang='lat' dir='ltr'><strong>antistitibus</strong></span> <span class='ocrx_word' id='word_1_555' title='bbox 834 4345 1173 4402; x_wconf 87' lang='lat' dir='ltr'><strong>sanctarum,</strong></span> <span class='ocrx_word' id='word_1_556' title='bbox 1207 4352 1328 4408; x_wconf 74' lang='lat' dir='ltr'><strong>qua:</strong></span> <span class='ocrx_word' id='word_1_557' title='bbox 1353 4340 1657 4411; x_wconf 88' lang='lat' dir='ltr'><strong>ubicunque</strong></span> <span class='ocrx_word' id='word_1_558' title='bbox 1677 4351 1826 4407; x_wconf 83' lang='lat' dir='ltr'><strong>sunt,</strong></span> <span class='ocrx_word' id='word_1_559' title='bbox 1868 4342 2046 4398; x_wconf 80' lang='lat' dir='ltr'><strong>eccle-</strong></span> 
     </span>
    </p>
   </div>
   <div class='ocr_carea' id='block_1_84' title="bbox 472 4431 2044 4505">
    <p class='ocr_par' dir='ltr' id='par_1_84' title="bbox 472 4431 2044 4505">
     <span class='ocr_line' id='line_1_84' title="bbox 472 4431 2044 4505; baseline 0 -18"><span class='ocrx_word' id='word_1_560' title='bbox 472 4434 715 4500; x_wconf 88' lang='lat' dir='ltr'><strong>siarum;</strong></span> <span class='ocrx_word' id='word_1_561' title='bbox 748 4440 801 4485; x_wconf 88' lang='lat' dir='ltr'><strong>et</strong></span> <span class='ocrx_word' id='word_1_562' title='bbox 847 4431 1195 4486; x_wconf 86' lang='lat' dir='ltr'><strong>securitatem</strong></span> <span class='ocrx_word' id='word_1_563' title='bbox 1234 4431 1512 4487; x_wconf 87' lang='lat' dir='ltr'><strong>titulorum</strong></span> <span class='ocrx_word' id='word_1_564' title='bbox 1546 4449 1611 4488; x_wconf 91' lang='lat' dir='ltr'><strong>ac</strong></span> <span class='ocrx_word' id='word_1_565' title='bbox 1649 4433 1879 4504; x_wconf 83' lang='lat' dir='ltr'><strong>jurium,</strong></span> <span class='ocrx_word' id='word_1_566' title='bbox 1924 4451 2044 4505; x_wconf 69' lang='lat' dir='ltr'><strong>qua:</strong></span> 
     </span>
    </p>
   </div>
   <div class='ocr_carea' id='block_1_85' title="bbox 482 4525 2041 4596">
    <p class='ocr_par' dir='ltr' id='par_1_85' title="bbox 482 4525 2041 4596">
     <span class='ocr_line' id='line_1_85' title="bbox 482 4525 2041 4596; baseline 0.001 -15"><span class='ocrx_word' id='word_1_567' title='bbox 482 4527 588 4581; x_wconf 90' lang='lat' dir='ltr'><strong>illis</strong></span> <span class='ocrx_word' id='word_1_568' title='bbox 618 4526 841 4589; x_wconf 87' lang='lat' dir='ltr'><strong>adsunt,</strong></span> <span class='ocrx_word' id='word_1_569' title='bbox 895 4525 947 4577; x_wconf 92' lang='lat' dir='ltr'><strong>in</strong></span> <span class='ocrx_word' id='word_1_570' title='bbox 993 4525 1232 4594; x_wconf 86' lang='lat' dir='ltr'><strong>ipsorum</strong></span> <span class='ocrx_word' id='word_1_571' title='bbox 1283 4527 1650 4582; x_wconf 89' lang='lat' dir='ltr'><strong>immobilium.</strong></span> <span class='ocrx_word' id='word_1_572' title='bbox 1678 4531 2041 4596; x_wconf 83' lang='lat' dir='ltr'><strong>possessione,</strong></span> 
     </span>
    </p>
   </div>
   <div class='ocr_carea' id='block_1_86' title="bbox 2219 4147 3704 4230">
    <p class='ocr_par' dir='ltr' id='par_1_86' title="bbox 2219 4147 3704 4230">
     <span class='ocr_line' id='line_1_86' title="bbox 2219 4147 3704 4230; baseline -0.011 -17"><span class='ocrx_word' id='word_1_573' title='bbox 2219 4158 2513 4230; x_wconf 83' lang='grc' dir='ltr'>Τοιγάρτοι</span> <span class='ocrx_word' id='word_1_574' title='bbox 2560 4157 2653 4210; x_wconf 79' lang='grc' dir='ltr'>καὶ</span> <span class='ocrx_word' id='word_1_575' title='bbox 2705 4155 2767 4210; x_wconf 84' lang='grc' dir='ltr'><strong>τδ</strong></span> <span class='ocrx_word' id='word_1_576' title='bbox 2806 4152 3236 4226; x_wconf 84' lang='grc' dir='ltr'>ἁπερικλόνητον</span> <span class='ocrx_word' id='word_1_577' title='bbox 3279 4149 3464 4222; x_wconf 83' lang='grc' dir='ltr'>πάντη</span> <span class='ocrx_word' id='word_1_578' title='bbox 3517 4147 3704 4217; x_wconf 76' lang='grc' dir='ltr'>φυλάτ-</span> 
     </span>
    </p>
   </div>
   <div class='ocr_carea' id='block_1_87' title="bbox 2143 4239 3700 4320">
    <p class='ocr_par' dir='ltr' id='par_1_87' title="bbox 2143 4239 3700 4320">
     <span class='ocr_line' id='line_1_87' title="bbox 2143 4239 3700 4320; baseline -0.01 -11"><span class='ocrx_word' id='word_1_579' title='bbox 2143 4254 2335 4309; x_wconf 87' lang='grc' dir='ltr'>τεσθαι</span> <span class='ocrx_word' id='word_1_580' title='bbox 2387 4251 2642 4316; x_wconf 79' lang='grc' dir='ltr'>θέλουσα,</span> <span class='ocrx_word' id='word_1_581' title='bbox 2690 4251 2757 4320; x_wconf 74' lang='grc' dir='ltr'><strong>τῇ</strong></span> <span class='ocrx_word' id='word_1_582' title='bbox 2803 4265 2864 4300; x_wconf 84' lang='grc' dir='ltr'><strong>τε</strong></span> <span class='ocrx_word' id='word_1_583' title='bbox 2911 4246 3105 4301; x_wconf 84' lang='grc' dir='ltr'>πασῶν</span> <span class='ocrx_word' id='word_1_584' title='bbox 3141 4241 3541 4316; x_wconf 76' lang='grc' dir='ltr'>προκαθημένῃ</span> <span class='ocrx_word' id='word_1_585' title='bbox 3597 4239 3700 4295; x_wconf 80' lang='grc' dir='ltr'><strong>Ἐκο</strong></span> 
     </span>
    </p>
   </div>
   <div class='ocr_carea' id='block_1_88' title="bbox 2153 4333 3706 4420">
    <p class='ocr_par' dir='ltr' id='par_1_88' title="bbox 2153 4333 3706 4420">
     <span class='ocr_line' id='line_1_88' title="bbox 2153 4333 3706 4420; baseline -0.012 -17"><span class='ocrx_word' id='word_1_586' title='bbox 2153 4347 2398 4420; x_wconf 87' lang='grc' dir='ltr'>κλησιῶν</span> <span class='ocrx_word' id='word_1_587' title='bbox 2428 4347 2527 4400; x_wconf 70' lang='grc' dir='ltr'>καὶ</span> <span class='ocrx_word' id='word_1_588' title='bbox 2552 4347 2668 4409; x_wconf 87' lang='grc' dir='ltr'>τοῖς</span> <span class='ocrx_word' id='word_1_589' title='bbox 2705 4340 3132 4414; x_wconf 83' lang='grc' dir='ltr'>μνημονευθεῖσι</span> <span class='ocrx_word' id='word_1_590' title='bbox 3181 4339 3352 4394; x_wconf 83' lang='grc' dir='ltr'>πᾶσιν</span> <span class='ocrx_word' id='word_1_591' title='bbox 3403 4333 3706 4410; x_wconf 82' lang='grc' dir='ltr'>ἀρχιερεῦσι</span> 
     </span>
    </p>
   </div>
   <div class='ocr_carea' id='block_1_89' title="bbox 2151 4425 3704 4512">
    <p class='ocr_par' dir='ltr' id='par_1_89' title="bbox 2151 4425 3704 4512">
     <span class='ocr_line' id='line_1_89' title="bbox 2151 4425 3704 4512; baseline -0.013 -16"><span class='ocrx_word' id='word_1_592' title='bbox 2151 4443 2262 4496; x_wconf 85' lang='grc' dir='ltr'><strong>τῶν</strong></span> <span class='ocrx_word' id='word_1_593' title='bbox 2301 4440 2644 4512; x_wconf 83' lang='grc' dir='ltr'>ὁπουδήποτε</span> <span class='ocrx_word' id='word_1_594' title='bbox 2677 4436 2848 4506; x_wconf 83' lang='grc' dir='ltr'>ἁγίων</span> <span class='ocrx_word' id='word_1_595' title='bbox 2887 4433 3254 4505; x_wconf 80' lang='grc' dir='ltr'>Ἐκκλησιῶν,</span> <span class='ocrx_word' id='word_1_596' title='bbox 3281 4431 3379 4486; x_wconf 68' lang='grc' dir='ltr'>καὶ</span> <span class='ocrx_word' id='word_1_597' title='bbox 3403 4431 3466 4485; x_wconf 84' lang='grc' dir='ltr'>τὸ</span> <span class='ocrx_word' id='word_1_598' title='bbox 3485 4425 3704 4497; x_wconf 56' lang='lat' dir='ltr'><strong>down;</strong></span> 
     </span>
    </p>
   </div>
   <div class='ocr_carea' id='block_1_90' title="bbox 2151 4520 3702 4606">
    <p class='ocr_par' dir='ltr' id='par_1_90' title="bbox 2151 4520 3702 4606">
     <span class='ocr_line' id='line_1_90' title="bbox 2151 4520 3702 4606; baseline -0.011 -17"><span class='ocrx_word' id='word_1_599' title='bbox 2151 4537 2262 4589; x_wconf 87' lang='grc' dir='ltr'><strong>τῶν</strong></span> <span class='ocrx_word' id='word_1_600' title='bbox 2296 4534 2611 4606; x_wconf 79' lang='grc' dir='ltr'>προσόντων</span> <span class='ocrx_word' id='word_1_601' title='bbox 2633 4530 2861 4593; x_wconf 86' lang='grc' dir='ltr'>ταύταις</span> <span class='ocrx_word' id='word_1_602' title='bbox 2881 4528 3264 4597; x_wconf 83' lang='grc' dir='ltr'>δικαιωμάτων</span> <span class='ocrx_word' id='word_1_603' title='bbox 3288 4524 3383 4577; x_wconf 75' lang='grc' dir='ltr'><strong>ἐπὶ</strong></span> <span class='ocrx_word' id='word_1_604' title='bbox 3417 4526 3485 4595; x_wconf 79' lang='grc' dir='ltr'>τῇ</span> <span class='ocrx_word' id='word_1_605' title='bbox 3517 4520 3702 4589; x_wconf 78' lang='grc' dir='ltr'>κατοχῇ</span> 
     </span>
    </p>
   </div>
   <div class='ocr_carea' id='block_1_91' title="bbox 478 4599 2031 4694">
    <p class='ocr_par' dir='ltr' id='par_1_91' title="bbox 478 4616 2031 4689">
     <span class='ocr_line' id='line_1_91' title="bbox 478 4616 2031 4689; baseline 0.001 -17"><span class='ocrx_word' id='word_1_606' title='bbox 478 4618 688 4672; x_wconf 82' lang='lat' dir='ltr'><strong>ﬁrmius</strong></span> <span class='ocrx_word' id='word_1_607' title='bbox 716 4616 1056 4671; x_wconf 89' lang='lat' dir='ltr'><strong>constituens</strong></span> <span class='ocrx_word' id='word_1_608' title='bbox 1078 4657 1093 4682; x_wconf 92' lang='lat'><strong>,</strong></span> <span class='ocrx_word' id='word_1_609' title='bbox 1130 4625 1181 4669; x_wconf 89' lang='lat' dir='ltr'><strong>et</strong></span> <span class='ocrx_word' id='word_1_610' title='bbox 1217 4626 1479 4685; x_wconf 61' lang='lat' dir='ltr'><strong>praeterea</strong></span> <span class='ocrx_word' id='word_1_611' title='bbox 1515 4620 1818 4688; x_wconf 82' lang='lat' dir='ltr'><strong>corrigens,</strong></span> <span class='ocrx_word' id='word_1_612' title='bbox 1849 4621 1891 4674; x_wconf 89' lang='lat' dir='ltr'><strong>si</strong></span> <span class='ocrx_word' id='word_1_613' title='bbox 1919 4622 2031 4689; x_wconf 77' lang='lat' dir='ltr'><strong>quit</strong></span> 
     </span>
    </p>
   </div>
   <div class='ocr_carea' id='block_1_92' title="bbox 2141 4599 3704 4694">
    <p class='ocr_par' dir='ltr' id='par_1_92' title="bbox 2151 4616 3704 4694">
     <span class='ocr_line' id='line_1_92' title="bbox 2151 4616 3704 4694; baseline -0.013 -13"><span class='ocrx_word' id='word_1_614' title='bbox 2151 4627 2259 4682; x_wconf 84' lang='grc' dir='ltr'><strong>τῶν</strong></span> <span class='ocrx_word' id='word_1_615' title='bbox 2283 4627 2556 4694; x_wconf 76' lang='grc' dir='ltr'>ἀκινήτων</span> <span class='ocrx_word' id='word_1_616' title='bbox 2582 4623 2760 4677; x_wconf 80' lang='grc' dir='ltr'>αὐτῶν</span> <span class='ocrx_word' id='word_1_617' title='bbox 2789 4621 3033 4694; x_wconf 78' lang='grc' dir='ltr'>βεϐαιότε</span> <span class='ocrx_word' id='word_1_618' title='bbox 3045 4637 3140 4690; x_wconf 83' lang='grc' dir='ltr'><strong>ρον</strong></span> <span class='ocrx_word' id='word_1_619' title='bbox 3181 4616 3522 4680; x_wconf 80' lang='grc' dir='ltr'>καθιστῶσα,</span> <span class='ocrx_word' id='word_1_620' title='bbox 3552 4625 3704 4683; x_wconf 81' lang='grc' dir='ltr'>προσ-</span> 
     </span>
    </p>
   </div>
   <div class='ocr_carea' id='block_1_93' title="bbox 479 4706 2041 4778">
    <p class='ocr_par' dir='ltr' id='par_1_93' title="bbox 479 4706 2041 4778">
     <span class='ocr_line' id='line_1_93' title="bbox 479 4706 2041 4778; baseline 0 -15"><span class='ocrx_word' id='word_1_621' title='bbox 479 4711 532 4763; x_wconf 89' lang='lat' dir='ltr'><strong>iu</strong></span> <span class='ocrx_word' id='word_1_622' title='bbox 569 4723 753 4762; x_wconf 88' lang='lat' dir='ltr'><strong>eorum</strong></span> <span class='ocrx_word' id='word_1_623' title='bbox 787 4706 1002 4776; x_wconf 86' lang='lat' dir='ltr'><strong>juribus</strong></span> <span class='ocrx_word' id='word_1_624' title='bbox 1041 4707 1328 4769; x_wconf 88' lang='lat' dir='ltr'><strong>claudicet,</strong></span> <span class='ocrx_word' id='word_1_625' title='bbox 1367 4716 1421 4762; x_wconf 89' lang='lat' dir='ltr'><strong>et</strong></span> <span class='ocrx_word' id='word_1_626' title='bbox 1455 4723 1604 4763; x_wconf 91' lang='lat' dir='ltr'><strong>mero</strong></span> <span class='ocrx_word' id='word_1_627' title='bbox 1628 4709 1751 4778; x_wconf 87' lang='lat' dir='ltr'><strong>jure</strong></span> <span class='ocrx_word' id='word_1_628' title='bbox 1776 4710 1847 4765; x_wconf 89' lang='lat' dir='ltr'><strong>sit</strong></span> <span class='ocrx_word' id='word_1_629' title='bbox 1873 4711 2041 4765; x_wconf 75' lang='lat' dir='ltr'><strong>desu-</strong></span> 
     </span>
    </p>
   </div>
   <div class='ocr_carea' id='block_1_94' title="bbox 480 4797 2046 4871">
    <p class='ocr_par' dir='ltr' id='par_1_94' title="bbox 480 4797 2046 4871">
     <span class='ocr_line' id='line_1_94' title="bbox 480 4797 2046 4871; baseline 0.001 -17"><span class='ocrx_word' id='word_1_630' title='bbox 480 4807 650 4854; x_wconf 88' lang='lat' dir='ltr'><strong>tutum</strong></span> <span class='ocrx_word' id='word_1_631' title='bbox 690 4815 705 4852; x_wconf 89' lang='lat'><strong>:</strong></span> <span class='ocrx_word' id='word_1_632' title='bbox 738 4809 794 4852; x_wconf 89' lang='lat' dir='ltr'><strong>et</strong></span> <span class='ocrx_word' id='word_1_633' title='bbox 820 4812 922 4850; x_wconf 88' lang='lat' dir='ltr'><strong>non</strong></span> <span class='ocrx_word' id='word_1_634' title='bbox 955 4797 1127 4851; x_wconf 84' lang='lat' dir='ltr'><strong>solum</strong></span> <span class='ocrx_word' id='word_1_635' title='bbox 1163 4797 1288 4862; x_wconf 86' lang='lat' dir='ltr'><strong>hoc,</strong></span> <span class='ocrx_word' id='word_1_636' title='bbox 1331 4799 1425 4852; x_wconf 90' lang='lat' dir='ltr'><strong>sed</strong></span> <span class='ocrx_word' id='word_1_637' title='bbox 1460 4810 1508 4853; x_wconf 85' lang='lat' dir='ltr'><strong>et</strong></span> <span class='ocrx_word' id='word_1_638' title='bbox 1546 4800 1593 4854; x_wconf 90' lang='lat' dir='ltr'><strong>si</strong></span> <span class='ocrx_word' id='word_1_639' title='bbox 1625 4805 1766 4869; x_wconf 89' lang='lat' dir='ltr'><strong>quod</strong></span> <span class='ocrx_word' id='word_1_640' title='bbox 1796 4801 1885 4871; x_wconf 89' lang='lat' dir='ltr'><strong>jus</strong></span> <span class='ocrx_word' id='word_1_641' title='bbox 1916 4818 2046 4855; x_wconf 77' lang='lat' dir='ltr'><strong>con-</strong></span> 
     </span>
    </p>
   </div>
   <div class='ocr_carea' id='block_1_95' title="bbox 479 4894 2042 4970">
    <p class='ocr_par' dir='ltr' id='par_1_95' title="bbox 479 4894 2042 4970">
     <span class='ocr_line' id='line_1_95' title="bbox 479 4894 2042 4970; baseline 0.003 -22"><span class='ocrx_word' id='word_1_642' title='bbox 479 4898 631 4967; x_wconf 80' lang='lat' dir='ltr'><strong>sequi</strong></span> <span class='ocrx_word' id='word_1_643' title='bbox 667 4896 862 4962; x_wconf 70' lang='lat' dir='ltr'><strong>debeat</strong></span> <span class='ocrx_word' id='word_1_644' title='bbox 909 4896 976 4949; x_wconf 85' lang='lat' dir='ltr'><strong>ad</strong></span> <span class='ocrx_word' id='word_1_645' title='bbox 1026 4894 1289 4965; x_wconf 86' lang='lat' dir='ltr'><strong>ejusmodi</strong></span> <span class='ocrx_word' id='word_1_646' title='bbox 1341 4895 1694 4951; x_wconf 89' lang='lat' dir='ltr'><strong>immobilium</strong></span> <span class='ocrx_word' id='word_1_647' title='bbox 1722 4898 2042 4970; x_wconf 88' lang='lat' dir='ltr'><strong>dominium,</strong></span> 
     </span>
    </p>
   </div>
   <div class='ocr_carea' id='block_1_96' title="bbox 479 4988 2045 5063">
    <p class='ocr_par' dir='ltr' id='par_1_96' title="bbox 479 4988 2045 5063">
     <span class='ocr_line' id='line_1_96' title="bbox 479 4988 2045 5063; baseline 0.001 -17"><span class='ocrx_word' id='word_1_648' title='bbox 479 4993 872 5055; x_wconf 82' lang='lat' dir='ltr'><strong>detcntionem,</strong></span> <span class='ocrx_word' id='word_1_649' title='bbox 929 5001 984 5046; x_wconf 92' lang='lat' dir='ltr'><strong>et</strong></span> <span class='ocrx_word' id='word_1_650' title='bbox 1036 4988 1458 5060; x_wconf 84' lang='lat' dir='ltr'><strong>proprietatem,</strong></span> <span class='ocrx_word' id='word_1_651' title='bbox 1507 4990 1562 5045; x_wconf 90' lang='lat' dir='ltr'><strong>id</strong></span> <span class='ocrx_word' id='word_1_652' title='bbox 1615 4991 1844 5047; x_wconf 81' lang='lat' dir='ltr'><strong>fortasse</strong></span> <span class='ocrx_word' id='word_1_653' title='bbox 1894 4993 2045 5063; x_wconf 82' lang='lat' dir='ltr'><strong>prius</strong></span> 
     </span>
    </p>
   </div>
   <div class='ocr_carea' id='block_1_97' title="bbox 483 5083 2042 5154">
    <p class='ocr_par' dir='ltr' id='par_1_97' title="bbox 483 5083 2042 5154">
     <span class='ocr_line' id='line_1_97' title="bbox 483 5083 2042 5154; baseline 0.001 -16"><span class='ocrx_word' id='word_1_654' title='bbox 483 5089 684 5139; x_wconf 72' lang='lat' dir='ltr'><strong>factum</strong></span> <span class='ocrx_word' id='word_1_655' title='bbox 719 5099 825 5139; x_wconf 92' lang='lat' dir='ltr'><strong>non</strong></span> <span class='ocrx_word' id='word_1_656' title='bbox 863 5094 983 5150; x_wconf 87' lang='lat' dir='ltr'><strong>est;</strong></span> <span class='ocrx_word' id='word_1_657' title='bbox 1023 5086 1158 5138; x_wconf 86' lang='lat' dir='ltr'><strong>hanc</strong></span> <span class='ocrx_word' id='word_1_658' title='bbox 1189 5085 1399 5154; x_wconf 88' lang='lat' dir='ltr'><strong>imperii</strong></span> <span class='ocrx_word' id='word_1_659' title='bbox 1435 5085 1538 5138; x_wconf 90' lang='lat' dir='ltr'><strong>mei</strong></span> <span class='ocrx_word' id='word_1_660' title='bbox 1575 5083 1779 5138; x_wconf 88' lang='lat' dir='ltr'><strong>Bullam</strong></span> <span class='ocrx_word' id='word_1_661' title='bbox 1815 5088 2042 5140; x_wconf 75' lang='lat' dir='ltr'><strong>Auream</strong></span> 
     </span>
    </p>
   </div>
   <div class='ocr_carea' id='block_1_98' title="bbox 481 5175 2046 5247">
    <p class='ocr_par' dir='ltr' id='par_1_98' title="bbox 481 5175 2046 5247">
     <span class='ocr_line' id='line_1_98' title="bbox 481 5175 2046 5247; baseline 0.003 -19"><span class='ocrx_word' id='word_1_662' title='bbox 481 5179 618 5244; x_wconf 56' lang='lat' dir='ltr'><strong>ejus,</strong></span> <span class='ocrx_word' id='word_1_663' title='bbox 651 5177 790 5244; x_wconf 92' lang='lat' dir='ltr'><strong>quod</strong></span> <span class='ocrx_word' id='word_1_664' title='bbox 824 5177 1001 5239; x_wconf 87' lang='lat' dir='ltr'><strong>deest,</strong></span> <span class='ocrx_word' id='word_1_665' title='bbox 1059 5176 1464 5232; x_wconf 85' lang='lat' dir='ltr'><strong>mcdicatricem</strong></span> <span class='ocrx_word' id='word_1_666' title='bbox 1511 5175 1618 5234; x_wconf 83' lang='lat' dir='ltr'><strong>illis</strong></span> <span class='ocrx_word' id='word_1_667' title='bbox 1652 5178 1898 5242; x_wconf 74' lang='lat' dir='ltr'><strong>tradidit,</strong></span> <span class='ocrx_word' id='word_1_668' title='bbox 1926 5194 2046 5247; x_wconf 72' lang='lat' dir='ltr'><strong>qua:</strong></span> 
     </span>
    </p>
   </div>
   <div class='ocr_carea' id='block_1_99' title="bbox 483 5269 2044 5340">
    <p class='ocr_par' dir='ltr' id='par_1_99' title="bbox 483 5269 2044 5340">
     <span class='ocr_line' id='line_1_99' title="bbox 483 5269 2044 5340; baseline 0.003 -21"><span class='ocrx_word' id='word_1_669' title='bbox 483 5271 637 5323; x_wconf 77' lang='lat' dir='ltr'><strong>veluti</strong></span> <span class='ocrx_word' id='word_1_670' title='bbox 671 5269 992 5340; x_wconf 79' lang='lat' dir='ltr'><strong>perfectum,</strong></span> <span class='ocrx_word' id='word_1_671' title='bbox 1027 5279 1078 5324; x_wconf 90' lang='lat' dir='ltr'><strong>et</strong></span> <span class='ocrx_word' id='word_1_672' title='bbox 1131 5269 1437 5338; x_wconf 78' lang='lat' dir='ltr'><strong>integrum,</strong></span> <span class='ocrx_word' id='word_1_673' title='bbox 1490 5278 1545 5323; x_wconf 87' lang='lat' dir='ltr'><strong>et</strong></span> <span class='ocrx_word' id='word_1_674' title='bbox 1589 5269 1809 5323; x_wconf 78' lang='lat' dir='ltr'><strong>munitio</strong></span> <span class='ocrx_word' id='word_1_675' title='bbox 1855 5270 2044 5324; x_wconf 87' lang='lat' dir='ltr'><strong>incon-</strong></span> 
     </span>
    </p>
   </div>
   <div class='ocr_carea' id='block_1_100' title="bbox 482 5360 2045 5432">
    <p class='ocr_par' dir='ltr' id='par_1_100' title="bbox 482 5360 2045 5432">
     <span class='ocr_line' id='line_1_100' title="bbox 482 5360 2045 5432; baseline 0.001 -17"><span class='ocrx_word' id='word_1_676' title='bbox 482 5377 700 5415; x_wconf 88' lang='lat' dir='ltr'><strong>cussum</strong></span> <span class='ocrx_word' id='word_1_677' title='bbox 750 5361 838 5432; x_wconf 85' lang='lat' dir='ltr'><strong>jus</strong></span> <span class='ocrx_word' id='word_1_678' title='bbox 890 5362 943 5415; x_wconf 91' lang='lat' dir='ltr'><strong>in</strong></span> <span class='ocrx_word' id='word_1_679' title='bbox 989 5360 1068 5415; x_wconf 89' lang='lat' dir='ltr'><strong>eis</strong></span> <span class='ocrx_word' id='word_1_680' title='bbox 1130 5362 1346 5429; x_wconf 86' lang='lat' dir='ltr'><strong>prohat.</strong></span> <span class='ocrx_word' id='word_1_681' title='bbox 1390 5360 1494 5416; x_wconf 89' lang='lat' dir='ltr'><strong>Per</strong></span> <span class='ocrx_word' id='word_1_682' title='bbox 1544 5376 1708 5432; x_wconf 81' lang='lat' dir='ltr'><strong>quam</strong></span> <span class='ocrx_word' id='word_1_683' title='bbox 1762 5361 2045 5416; x_wconf 81' lang='lat' dir='ltr'><strong>conﬁrmat</strong></span> 
     </span>
    </p>
   </div>
   <div class='ocr_carea' id='block_1_101' title="bbox 476 5451 2049 5525">
    <p class='ocr_par' dir='ltr' id='par_1_101' title="bbox 476 5451 2049 5525">
     <span class='ocr_line' id='line_1_101' title="bbox 476 5451 2049 5525; baseline 0.003 -21"><span class='ocrx_word' id='word_1_684' title='bbox 476 5453 717 5522; x_wconf 76' lang='lat' dir='ltr'><strong>quidem,</strong></span> <span class='ocrx_word' id='word_1_685' title='bbox 772 5463 826 5507; x_wconf 91' lang='lat' dir='ltr'><strong>et</strong></span> <span class='ocrx_word' id='word_1_686' title='bbox 885 5454 1048 5507; x_wconf 87' lang='lat' dir='ltr'><strong>tutius</strong></span> <span class='ocrx_word' id='word_1_687' title='bbox 1095 5451 1259 5517; x_wconf 82' lang='lat' dir='ltr'><strong>facit,</strong></span> <span class='ocrx_word' id='word_1_688' title='bbox 1322 5455 1681 5524; x_wconf 84' lang='lat' dir='ltr'><strong>quodcunque</strong></span> <span class='ocrx_word' id='word_1_689' title='bbox 1747 5456 1839 5525; x_wconf 86' lang='lat' dir='ltr'><strong>jus</strong></span> <span class='ocrx_word' id='word_1_690' title='bbox 1895 5459 2049 5509; x_wconf 79' lang='lat' dir='ltr'><strong>adest</strong></span> 
     </span>
    </p>
   </div>
   <div class='ocr_carea' id='block_1_102' title="bbox 480 5544 2044 5617">
    <p class='ocr_par' dir='ltr' id='par_1_102' title="bbox 480 5544 2044 5617">
     <span class='ocr_line' id='line_1_102' title="bbox 480 5544 2044 5617; baseline 0.001 -20"><span class='ocrx_word' id='word_1_691' title='bbox 480 5545 682 5597; x_wconf 83' lang='lat' dir='ltr'><strong>sanctis</strong></span> <span class='ocrx_word' id='word_1_692' title='bbox 713 5544 978 5608; x_wconf 84' lang='lat' dir='ltr'><strong>ecclesiis,</strong></span> <span class='ocrx_word' id='word_1_693' title='bbox 1013 5544 1194 5616; x_wconf 85' lang='lat' dir='ltr'><strong>eique,</strong></span> <span class='ocrx_word' id='word_1_694' title='bbox 1225 5559 1347 5614; x_wconf 65' lang='lat' dir='ltr'><strong>quae</strong></span> <span class='ocrx_word' id='word_1_695' title='bbox 1376 5544 1482 5599; x_wconf 87' lang='lat' dir='ltr'><strong>illis</strong></span> <span class='ocrx_word' id='word_1_696' title='bbox 1514 5547 1786 5616; x_wconf 71' lang='lat' dir='ltr'><strong>praesidet,</strong></span> <span class='ocrx_word' id='word_1_697' title='bbox 1819 5547 1872 5600; x_wconf 88' lang='lat' dir='ltr'><strong>in</strong></span> <span class='ocrx_word' id='word_1_698' title='bbox 1903 5547 2044 5617; x_wconf 76' lang='lat' dir='ltr'><strong>ipsa-</strong></span> 
     </span>
    </p>
   </div>
   <div class='ocr_carea' id='block_1_103' title="bbox 479 5633 2047 5705">
    <p class='ocr_par' dir='ltr' id='par_1_103' title="bbox 479 5633 2047 5705">
     <span class='ocr_line' id='line_1_103' title="bbox 479 5633 2047 5705; baseline -0.003 -15"><span class='ocrx_word' id='word_1_699' title='bbox 479 5648 600 5690; x_wconf 77' lang='lat' dir='ltr'><strong>rum</strong></span> <span class='ocrx_word' id='word_1_700' title='bbox 651 5634 1060 5700; x_wconf 84' lang='lat' dir='ltr'><strong>immobilibus,</strong></span> <span class='ocrx_word' id='word_1_701' title='bbox 1114 5633 1635 5705; x_wconf 86' lang='lat' dir='ltr'><strong>cujusmodicunque</strong></span> <span class='ocrx_word' id='word_1_702' title='bbox 1702 5637 1927 5699; x_wconf 71' lang='lat' dir='ltr'><strong>interim,</strong></span> <span class='ocrx_word' id='word_1_703' title='bbox 2002 5649 2047 5689; x_wconf 74' lang='lat' dir='ltr'><strong>cz</strong></span> 
     </span>
    </p>
   </div>
   <div class='ocr_carea' id='block_1_104' title="bbox 557 5791 1710 5869">
    <p class='ocr_par' dir='ltr' id='par_1_104' title="bbox 557 5791 1710 5869">
     <span class='ocr_line' id='line_1_104' title="bbox 557 5791 1710 5869; baseline 0.003 -25"><span class='ocrx_word' id='word_1_704' title='bbox 557 5792 634 5866; x_wconf 76' lang='grc'><strong>(6)</strong></span> <span class='ocrx_word' id='word_1_705' title='bbox 674 5793 958 5863; x_wconf 73' lang='lat' dir='ltr'><strong>ltogcrium</strong></span> <span class='ocrx_word' id='word_1_706' title='bbox 994 5791 1193 5847; x_wconf 76' lang='lat' dir='ltr'><strong>Sicilia:</strong></span> <span class='ocrx_word' id='word_1_707' title='bbox 1230 5808 1408 5862; x_wconf 79' lang='lat' dir='ltr'><strong>regem</strong></span> <span class='ocrx_word' id='word_1_708' title='bbox 1446 5791 1710 5869; x_wconf 73' lang='lat' dir='ltr'><strong>intellig&#39;l.</strong></span> 
     </span>
    </p>
   </div>
   <div class='ocr_carea' id='block_1_105' title="bbox 2152 4700 3705 4789">
    <p class='ocr_par' dir='ltr' id='par_1_105' title="bbox 2152 4700 3705 4789">
     <span class='ocr_line' id='line_1_105' title="bbox 2152 4700 3705 4789; baseline -0.016 -16"><span class='ocrx_word' id='word_1_709' title='bbox 2152 4716 2533 4789; x_wconf 82' lang='grc' dir='ltr'>επανορθοῦσα</span> <span class='ocrx_word' id='word_1_710' title='bbox 2587 4715 2643 4768; x_wconf 79' lang='grc' dir='ltr'>δὲ</span> <span class='ocrx_word' id='word_1_711' title='bbox 2675 4716 2769 4768; x_wconf 73' lang='grc' dir='ltr'>καὶ</span> <span class='ocrx_word' id='word_1_712' title='bbox 2815 4715 2870 4766; x_wconf 80' lang='lat' dir='ltr'><strong>sl’</strong></span> <span class='ocrx_word' id='word_1_713' title='bbox 2916 4713 2970 4766; x_wconf 85' lang='grc' dir='ltr'><strong>τί</strong></span> <span class='ocrx_word' id='word_1_714' title='bbox 3003 4729 3106 4765; x_wconf 90' lang='grc' dir='ltr'><strong>που</strong></span> <span class='ocrx_word' id='word_1_715' title='bbox 3139 4706 3379 4780; x_wconf 65' lang='grc' dir='ltr'>χωλεῦον</span> <span class='ocrx_word' id='word_1_716' title='bbox 3408 4707 3540 4768; x_wconf 78' lang='grc' dir='ltr'>ῐσως</span> <span class='ocrx_word' id='word_1_717' title='bbox 3573 4700 3705 4755; x_wconf 79' lang='grc' dir='ltr'>ἐστὶν</span> 
     </span>
    </p>
   </div>
   <div class='ocr_carea' id='block_1_106' title="bbox 2155 4791 3704 4875">
    <p class='ocr_par' dir='ltr' id='par_1_106' title="bbox 2155 4791 3704 4875">
     <span class='ocr_line' id='line_1_106' title="bbox 2155 4791 3704 4875; baseline -0.012 -13"><span class='ocrx_word' id='word_1_718' title='bbox 2155 4812 2212 4863; x_wconf 67' lang='grc' dir='ltr'>ἐν</span> <span class='ocrx_word' id='word_1_719' title='bbox 2242 4810 2358 4871; x_wconf 83' lang='grc' dir='ltr'>τοῖς</span> <span class='ocrx_word' id='word_1_720' title='bbox 2391 4808 2570 4861; x_wconf 85' lang='grc' dir='ltr'>αὐτῶν</span> <span class='ocrx_word' id='word_1_721' title='bbox 2598 4805 2938 4875; x_wconf 79' lang='grc' dir='ltr'>δικαιώμασι</span> <span class='ocrx_word' id='word_1_722' title='bbox 2969 4802 3188 4872; x_wconf 75' lang='grc' dir='ltr'>καὶτῆς</span> <span class='ocrx_word' id='word_1_723' title='bbox 3216 4797 3505 4870; x_wconf 70' lang='grc' dir='ltr'>ἀκριϐείας</span> <span class='ocrx_word' id='word_1_724' title='bbox 3537 4791 3704 4846; x_wconf 81' lang='grc' dir='ltr'>λειπό-</span> 
     </span>
    </p>
   </div>
   <div class='ocr_carea' id='block_1_107' title="bbox 2160 4891 3704 4972">
    <p class='ocr_par' dir='ltr' id='par_1_107' title="bbox 2160 4891 3704 4972">
     <span class='ocr_line' id='line_1_107' title="bbox 2160 4891 3704 4972; baseline -0.012 -16"><span class='ocrx_word' id='word_1_725' title='bbox 2160 4919 2320 4972; x_wconf 86' lang='grc' dir='ltr'>μενον</span> <span class='ocrx_word' id='word_1_726' title='bbox 2352 4916 2366 4932; x_wconf 82' lang='grc'>⁶</span> <span class='ocrx_word' id='word_1_727' title='bbox 2393 4902 2489 4954; x_wconf 70' lang='grc' dir='ltr'>καὶ</span> <span class='ocrx_word' id='word_1_728' title='bbox 2543 4901 2604 4953; x_wconf 83' lang='grc' dir='ltr'><strong>ού</strong></span> <span class='ocrx_word' id='word_1_729' title='bbox 2661 4899 2820 4969; x_wconf 81' lang='grc' dir='ltr'>μόνον</span> <span class='ocrx_word' id='word_1_730' title='bbox 2873 4895 3053 4958; x_wconf 80' lang='grc' dir='ltr'>τοῦτο,</span> <span class='ocrx_word' id='word_1_731' title='bbox 3102 4893 3238 4948; x_wconf 83' lang='grc' dir='ltr'><strong>ἀλλὰ</strong></span> <span class='ocrx_word' id='word_1_732' title='bbox 3290 4893 3388 4948; x_wconf 81' lang='grc' dir='ltr'>καὶ</span> <span class='ocrx_word' id='word_1_733' title='bbox 3429 4891 3484 4945; x_wconf 84' lang='grc' dir='ltr'>εἴ</span> <span class='ocrx_word' id='word_1_734' title='bbox 3522 4891 3571 4943; x_wconf 84' lang='grc' dir='ltr'><strong>τί</strong></span> <span class='ocrx_word' id='word_1_735' title='bbox 3615 4902 3704 4939; x_wconf 72' lang='grc' dir='ltr'><strong>που</strong></span> 
     </span>
    </p>
   </div>
   <div class='ocr_carea' id='block_1_108' title="bbox 2162 4979 3704 5069">
    <p class='ocr_par' dir='ltr' id='par_1_108' title="bbox 2162 4979 3704 5069">
     <span class='ocr_line' id='line_1_108' title="bbox 2162 4979 3704 5069; baseline -0.012 -19"><span class='ocrx_word' id='word_1_736' title='bbox 2162 4997 2381 5066; x_wconf 80' lang='grc' dir='ltr'>ὀφεῖλον</span> <span class='ocrx_word' id='word_1_737' title='bbox 2411 4993 2854 5069; x_wconf 74' lang='grc' dir='ltr'>ἐπακολουθῆσαι</span> <span class='ocrx_word' id='word_1_738' title='bbox 2885 4990 3162 5060; x_wconf 78' lang='grc' dir='ltr'>δικαίωμα</span> <span class='ocrx_word' id='word_1_739' title='bbox 3200 4987 3337 5058; x_wconf 75' lang='grc' dir='ltr'>πρὸς</span> <span class='ocrx_word' id='word_1_740' title='bbox 3382 4987 3483 5055; x_wconf 73' lang='grc' dir='ltr'>τὴν</span> <span class='ocrx_word' id='word_1_741' title='bbox 3510 4979 3704 5047; x_wconf 71' lang='grc' dir='ltr'>ἀσφαλῆ</span> 
     </span>
    </p>
   </div>
   <div class='ocr_carea' id='block_1_109' title="bbox 2154 5072 3707 5150">
    <p class='ocr_par' dir='ltr' id='par_1_109' title="bbox 2154 5072 3707 5150">
     <span class='ocr_line' id='line_1_109' title="bbox 2154 5072 3707 5150; baseline -0.014 -9"><span class='ocrx_word' id='word_1_742' title='bbox 2154 5088 2266 5141; x_wconf 83' lang='grc' dir='ltr'><strong>τῶν</strong></span> <span class='ocrx_word' id='word_1_743' title='bbox 2294 5087 2556 5140; x_wconf 84' lang='grc' dir='ltr'>τοιούτων</span> <span class='ocrx_word' id='word_1_744' title='bbox 2582 5086 2859 5150; x_wconf 81' lang='grc' dir='ltr'>ἀκινήτων</span> <span class='ocrx_word' id='word_1_745' title='bbox 2887 5081 3226 5141; x_wconf 83' lang='grc' dir='ltr'>δεσποτείαν,</span> <span class='ocrx_word' id='word_1_746' title='bbox 3263 5078 3504 5146; x_wconf 68' lang='grc' dir='ltr'>κατοχὴν</span> <span class='ocrx_word' id='word_1_747' title='bbox 3543 5091 3597 5124; x_wconf 86' lang='grc' dir='ltr'><strong>τε</strong></span> <span class='ocrx_word' id='word_1_748' title='bbox 3627 5072 3707 5122; x_wconf 80' lang='grc' dir='ltr'>καὶ</span> 
     </span>
    </p>
   </div>
   <div class='ocr_carea' id='block_1_110' title="bbox 2155 5160 3704 5250">
    <p class='ocr_par' dir='ltr' id='par_1_110' title="bbox 2155 5160 3704 5250">
     <span class='ocr_line' id='line_1_110' title="bbox 2155 5160 3704 5250; baseline -0.014 -18"><span class='ocrx_word' id='word_1_749' title='bbox 2155 5179 2456 5250; x_wconf 85' lang='grc' dir='ltr'>κυριότητα</span> <span class='ocrx_word' id='word_1_750' title='bbox 2501 5175 2760 5244; x_wconf 78' lang='grc' dir='ltr'>γενέσθαι</span> <span class='ocrx_word' id='word_1_751' title='bbox 2817 5175 2948 5236; x_wconf 74' lang='lat' dir='ltr'><strong>iam;</strong></span> <span class='ocrx_word' id='word_1_752' title='bbox 2994 5173 3097 5225; x_wconf 85' lang='grc' dir='ltr'>οὐκ</span> <span class='ocrx_word' id='word_1_753' title='bbox 3142 5170 3376 5238; x_wconf 55' lang='grc' dir='ltr'>ἔφθασεν</span> <span class='ocrx_word' id='word_1_754' title='bbox 3409 5185 3424 5199; x_wconf 87' lang='grc'><strong>·</strong></span> <span class='ocrx_word' id='word_1_755' title='bbox 3453 5165 3604 5219; x_wconf 70' lang='grc' dir='ltr'>αὑτὸν</span> <span class='ocrx_word' id='word_1_756' title='bbox 3649 5160 3704 5225; x_wconf 72' lang='grc' dir='ltr'>δή</span> 
     </span>
    </p>
   </div>
   <div class='ocr_carea' id='block_1_111' title="bbox 2152 5254 3707 5342">
    <p class='ocr_par' dir='ltr' id='par_1_111' title="bbox 2152 5254 3707 5342">
     <span class='ocr_line' id='line_1_111' title="bbox 2152 5254 3707 5342; baseline -0.015 -16"><span class='ocrx_word' id='word_1_757' title='bbox 2152 5272 2241 5327; x_wconf 75' lang='grc' dir='ltr'><strong>τὸν</strong></span> <span class='ocrx_word' id='word_1_758' title='bbox 2269 5272 2511 5342; x_wconf 85' lang='grc' dir='ltr'>παρόντα</span> <span class='ocrx_word' id='word_1_759' title='bbox 2556 5267 2946 5342; x_wconf 81' lang='grc' dir='ltr'>χρυσόϐουλλον</span> <span class='ocrx_word' id='word_1_760' title='bbox 2982 5266 3138 5333; x_wconf 85' lang='grc' dir='ltr'>λόγον</span> <span class='ocrx_word' id='word_1_761' title='bbox 3187 5262 3381 5333; x_wconf 78' lang='grc' dir='ltr'>ίατῆρα</span> <span class='ocrx_word' id='word_1_762' title='bbox 3410 5262 3446 5328; x_wconf 75' lang='grc' dir='ltr'><strong>ἡ</strong></span> <span class='ocrx_word' id='word_1_763' title='bbox 3481 5254 3707 5330; x_wconf 72' lang='grc' dir='ltr'>βασιλεία</span> 
     </span>
    </p>
   </div>
   <div class='ocr_carea' id='block_1_112' title="bbox 2157 5350 3704 5434">
    <p class='ocr_par' dir='ltr' id='par_1_112' title="bbox 2157 5350 3704 5434">
     <span class='ocr_line' id='line_1_112' title="bbox 2157 5350 3704 5434; baseline -0.012 -18"><span class='ocrx_word' id='word_1_764' title='bbox 2157 5381 2258 5433; x_wconf 85' lang='grc' dir='ltr'>μου</span> <span class='ocrx_word' id='word_1_765' title='bbox 2290 5363 2482 5416; x_wconf 87' lang='grc' dir='ltr'>τούτου</span> <span class='ocrx_word' id='word_1_766' title='bbox 2517 5362 2581 5434; x_wconf 84' lang='grc' dir='ltr'>δὴ</span> <span class='ocrx_word' id='word_1_767' title='bbox 2627 5360 2722 5413; x_wconf 83' lang='grc' dir='ltr'>τοῦ</span> <span class='ocrx_word' id='word_1_768' title='bbox 2756 5361 3100 5422; x_wconf 73' lang='grc' dir='ltr'>ἐλλείποντος</span> <span class='ocrx_word' id='word_1_769' title='bbox 3140 5359 3324 5419; x_wconf 72' lang='grc' dir='ltr'>αὐτοῖς</span> <span class='ocrx_word' id='word_1_770' title='bbox 3369 5350 3704 5406; x_wconf 73' lang='grc' dir='ltr'>ἐπιδέδωκεν.</span> 
     </span>
    </p>
   </div>
   <div class='ocr_carea' id='block_1_113' title="bbox 2154 5440 3706 5526">
    <p class='ocr_par' dir='ltr' id='par_1_113' title="bbox 2154 5440 3706 5526">
     <span class='ocr_line' id='line_1_113' title="bbox 2154 5440 3706 5526; baseline -0.012 -18"><span class='ocrx_word' id='word_1_771' title='bbox 2154 5450 2265 5508; x_wconf 73' lang='grc' dir='ltr'>οἷον</span> <span class='ocrx_word' id='word_1_772' title='bbox 2298 5454 2485 5526; x_wconf 80' lang='grc' dir='ltr'>ἄρτιον</span> <span class='ocrx_word' id='word_1_773' title='bbox 2523 5455 2616 5508; x_wconf 66' lang='grc' dir='ltr'>καὶ</span> <span class='ocrx_word' id='word_1_774' title='bbox 2648 5452 2902 5524; x_wconf 53' lang='lat' dir='ltr'><strong>etopus;</strong></span> <span class='ocrx_word' id='word_1_775' title='bbox 2931 5448 3224 5505; x_wconf 87' lang='grc' dir='ltr'>δεικνύντα</span> <span class='ocrx_word' id='word_1_776' title='bbox 3271 5448 3332 5501; x_wconf 75' lang='grc' dir='ltr'>τὸ</span> <span class='ocrx_word' id='word_1_777' title='bbox 3370 5446 3462 5499; x_wconf 72' lang='grc' dir='ltr'><strong>ἐπὶ</strong></span> <span class='ocrx_word' id='word_1_778' title='bbox 3511 5440 3706 5498; x_wconf 73' lang='grc' dir='ltr'>τούτοις</span> 
     </span>
    </p>
   </div>
   <div class='ocr_carea' id='block_1_114' title="bbox 2157 5529 3706 5609">
    <p class='ocr_par' dir='ltr' id='par_1_114' title="bbox 2157 5529 3706 5609">
     <span class='ocr_line' id='line_1_114' title="bbox 2157 5529 3706 5609; baseline -0.013 -9"><span class='ocrx_word' id='word_1_779' title='bbox 2157 5547 2367 5600; x_wconf 84' lang='grc' dir='ltr'>δίκαιον</span> <span class='ocrx_word' id='word_1_780' title='bbox 2390 5548 2485 5601; x_wconf 78' lang='grc' dir='ltr'>καὶ</span> <span class='ocrx_word' id='word_1_781' title='bbox 2514 5547 2594 5609; x_wconf 83' lang='grc' dir='ltr'><strong>είς</strong></span> <span class='ocrx_word' id='word_1_782' title='bbox 2625 5547 2686 5597; x_wconf 79' lang='grc' dir='ltr'>τὸ</span> <span class='ocrx_word' id='word_1_783' title='bbox 2712 5543 2975 5607; x_wconf 79' lang='grc' dir='ltr'>παντελὲς</span> <span class='ocrx_word' id='word_1_784' title='bbox 3012 5543 3377 5598; x_wconf 78' lang='grc' dir='ltr'>ἀδιάσειστον.</span> <span class='ocrx_word' id='word_1_785' title='bbox 3424 5536 3500 5590; x_wconf 78' lang='grc' dir='ltr'><strong>Δι’</strong></span> <span class='ocrx_word' id='word_1_786' title='bbox 3530 5529 3586 5587; x_wconf 77' lang='grc' dir='ltr'><strong>οὗ</strong></span> <span class='ocrx_word' id='word_1_787' title='bbox 3620 5529 3706 5583; x_wconf 75' lang='grc' dir='ltr'>καὶ</span> 
     </span>
    </p>
   </div>
   <div class='ocr_carea' id='block_1_115' title="bbox 2162 5622 3707 5710">
    <p class='ocr_par' dir='ltr' id='par_1_115' title="bbox 2162 5622 3707 5710">
     <span class='ocr_line' id='line_1_115' title="bbox 2162 5622 3707 5710; baseline -0.01 -19"><span class='ocrx_word' id='word_1_788' title='bbox 2162 5638 2372 5710; x_wconf 82' lang='grc' dir='ltr'>βεϐαιοῖ</span> <span class='ocrx_word' id='word_1_789' title='bbox 2409 5639 2511 5710; x_wconf 82' lang='grc' dir='ltr'><strong>μὲν</strong></span> <span class='ocrx_word' id='word_1_790' title='bbox 2551 5639 2645 5693; x_wconf 74' lang='grc' dir='ltr'>καὶ</span> <span class='ocrx_word' id='word_1_791' title='bbox 2698 5637 3112 5709; x_wconf 75' lang='grc' dir='ltr'>ἀσφαλέστερον</span> <span class='ocrx_word' id='word_1_792' title='bbox 3158 5635 3345 5707; x_wconf 77' lang='grc' dir='ltr'>τίθησι</span> <span class='ocrx_word' id='word_1_793' title='bbox 3372 5632 3481 5686; x_wconf 76' lang='grc' dir='ltr'><strong>πᾶν</strong></span> <span class='ocrx_word' id='word_1_794' title='bbox 3523 5622 3707 5699; x_wconf 79' lang='grc' dir='ltr'>προσ-δν</span> 
     </span>
    </p>
   </div>
  </div>
