3932 6190
269 326 351 397 721
1335 327 1698 388 ΝΟΥΕΙᾸΑΕ
1738 327 1805 387 C(

1914 317 2416 387 il‘lTUTlONES.

3374 321 3481 386 722

263 445 367 507 τοίς
399 441 514 496 κατ’
545 441 743 506 αὐτοὺς
788 443 1126 512 ἁγιωτάταις
1159 443 1253 498 τοῦ
1283 445 1419 498 Θεοῦ
1466 444 1805 512 Ἐκκλησίαις

1924 443 2234 513 ubicunque
2267 455 2329 498 ea
2358 444 2459 496 sita
2495 444 2635 508 sint;
2665 449 2717 497 et
2751 440 2892 512 quod
2927 440 3257 508 bonumest,
3288 444 3481 498 melius

265 538 345 593 καὶ
385 536 518 606 αὐτῇ
567 538 635 608 τῇ
690 536 898 591 τούτων
951 538 1349 609 προκαθημένῃ
1397 539 1675 609 δικαίωμα
1715 538 1808 591 ἐπὶ

1918 536 2083 602 facit,
2137 538 2347 606 imperii
2397 537 2502 591 mei
2549 536 2818 591 sententia
2854 542 2909 588 et
2941 535 3170 590 calculo.
3208 534 3480 606 Quidquid

260 631 358 691 τοῖς
403 628 585 682 αὐτῶν
636 629 942 699 ἀκινήτοις,
994 634 1182 685 ὁποῖον
1223 633 1291 687 ἂν
1344 633 1654 703 καθέστηκε
1705 632 1805 688 κᾶν

1914 641 2203 686 autemest
2246 632 2298 693 iu
2350 633 2427 685 eis
2449 675 2462 695 ,
2493 633 2546 684 in
2588 631 3001 698 qnibuscunque
3033 630 3152 698 quis
3179 639 3495 698 spectatum:

261 721 578 790 ὁπουδήποτε
612 721 787 775 ταῦτα
820 723 1169 787 διάκεινται,
1213 727 1307 777 καὶ
1361 727 1421 777 τὸ
1468 725 1633 778 καλὸν
1675 726 1808 779 κάλ-

257 811 358 868 λιον
387 809 567 882 τίθησι
595 815 662 884 τῇ
696 814 972 886 ἐπικρίσει
1003 831 1061 867 τε
1093 817 1185 868 καὶ
1206 815 1372 887 ψήφῳ
1399 815 1497 883 τῆς
1529 813 1810 885 βασιλείας

263 927 374 980 μου.
407 905 520 962 Πᾶν
550 909 608 963 δὲ
633 912 692 964 ἐν
724 911 909 973 αὐτοῖς
939 912 997 964 ὲν
1032 914 1242 976 ὁποίοις
1273 914 1419 965 εἴποι
1444 931 1528 969 τι;
1574 911 1814 982 θεωρού-

260 1018 422 1072 μενον,
460 993 571 1055 εἴτε
603 1004 662 1056 ιν
690 1003 1113 1073 χρυσοὸοὑλλοις
1135 1003 1314 1072 λόγοις
1342 1003 1618 1074 διαφόρων
1650 1003 1808 1074 βασι-

258 1094 377 1148 λιων
398 1094 506 1148 εἴτε
535 1096 594 1148 ιν
626 1084 912 1174 σιγιλλίοις
942 1096 1057 1151 εῐτε
1094 1100 1151 1150 ὲν
1195 1098 1394 1161 ἁπλαῖς
1442 1097 1811 1169 προστάξεσιν

257 1186 355 1239 εἴτε
383 1188 439 1239 ιν
464 1187 686 1242 λύσεσιν
709 1191 819 1244 εἴτε
866 1191 924 1244 ἓν
975 1192 1307 1258 πρακτικοῖς
1337 1191 1675 1254 ὑποσκάζον,
1714 1191 1807 1245 καὶ

257 1279 385 1332 κατά
417 1297 469 1331 τι
501 1282 598 1333 τοῦ
633 1281 895 1352 ἀκριϐοῦς
933 1283 1026 1336 καὶ
1059 1283 1158 1352 τῆς
1190 1283 1552 1353 ὀφειλομένης
1583 1282 1810 1337 ἀκολου-

256 1369 361 1432 θίας
384 1369 728 1442 λειπόμενον,
773 1373 882 1426 ἀπό
923 1390 982 1426 τε
1029 1373 1330 1444 βασιλικῶν
1363 1374 1809 1445 προσταγμάτων

255 1464 340 1516 καὶ
369 1465 550 1535 νόμων
574 1467 871 1536 ἐπανορθοῖ
905 1483 918 1498 ·
953 1468 1049 1521 καὶ
1105 1467 1404 1540 διορίζεται
1444 1467 1520 1538 μὴ
1562 1468 1705 1520 κατά
1760 1485 1814 1521 τι

253 1555 526 1625 πρόκριμα
560 1558 624 1609 ἐκ
649 1557 855 1611 τούτων
885 1552 1025 1613 εἶναι
1058 1561 1183 1619 ταῖς
1211 1558 1568 1630 δηλωθείσαις
1609 1558 1813 1621 πάσαις

249 1648 573 1714 ἁγιωτάταις
622 1647 978 1723 Ἕκκλησίαις
1011 1655 1089 1716 εἰς
1115 1654 1205 1705 τὸν
1240 1653 1416 1707 αἰῶνα
1440 1653 1531 1705 τὸν
1568 1654 1808 1718 ἅπαντα,

250 1739 374 1794 ἀλλὰ
399 1742 456 1795 τὸ
493 1743 808 1815 ὑπόσαθρον
838 1745 1068 1798 ἐκείνων
1109 1746 1205 1799 καὶ
1249 1745 1473 1809 ἀσθενὲς
1511 1745 1812 1799 εὐτονώτα-

1916 723 1965 776 id
2005 722 2226 788 dixerit,
2264 721 2378 776 sive
2411 723 2464 776 in
2504 722 2685 777 aureis
2731 721 2894 776 bullis
2927 721 3263 774 diversorum
3308 719 3482 789 impe-

1917 827 2182 879 ratorum,
2215 815 2330 870 sive
2361 815 2414 869 in
2442 814 2661 885 sigillis.
2695 815 2810 868 sive
2849 812 2901 867 in
2951 811 3287 880 simplicibus
3323 826 3482 864 man-

1914 909 2074 976 datis,
2109 909 2222 963 sive
2254 908 2306 963 in
2344 907 2662 978 rescriptis,
2701 907 2815 962 sive
2861 907 2914 959 in
2968 905 3105 960 actis
3147 903 3479 968 claudicans,

1913 1013 1967 1055 et
1997 1000 2341 1070 aliquatenus
2371 1001 2437 1054 ab
2471 1013 2555 1063 eo,
2593 999 2733 1069 quod
2761 1007 2844 1054 est
2870 1009 3142 1060 exactum,
3172 1003 3226 1050 et
3253 1012 3280 1049 a
3305 995 3482 1050 debita

1915 1092 2306 1160 consequentia
2361 1090 2624 1146 deficiens
2672 1091 2934 1160 regalium
2977 1089 3281 1160 jussionum
3326 1099 3378 1144 et
3410 1087 3483 1148 le-

1915 1197 2060 1249 gum,
2095 1181 2357 1252 corrigit;
2396 1190 2448 1237 et
2478 1181 2745 1244 decernit,
2777 1179 2944 1235 dictis
2987 1177 3352 1233 sanctissimis
3394 1189 3486 1232 ec-

1915 1273 2099 1329 clesiis
2131 1273 2335 1327 nullum
2369 1289 2436 1327 ex
2470 1279 2543 1326 ‘ea
2591 1288 2651 1327 re
2704 1270 3077 1340 przejudicium
3118 1269 3171 1323 in
3221 1277 3482 1323 aeternum

1915 1365 2097 1420 afferri
2133 1383 2148 1420 :
2179 1366 2274 1421 sed
2320 1367 2461 1435 quod
2498 1367 2548 1420 in
2585 1366 2665 1420 eis
2707 1375 2789 1419 est
2818 1364 3088 1419 inﬁrmum
3135 1370 3189 1415 et
3238 1359 3484 1414 imbecil-

1916 1459 2047 1523 lum,
2085 1472 2208 1514 esse
2239 1458 2639 1524 ﬁrmissimum,
2675 1469 2730 1512 et
2781 1456 2923 1510 nulla
2976 1455 3121 1523 juris
3166 1454 3484 1524 allegatione

1916 1548 2334 1621 oppugnandum
2381 1551 2449 1604 ab
2500 1563 2586 1615 eo,
2633 1549 2725 1617 qui
2775 1548 2904 1601 velit
2956 1547 3164 1616 aliquid
3210 1561 3305 1616 pro
3356 1546 3482 1598 ﬁsco

1919 1645 2034 1716 (seu
2067 1644 2302 1713 publico)
2341 1643 2543 1710 dicere,
2574 1651 2628 1696 ut
2668 1641 2811 1712 quod
2844 1640 3100 1712 praesenti
3136 1639 3343 1709 imperii
3380 1641 3480 1692 mei

1917 1738 2064 1791 Bulla
2097 1739 2274 1792 Aurea
2303 1736 2660 1790 conﬁrmetur
2688 1745 2741 1789 et
2783 1734 2940 1789 valde
2972 1732 3375 1787 corroboretur.
3418 1730 3485 1785 Et

248 1850 333 1886 τον
363 1831 500 1888 εἶναι
527 1835 625 1889 καὶ
666 1813 946 1891 ἀνάλωτον
991 1837 1142 1908 πάσῃ
1171 1837 1513 1908 δικαιολογία
1542 1835 1637 1892 τοῦ
1680 1837 1805 1907 βοῦς

1917 1838 1972 1883 ut
1996 1847 2061 1884 cx
2096 1830 2279 1884 multis
2305 1844 2512 1887 eorum.
2541 1842 2658 1896 qua:
2688 1827 2921 1896 cuipiam
2955 1825 3009 1880 in
3044 1835 3275 1880 mentem
3301 1823 3485 1877 venire

249 1926 466 1995 λομὲνου
497 1927 680 1998 λέγειν
719 1946 774 1983 τι
829 1931 970 2000 ὑπὲρ
1005 1930 1099 1983 τοῦ
1137 1930 1422 2001 δημοσίου,
1456 1930 1533 2001 τῷ
1579 1931 1810 2000 παρόντι

245 2021 618 2095 χρυσοσούλὶῳ
661 2023 804 2096 λόγῳ
843 2026 944 2094 τῆς
993 2024 1274 2094 βασιλείας
1316 2042 1419 2094 μου
1459 2023 1808 2093 ῥωννύμενον

246 2117 333 2171 καὶ
377 2118 588 2189 σφόδρα
616 2118 806 2173 ἑνδυνα
818 2119 1113 2190 μούμενον.
1156 2120 1270 2172 Καὶ
1296 2119 1387 2172 ἵνα
1412 2116 1521 2172 ἀπὸ
1539 2117 1649 2176 τῶν
1683 2117 1811 2171 πολ-

243 2205 362 2271 λῶν,
404 2202 484 2263 ὧν
520 2209 586 2263 ἄν
617 2225 702 2274 τις
734 2212 1067 2281 ἐννοήσειεν,
1122 2208 1321 2276 ὀλίγων
1361 2208 1524 2261 τινῶν
1572 2210 1605 2279 ἡ
1652 2208 1807 2278 βασι-

242 2303 352 2360 λεία
382 2324 487 2376 μου
523 2307 912 2378 ὲπιμνησθείη,
957 2306 1053 2361 ἐὰν
1080 2307 1244 2377 τυχὸν
1269 2307 1449 2376 δωρεά
1481 2306 1665 2368 αὐτοῖς
1699 2318 1809 2358 πα-

243 2395 435 2464 ροίκων
469 2396 679 2462 ἄποσος
715 2397 804 2470 εἴη
839 2399 872 2470 ἢ
913 2399 1130 2470 μέτρων
1158 2399 1263 2468 γῆς
1287 2439 1301 2461 ,
1334 2396 1640 2467 αὑτούργιά
1687 2414 1811 2449 τινα

239 2487 520 2544 indivisa»
558 2491 618 2544 ὲν
645 2492 762 2554 τοῖς
807 2491 1077 2553 τοιούτοις
1111 2491 1359 2561 κτήμασι
1398 2490 1561 2561 τυχὸν
1604 2489 1681 2560 μὴ
1727 2489 1814 2542 δε-

239 2579 532 2655 δωρημένα
561 2585 751 2645 αὐτοῖς
775 2601 788 2616 ·
817 2585 849 2656 ἢ
883 2585 1238 2656 ὲδωρήθησαν
1277 2585 1406 2656 μὲν,
1440 2585 1543 2639 οὐκ
1581 2584 1814 2656 ἀνετράο

240 2685 417 2742 me”
456 2672 520 2726 δὲ
546 2675 602 2728 ai
639 2674 770 2744 περὶ
799 2674 1008 2729 τούτων
1033 2672 1364 2746 προστάξεις
1387 2687 1401 2703 ⁸
1449 2675 1481 2745 ἢ
1542 2674 1639 2729 hri
1670 2692 1808 2745 προ⁹

240 2766 652 2838 αφωρισμένοις
709 2766 1113 2839 δεδωρημένοις
1165 2767 1350 2830 αὐτοῖς
1398 2769 1454 2821 αἱ
1505 2768 1632 2838 περὶ
1675 2783 1811 2837 προ-

239 2858 638 2929 αφωρισμένων
657 2856 982 2931 προστάξεις
1013 2860 1114 2914 οὐκ
1151 2861 1544 2935 ἀνετράπησαν
1574 2877 1588 2893 ο
1621 2861 1655 2932 ἧ
1689 2877 1812 2916 τινα

238 2950 342 3004 τῶν
369 2953 749 3025 πορισθέντων
794 2953 979 3018 αὐτοῖς
1026 2954 1327 3026 βασιλικῶν
1363 2955 1811 3027 προσταγμάτων

236 3043 461 3109 οὐδόλως
517 3045 982 3118 κατεστρώθησαν
1029 3063 1044 3078 ο
1099 3048 1132 3119 ἢ
1187 3046 1655 3121 κατεστρώθησαν
1711 3048 1811 3114 μὲν

1915 1928 2158 1994 possint,
2237 1939 2404 1994 pauca
2474 1923 2718 1992 quedam
2778 1922 3058 1990 imperium
3124 1935 3303 1974 meum
3372 1934 3481 1972 nte-

1915 2018 2084 2072 rnoria
2131 2027 2380 2087 repetat:
2412 2017 2454 2072 si
2491 2016 2632 2072 fune
2671 2017 2892 2072 donatio
2939 2014 3109 2084 ipsius
3165 2013 3481 2068 colonorum

1913 2111 1984 2165 sit
2047 2112 2165 2166 sine
2217 2121 2363 2165 certa
2418 2110 2759 2179 quantitate,
2818 2121 2918 2180 aut
2978 2123 3227 2163 mensura
3291 2116 3482 2169 terra,

1915 2205 2000 2261 vel
2038 2206 2153 2261 loca
2193 2206 2438 2276 quaedam
2479 2202 2678 2258 fertilia
2725 2201 3034 2256 innovarint
3081 2201 3133 2255 in
3180 2197 3481 2267 huiusmodi

1917 2298 2380 2370 possessionibus,
2411 2298 2547 2352 forte
2573 2311 2691 2368 quae
2717 2295 2850 2366 ipsis
2875 2295 3069 2349 donata
3099 2309 3201 2347 non
3232 2292 3482 2355 luerunt;

1913 2401 2007 2449 aut
2037 2393 2237 2448 donata
2269 2393 2486 2462 quidem
2520 2391 2758 2454 luerunt,
2799 2389 3073 2459 jussiones
3103 2397 3280 2440 autem
3310 2386 3374 2439 de
3403 2385 3487 2438 bis

1915 2484 2072 2539 factm
2108 2500 2217 2540 non
2249 2493 2378 2538 sunt
2414 2492 2680 2538 revocata:
2709 2498 2724 2537 :
2758 2482 2842 2533 vel
2868 2480 2921 2534 in
2957 2479 3064 2539 alio
3095 2478 3364 2549 deputatis
3392 2476 3488 2532 do-

1914 2576 2060 2634 natis
2116 2577 2250 2647 ipsis
2292 2575 2571 2647 jnssiones
2608 2574 2676 2631 de
2721 2574 2870 2645 prius
2917 2572 3152 2628 deﬁnitis
3206 2585 3311 2625 non
3362 2579 3489 2624 sunt

1917 2680 2185 2728 revocata:
2217 2689 2231 2725 :
2263 2680 2352 2726 aut
2381 2671 2696 2742 jussionum
2745 2667 3150 2740 principalium,
3204 2680 3326 2736 qua:
3354 2663 3487 2735 ipsis

1913 2765 2133 2821 tributae
2162 2773 2309 2831 sunt,
2333 2764 2526 2834 aliqua
2549 2763 2697 2818 nullo
2723 2760 2884 2817 modo
2910 2761 3198 2816 insinuatas
3227 2758 3443 2813 luerunt
3469 2773 3484 2821 ;

1915 2867 2009 2914 aut
2058 2855 2280 2914 fuerunt
2321 2857 2539 2926 quidem
2587 2855 2877 2910 insinuata:
2922 2853 2974 2908 iu
3028 2852 3212 2921 aliquo
3241 2859 3484 2914 secreto,

1917 2966 2026 3006 nou
2059 2960 2239 3004 tamen
2292 2956 2679 3016 competente:
2718 2955 2809 3000 aut
2855 2943 3144 3000 insinuata
3189 2941 3486 3012 perierunt.

1919 3041 2166 3112 exempla
2200 3051 2386 3097 autem
2415 3056 2604 3096 earum
2640 3040 2745 3094 fide
2776 3039 2936 3108 digna
2971 3038 3319 3108 reperiuntur
3350 3053 3363 3090 :
3397 3045 3488 3088 aut

237 3134 311 3198 είς
359 3144 485 3190 τινα
535 3135 646 3190 τῶν
700 3137 1001 3208 σεκρὲτων,
1051 3137 1112 3192 οὐ
1157 3140 1266 3210 μήν
1315 3157 1382 3207 γε
1427 3141 1522 3193 καὶ
1558 3142 1651 3194 ἐπὶ
1695 3142 1805 3205 τοῖς

1918 3147 2062 3202 acta,
2094 3152 2213 3207 quae
2244 3136 2539 3208 procedere
2573 3133 2863 3200 debebant,
2922 3147 3026 3188 non
3063 3135 3483 3201 processerunt:

237 3226 572 3301 προσφόροις
601 3231 915 3302 σεκρίτοις·
946 3230 980 3301 ἢ
1012 3231 1470 3301 καταπρωθέντα
1503 3231 1803 3300 ἀπώλοντο,

237 3319 320 3374 ίσα
352 3319 410 3374 δὲ
441 3319 654 3374 τούτων
680 3322 1077 3390 πεπιστωμένα
1105 3321 1457 3393 εὑρίσκονται
1483 3341 1496 3356 ο
1524 3323 1557 3394 ἢ
1584 3342 1810 3397 πρακτι-

235 3411 302 3492 κά
332 3413 628 3480 ὀφείλοντα
672 3412 945 3486 προϐῆναι
974 3415 1034 3468 οὐ
1071 3414 1393 3487 προέὸησαν
1415 3458 1429 3480 ,
1463 3416 1495 3488 ἢ
1525 3418 1809 3488 προϐάντα

232 3504 287 3559 οὐ
317 3506 806 3578 κατεστρώθησαν,
837 3507 869 3578 ἢ
905 3507 1193 3579 ὁρισθέντα
1237 3509 1495 3578 γενέσθαι
1542 3511 1806 3584 λογίσιμα

231 3599 327 3653 οὐκ
354 3599 612 3668 ἐγένοντο
638 3617 650 3631 °
685 3600 718 3673 ἢ
753 3600 896 3656 κατά
943 3619 1068 3655 τινα
1113 3602 1245 3666 ἴσως
1279 3598 1451 3675 ἄλλην
1499 3605 1691 3659 ὁποίαν
1742 3608 1807 3661 ἄν

229 3703 307 3755 τις
340 3691 474 3766 εἴπῃ
497 3693 682 3746 αἰτίαν
711 3694 822 3746 εἴτε
864 3695 1009 3748 κατὰ
1049 3697 1217 3767 μέρος
1261 3695 1375 3751 εττε
1402 3699 1498 3752 καὶ
1534 3699 1658 3754 καθ’
1689 3702 1806 3755 ὀλό-

227 3783 424 3852 κληρον
476 3784 546 3837 τά
591 3786 865 3853 προσόντα
916 3789 1038 3849 ταῖς
1082 3788 1345 3853 πολλάκις
1393 3788 1808 3861 διαληφθείσαις

227 3875 410 3943 ἁγίαις
438 3878 537 3930 τοῦ
576 3878 711 3932 Θεοῦ
751 3880 1105 3952 Ἐκκλησίαις
1139 3883 1234 3936 καὶ
1281 3887 1348 3956 τῇ
1408 3888 1578 3956 μητρὶ
1612 3888 1805 3941 πασῶν

225 3965 526 4032 χωλεύουσι
573 3967 927 4038 δικαιώματα
985 3970 1285 4024 κάντεῦθεν
1348 3973 1450 4027 οὐκ
1511 3974 1695 4045 ἔχουσι
1743 3977 1802 4030 τὸ

225 4058 814 4134 άπερικλόνητον,.κᾶν
840 4063 915 4134 μὴ
943 4064 1127 4136 ῥητῶς
1158 4065 1395 4119 ἐνταῦθα
1430 4069 1578 4121 πᾶσα
1613 4072 1803 4124 ὁποια-

237 4152 297 4224 δή
323 4172 406 4216 τις
439 4155 593 4208 αίτία
624 4154 958 4221 ὑποσκάζειν
985 4156 1216 4211 ποιοῦσα
1246 4158 1315 4212 τὰ
1346 4158 1803 4230 δικαιιῦματαέκ-

226 4246 550 4317 πεφώνηται
585 4264 601 4279 ⁸
644 4247 677 4320 ἦ
711 4247 946 4319 ὤφειλον
978 4250 1142 4322 τυχὸν
1178 4251 1270 4304 καὶ
1299 4250 1465 4324 ἕτερα
1498 4253 1803 4325 δικαιώμαι

220 4358 284 4393 τα
311 4343 828 4415 προσεπορεχθῆναι
865 4345 1056 4409 αὐταῖς
1088 4346 1180 4400 ἐπὶ
1211 4347 1326 4412 τοῖς
1364 4347 1635 4410 τοιούτοις
1677 4351 1800 4404 ἀκι-

221 4430 426 4501 νήτοις,
463 4432 539 4496 ῶς
563 4450 728 4487 τινων
759 4434 984 4496 πάντως
1033 4436 1362 4509 προὸάντων
1400 4438 1460 4489 ὲν
1503 4438 1697 4503 αὑταῖς
1729 4439 1801 4511 (εί

1914 3227 2000 3285 vel
2042 3237 2218 3292 actus,
2271 3227 2364 3298 qui
2414 3227 2855 3296 requirebantur,
2900 3240 3007 3281 non
3039 3225 3484 3280 intervenerunt:

1915 3332 2009 3376 aut
2050 3337 2168 3390 qua:
2217 3321 2336 3376 fieri
2389 3320 2694 3375 debuerunt
2731 3320 3002 3375 rationum
3031 3313 3487 3385 computationes,

1917 3415 2070 3470 factae
2102 3430 2209 3469 non
2242 3424 2370 3470 sunt
2401 3431 2416 3468 :
2450 3422 2544 3468 aut
2573 3413 2716 3468 forte
2740 3412 3040 3483 quamlibet
3070 3411 3232 3466 aliam
3262 3408 3330 3465 ob
3359 3423 3489 3462 cau-

1915 3524 2058 3576 sam,
2096 3513 2213 3566 sive
2246 3524 2310 3564 εκ
2347 3517 2522 3580 parte,
2560 3509 2674 3565 sive
2708 3508 2762 3564 in
2807 3514 2975 3564 totum
3004 3507 3122 3577 jura
3152 3519 3294 3575 saepe
3323 3502 3486 3559 dictis

1917 3602 2125 3658 sanctis
2161 3602 2253 3680 Dei
2287 3601 2562 3669 ecclesiis,
2597 3610 2654 3656 et
2683 3600 2845 3658 matri
2879 3599 3120 3655 omnium
3158 3596 3483 3660 claudicant,

1913 3707 1966 3752 et
2017 3696 2142 3750 inde
2185 3696 2496 3751 ﬁrmitatem
2547 3702 2700 3751 suam
2747 3709 2852 3748 non
2910 3693 3151 3749 habent:
3185 3691 3286 3746 etsi
3339 3704 3484 3752 non,

1913 3805 2034 3859 qua:
2061 3790 2112 3844 id
2164 3788 2327 3843 faciat
2359 3801 2547 3853 causa,
2582 3787 2896 3842 nominatim
2940 3799 3197 3856 expressa
3247 3786 3317 3838 sit
3349 3791 3486 3837 :ant

1915 3881 2055 3936 forte
2081 3880 2186 3934 alia
2224 3879 2355 3950 ipsis
2405 3880 2627 3936 concedi
2672 3878 2977 3934 debuerunt
3027 3878 3387 3932 instrumenta
3421 3877 3487 3929 de

1912 3974 2226 4044 huiusmodi
2274 3972 2668 4035 immobilibus,
2721 3975 2843 4025 cum
2879 3969 3054 4039 aliqua
3091 3967 3284 4023 saltem
3311 3967 3487 4035 impe.

1913 4076 2237 4123 traverunt:
2273 4067 2422 4139 (nam
2476 4065 2524 4120 si
2572 4066 2953 4120 documentum
3001 4063 3066 4116 de
3115 4061 3367 4132 quapiam
3417 4076 3482 4113 ex

1911 4159 2178 4230 possessis
2227 4174 2258 4214 a
2305 4171 2364 4213 se
2415 4156 2783 4210 immobilibus
2833 4169 3173 4224 nequaquam
3216 4150 3483 4220 acquisica
3583 4178 3592 4185 -

1913 4252 2044 4316 rint,
2083 4250 2214 4305 nihil
2247 4266 2275 4304 a
2305 4250 2558 4319 praesenti
2608 4247 2802 4302 Aureae
2852 4246 3015 4300 Bulla:
3047 4245 3292 4300 oratione
3331 4242 3459 4310 juva

1911 4342 2135 4410 buntur)
2174 4341 2316 4396 nulla
2353 4343 2406 4396 in
2443 4356 2502 4396 re
2539 4341 2650 4394 haec
2679 4338 2883 4403 omnia,
2936 4346 2990 4393 et
3024 4349 3357 4406 quaecunque
3384 4334 3484 4388 alia

1910 4434 2145 4505 cuipiam
2183 4450 2282 4505 pro
2315 4435 2449 4490 lisco
2495 4431 2729 4488 certanti
2783 4432 2834 4485 in
2889 4441 3124 4484 menteru
3161 4428 3487 4496 quandoque

221 4521 327 4592 γὰρ
354 4522 606 4594 μηδόλως
629 4542 682 4578 τι
721 4525 1002 4596 δικαίωμα
1036 4527 1128 4580 ὲπί
1174 4543 1282 4580 τινι
1329 4528 1440 4583 τῶν
1488 4529 1802 4599 προσόντων

1914 4530 2180 4595 venerint,
2231 4529 2424 4583 laedere
2478 4542 2714 4596 unquam
2773 4525 3146 4581 sanctissimas
3204 4520 3483 4585 ecclesias,

216 4617 404 4680 αὑταῖς
432 4618 711 4686 ἀκινήτων
735 4622 1058 4691 κέκτηνται,
1083 4621 1234 4676 οὐδέν
1261 4638 1312 4676 τι
1337 4621 1443 4676 ἀπὸ
1469 4621 1564 4676 τοῦ
1594 4623 1798 4695 παρόν-

215 4724 302 4775 τος
361 4713 767 4784 χρυσοϐοὑλλοο
837 4714 1000 4782 λόγου
1065 4715 1542 4788 ὠφεληθήσονται)
1590 4733 1604 4748 ⁸
1655 4717 1799 4772 κατὰ

219 4805 386 4873 μηδέν
419 4824 475 4861 τι
512 4807 690 4862 ταῦτα
741 4809 944 4875 πάντα,
990 4809 1086 4864 καὶ
1126 4810 1226 4863 ὅσα
1281 4810 1349 4864 ἄν
1390 4828 1476 4875 τις
1530 4812 1664 4866 ἄλλα
1717 4813 1795 4876 είς

213 4898 339 4952 νοῦν
369 4899 522 4975 λάϐῃ
552 4904 685 4956 ποτὲ
718 4903 859 4975 ὑπὲρ
913 4902 1009 4957 τοῦ
1052 4905 1318 4975 δημοσίου
1365 4904 1795 4977 ἀγωνιζόμενος,

213 4994 566 5066 καταϐλάψαι
613 4997 743 5053 ποτὲ
791 4997 893 5061 τὰς
942 4997 1038 5051 τοῦ
1094 4997 1229 5050 Θεοῦ
1280 4998 1592 5065 ἁγιωτάτας
1671 4999 1796 5052 Ἐκ·

218 5086 476 5158 κλησεας,
539 5093 629 5145 τόν
664 5110 724 5145 τε
780 5092 880 5162 τῆς
939 5091 1036 5146 τοῦ
1088 5091 1223 5146 Θεοῦ
1265 5093 1463 5164 σοφίας
1501 5091 1651 5148 οἶκον
1702 5093 1794 5146 καὶ

212 5177 310 5242 τὰς
340 5182 538 5244 λοιπὰς
569 5183 966 5255 μητροπόλεις,
1019 5184 1467 5257 άρχιεπισκοπὰς
1517 5188 1615 5240 καὶ
1667 5185 1795 5240 ἔπι-

213 5272 453 5340 σκοπὰς,
499 5275 794 5347 δυνήσεται
849 5277 942 5330 ἐπὶ
985 5279 1123 5340 τοῖς,
1202 5277 1276 5341 ὡς
1318 5276 1558 5349 εἴρηται,
1607 5278 1798 5348 διαφέ-

215 5375 400 5432 ρουσιν
430 5367 624 5433 αὑταῖς
667 5371 954 5441 ἀκινήτοις
987 5370 1084 5439 ἀφ’
1125 5370 1459 5442 οίωνδήποτε
1488 5371 1798 5442 δικαιωμά-

208 5473 334 5515 των.
393 5462 462 5516 Ei
519 5464 629 5534 γὰρ
667 5465 838 5536 μηδέν
891 5481 954 5517 τιι
989 5463 1257 5544 μηδαμῶς
1307 5466 1588 5534 δικαίωμα
1632 5466 1797 5537 ἐκτή-

1909 4634 1964 4679 et
2002 4623 2286 4694 sapientiae
2314 4622 2408 4677 Dei
2438 4621 2722 4690 templum,
2750 4619 3095 4689 reliquasque
3128 4618 3481 4685 metmpoles,

1910 4717 2375 4788 arebicpiscopas,
2410 4715 2695 4785 episcopas
2733 4721 2989 4782 poterunt
3029 4711 3081 4765 in
3131 4711 3199 4766 iis
3229 4709 3476 4765 immobi-

1907 4809 2070 4875 libus,
2107 4822 2249 4877 quae,
2289 4815 2348 4862 ut
2380 4806 2588 4861 dictum
2623 4816 2726 4870 est,
2779 4803 2843 4857 ad
2895 4804 3039 4874 ipsas
3092 4801 3384 4872 pertinent,
3416 4814 3482 4857 ex

1904 4902 2376 4975 qualibuseunque
2407 4900 2767 4954 documentis.
2805 4896 2934 4951 Nam
2969 4897 3012 4951 si
3053 4897 3257 4952 nullum
3291 4896 3478 4966 aequi.

1903 5000 2146 5051 siverunt
2193 5009 2427 5065 unquam
2472 4993 2559 5062 jus
2602 4995 2652 5047 in
2709 4991 2976 5062 aliquibus
3029 4991 3167 5046 forte
3223 4989 3482 5044 immobi-

1902 5093 2064 5152 libus,
2091 5105 2212 5159 quae
2239 5089 2459 5152 habent,
2484 5088 2679 5140 nullam
2713 5102 2774 5140 ex
2809 5087 3061 5156 praesenti
3089 5084 3284 5139 Aureae
3313 5084 3481 5138 Bullm

1902 5186 2148 5240 oratione
2199 5185 2433 5238 senzient
2481 5181 2770 5234 utilitatem
2812 5197 2825 5233 :
2865 5180 3005 5235 sicut
3044 5195 3141 5234 nec
3188 5180 3242 5233 in
3280 5177 3476 5247 quibus

1905 5281 2064 5335 iisc'us
2096 5280 2167 5332 ad
2198 5277 2520 5331 hodiernum
2551 5282 2722 5344 usque
2756 5274 2896 5330 diem
2946 5274 3343 5341 possessionem
3383 5275 3476 5325 Ita-

1903 5368 2018 5426 buit
2051 5385 2114 5424 ex
2144 5369 2292 5439 juSta
2327 5368 2578 5436 quapiam
2610 5381 2792 5420 causa.
2839 5365 2893 5419 in
2937 5366 3018 5420 bis
3053 5367 3194 5420 enim
3226 5365 3475 5419 omnibus

1898 5463 2036 5531 juris
2067 5461 2446 5518 observabitur
2479 5467 2669 5515 exacta
2703 5458 3010 5527 disciplina.

211 5564 373 5606 σαντο
402 5557 498 5608 ἐπί
555 5573 700 5610 τισιν
748 5556 880 5621 (om;
943 5556 1054 5612 τῶν
1127 5559 1440 5630 προσόντων
1503 5559 1692 5622 αὑταῖς
1743 5561 2038 5627 ἀκινήτων,
2092 5554 2349 5624 οὐδεμίαν
2413 5554 2526 5607 ἀπὸ
2577 5553 2673 5606 τοῦ
2733 5550 3004 5623 παρόντος
3071 5550 3470 5622 χρυσοὸούλλου

209 5641 362 5716 λόγου
396 5649 675 5720 ὠφέλειαν
720 5649 962 5716 ἕξουσιν,
1023 5651 1214 5725 ῶσπερ
1264 5653 1384 5706 οὐδὲ
1463 5653 1549 5721 ἐφ’
1588 5649 1670 5714 οἷς
1738 5653 1862 5722 ἔσχε
1901 5651 2001 5721 τὴν
2042 5650 2281 5721 κατοχὴν
2328 5652 2355 5704 ό
2413 5648 2672 5718 δημόσιος
2727 5647 2819 5718 ἀφ’
2863 5649 3196 5721 οἱασδήτινος
3247 5650 3469 5718 εὐλόγου

211 5743 383 5808 αἰτίας
445 5745 606 5814 μέχρι
655 5745 754 5815 τῆς
791 5746 1036 5818 σήμερον
1059 5764 1074 5778 ο
1101 5747 1193 5800 ἐπὶ
1230 5748 1442 5811 τούτοις
1492 5748 1598 5815 γὰρ
1657 5747 1788 5799 πᾶσι
1832 5746 1889 5798 τὸ
1921 5745 2147 5817 ἀκριϐὲς
2180 5743 2764 5813 παραφυλαχθήσεται.

284 5839 349 5894 Et
372 5855 463 5904 τις
492 5839 584 5896 οῦν
621 5839 840 5914 θελήσει
869 5840 956 5896 διά
997 5841 1434 5913 φιλοχρηματίαν
1488 5843 1518 5912 ἢ
1565 5842 1632 5895 δι’
1673 5841 1793 5894 ἑτέ-

1980 5843 2033 5895 Si
2068 5840 2186 5911 quis
2227 5840 2387 5910 igitur
2416 5839 2645 5894 voluerit
2687 5854 2781 5908 per
2813 5840 3116 5904 avaritiam,
3159 5850 3248 5896 aut
3279 5858 3468 5901 quaut-
