3932 6190
218 267 306 332 72g
1242 260 1609 322 NOVELLE
1648 259 2327 322 CUNSTITUTIONES.

3324 263 3435 328 730

217 384 358 452 χίτῳ,
395 380 458 451 τῇ
485 376 578 430 τοῦ
607 375 934 445 Ἀντιγόνου,
963 373 1040 446 τῷ
1091 375 1472 447 Τραγονησίῳ,
1499 378 1564 447 τῇ
1592 376 1755 445 Τερε-

1867 375 2063 440 plione,
2121 373 2179 427 S.
2238 371 2571 440 Eleutherio,
2623 373 2865 441 Codone,
2917 372 3136 446 Pelago,
3188 372 3443 447 Deipara,

215 475 386 544 δίνθῳ,
425 471 502 542 τῷ
538 469 704 541 Ἀγίῳ
736 469 993 539 Ἀνδρέα,
1035 468 1114 538 τῷ
1143 467 1313 536 Ἀγίῳ
1353 468 1644 537 Τρύφωνι,
1687 467 1764 537 τῷ

223 569 366 637 ’Λγὶῳ
391 562 712 633 Ἐλευθερίῳ
736 560 817 632 τῷ
850 560 1096 625 Κὼδωνι,
1125 561 1203 631 τῷ
1236 560 1508 630 Πελαγίῳ,
1537 565 1602 628 τῖ
1637 561 1766 612 Θεο-

213 663 366 727 τόκιρ,
397 656 472 726 τῷ
505 654 865 725 Μεσονησίῳ,
898 655 965 725 τῇ
1001 653 1194 726 ’ἰάτρῳ
1226 654 1320 706 καὶ
1351 652 1429 723 τῷ
1464 654 1628 723 ’Λγίῳ
1664 657 1768 724 Δη-

218 751 420 822 μητρίῳ,
457 754 554 804 καὶ
587 749 700 811 τοῖς
738 749 796 800 ὲν
829 748 950 810 ταῖς
985 748 1212 818 κτήσεσι
1247 746 1357 799 τῶν
1393 747 1631 817 πορτῶν,
1670 749 1764 801 καὶ

212 847 317 914 ἄχρι
342 844 436 911 τῆς
465 841 728 914 περιοχῆς
753 839 848 894 τοῦ
867 839 1093 910 Ἀθύρα,
1121 841 1218 894 καὶ
1249 840 1436 904 ἁπλῶς
1462 843 1573 902 τοῖς
1605 840 1766 912 πέριξ

211 937 291 1005 τῆς
316 933 580 1004 βασιλίδος
604 932 714 987 τῶν
741 930 949 986 πόλεων
975 930 1336 1002 άσκουμένοις
1369 935 1641 1002 μοναχοίς,
1670 933 1764 984 ἀν-

211 1027 344 1098 δράσι
367 1043 423 1080 τε
451 1025 546 1079 καὶ
574 1024 791 1095 γυναιξί
809 1038 826 1056 ο
860 1024 1027 1079 πολλὰ
1051 1023 1263 1088 τούτοις
1289 1023 1766 1096 φιλοτιμησαμένη

211 1120 402 1186 δίκαια,
438 1117 534 1172 καὶ
567 1117 628 1171 τδ
666 1117 1009 1173 ἁδιάσειστον
1042 1118 1227 1184 αὐτοῖς
1264 1100 1632 1188 δωρησαμένη
1668 1117 1765 1172 ἐπὶ

208 1213 262 1280 τῇ
292 1212 485 1281 κατοχῇ
519 1209 618 1263 καὶ
646 1209 935 1282 δεσποτεία
965 1209 1073 1264 τῶν
1103 1209 1378 1283 ἀκινήτων
1407 1211 1514 1263 τῶν
1548 1210 1653 1264 άπό
1682 1227 1762 1262 τι·-

209 1316 298 1351 νων
323 1299 706 1369 δικαιωμάτων
731 1297 1096 1369 διαφερόντων
1125 1298 1355 1363 τούτοις,
1386 1299 1567 1360 καθὼς
1595 1303 1621 1351 δ
1648 1315 1764 1352 τοι·

206 1391 341 1454 οὗτος
373 1389 768 1461 χρυσόϐουλλος
798 1389 952 1459 λόγος
972 1390 1312 1460 πλατύτερον
1347 1391 1518 1444 ταῦτα
1566 1391 1764 1456 διέξει-

209 1501 296 1538 σιν.
327 1483 476 1536 Ἐπεὶ
505 1483 563 1537 δὲ
593 1483 718 1548 τοὺς
747 1484 1085 1555 θηρολέκτας
1114 1482 1214 1538 οὐκ
1239 1479 1308 1554 ἦν
1338 1486 1591 1556 ἠρεμεῖν,
1626 1484 1764 1538 ἀλλὰ

207 1577 272 1648 τῷ
299 1575 387 1632 τοῦ
421 1576 688 1648 δημοσίου
725 1579 1079 1648 προσχήματι
1116 1577 1343 1646 βαρεῖαν
1399 1578 1611 1642 τούτοις
1663 1580 1756 1632 ἐπ-

1875 466 2174 521 Μιοεοιιεεὶο
2210 465 2372 530 latro,
2407 465 2650 531 Medica,
2698 475 2752 522 et
2791 469 2992 524 Sancto
3037 470 3340 536 Demetrio;
3389 479 3446 524 et

1870 559 1936 611 iis
1971 575 2091 627 quze
2128 570 2251 613 sunt
2287 559 2336 613 in
2373 560 2702 615 suburbanis
2750 571 3050 628 portarum,
3096 572 3148 616 et
3179 577 3347 629 usque
3377 561 3446 615 ad

1866 651 2204 718 complexum
2240 651 2500 721 Athyrze;
2556 659 2611 707 et
2661 653 2743 716 (ut
2791 651 2956 708 semel
3013 653 3207 722 dicam)
3240 653 3307 708 iis
3352 654 3443 721 qui

1867 743 2227 797 circumcirca
2269 745 2510 815 reginam
2553 745 2838 800 civitatum
2876 756 3222 811 exercentur,
3263 763 3447 799 mona-

1866 833 2004 896 chis,
2041 833 2198 897 viris,
2253 843 2310 888 et
2363 833 2728 890 mulieribus:
2764 839 2933 889 multa
2983 836 3050 889 iis
3093 836 3215 905 jura
3259 837 3445 905 largita

1866 937 1969 988 est,
1994 938 2046 980 et
2080 928 2130 980 in
2165 926 2522 982 immobilium
2558 929 2904 997 possessione
2934 944 2997 983 ac
3034 930 3296 996 dominio,
3327 945 3445 999 qum

1867 1019 2188 1088 quibusdam
2215 1017 2434 1089 jnribus
2466 1019 2533 1073 ad
2566 1035 2660 1074 eos
2693 1021 2988 1089 pertinent,
3027 1019 3237 1074 [inuam
3269 1029 3323 1073 et
3359 1021 3440 1073 in-

1866 1125 2188 1166 concussam
2214 1112 2619 1181 possessionem
2646 1113 2958 1181 concessit;
2991 1117 3442 1184 quemadmodum
3490 1136 3492 1138 τ

1865 1207 2047 1260 Aurea
2078 1205 2231 1260 Bulla
2268 1208 2383 1262 lure
2418 1206 2592 1262 fusius
2631 1208 2999 1277 persequitur.
3050 1207 3155 1263 Sed
3189 1209 3442 1277 quoniam

1866 1299 2210 1353 cavillatores
2239 1298 2525 1368 quiescere
2560 1315 2666 1352 non
2699 1308 3012 1367 potuerunt,
3054 1301 3144 1357 sed
3179 1299 3290 1354 fisci
3323 1298 3445 1372 {seu

1867 1389 2104 1464 publici]
2145 1400 2408 1462 praetextu
2460 1391 2542 1464 eis
2589 1407 2805 1462 gravem
2857 1390 3201 1446 aﬂlictionem
3245 1391 3442 1445 intule-

1869 1492 1995 1537 runt
2037 1499 2053 1537 :
2088 1482 2386 1552 imperialis
2438 1497 2553 1536 mea
2604 1483 2862 1551 majestas
2918 1482 3085 1537 Deum
3134 1484 3347 1551 placare
3393 1490 3445 1534 et

1871 1578 2161 1646 propitium
2194 1575 2404 1630 edicere
2436 1575 2622 1630 volens
2648 1615 2661 1640 ,
2710 1576 2778 1630 ob
2813 1591 2875 1629 ea
2902 1592 3021 1645 quze
3062 1577 3116 1631 in
3166 1577 3336 1644 ipsum
3390 1585 3448 1628 ut

205 1669 321 1739 ἦγον
337 1661 483 1723 οὗτοι
500 1666 600 1740 τὴν
632 1667 897 1735 κάκωσιν,
931 1671 964 1740 ἡ
1003 1669 1248 1740 βασιλεία
1286 1687 1386 1739 μου
1422 1670 1539 1740 ἅμα
1577 1670 1676 1739 μὲν
1707 1670 1762 1724 τὸ

1870 1671 2033 1725 homo
2067 1669 2326 1732 offendit;
2361 1670 2519 1723 simul
2565 1671 2727 1725 etiam
2761 1670 2947 1725 volens
2987 1671 3165 1740 magni
3214 1671 3448 1738 impera-

206 1734 330 1815 θεῖον
355 1734 702 1834 ἐξευμενίσαι
730 1734 1014 1833 θελήσασα.
1034 1759 1128 1815 καὶ¹
1154 1734 1542 1828 ἐξιλεώσασθαι
1573 1734 1657 1832 ἐφ’
1683 1761 1762 1827 οἷς

1869 1764 2024 1826 toris,
2050 1761 2252 1818 Christi
2282 1763 2510 1826 scilicet,
2539 1761 2761 1827 milites,
2786 1764 2876 1833 qui
2903 1763 3066 1816 vitam
3097 1762 3445 1816 monasticam

201 1850 265 1914 ὡς
296 1850 584 1922 ἄνθρωπος
612 1849 791 1922 τούτῳ
825 1849 1290 1922 προσκέκρουκεν,
1328 1851 1446 1921 ἅμα
1478 1852 1536 1906 δὲ
1575 1851 1763 1922 βουλο-

202 1941 322 2014 μένη
366 1941 466 1998 καί
503 1942 632 2007 τοὺς
674 1932 1009 2014 στρατιώτας
1048 1943 1143 1996 τοῦ
1190 1944 1428 2015 μεγάλου
1474 1945 1761 2014 βασιλέως,

199 2032 426 2104 Χριστοῦ
467 2033 748 2105 δηλονότι,
790 2034 919 2098 τοὺς
961 2033 1028 2087 δι’
1050 2035 1212 2090 αὐτὸν
1251 2036 1345 2090 τὸν
1394 2039 1604 2109 μονήρη
1651 2036 1764 2109 βίον

199 2125 584 2199 προελομένους
621 2129 718 2183 καὶ
754 2127 855 2201 τὴν
894 2128 1194 2185 πανοπλίαν
1235 2130 1628 2203 ὲνδυσαμένους
1665 2131 1761 2188 τοῦ

197 2219 527 2293 πνεύματος,
556 2221 880 2294 συμμάχους
910 2223 1054 2296 ἔχειν
1084 2225 1179 2278 καὶ
1209 2226 1578 2290 συνασπιστάς
1609 2229 1765 2299 luxu-

199 2314 310 2382 ροὺς
338 2314 487 2370 κατὰ
517 2315 626 2369 τῶν
657 2315 954 2388 δρωμένων
989 2315 1084 2371 καὶ⁵
1117 2318 1367 2389 ἀοράτων
1401 2319 1610 2391 ἐχθρῶν
1636 2338 1650 2352 ο
1684 2321 1764 2394 τῷ

191 2407 368 2477 ἀγαθῷ
400 2408 604 2480 ἐκείνῳ
639 2407 876 2480 θεμελίῳ
908 2410 1003 2464 καὶ
1035 2409 1231 2480 ὄροφον
1263 2411 1531 2465 ἐπιθεῖναι
1565 2413 1764 2467 ἀνάλο-

191 2517 277 2570 γον
308 2500 625 2575 ᾑρετίσατο,
657 2503 755 2557 καὶ
787 2502 879 2557 τὸν
911 2503 1152 2575 παρόντα
1188 2503 1579 2574 χρυσὸσουλλον
1625 2507 1763 2560 ἀπο-

189 2593 399 2650 λέλυκεν
453 2594 722 2664 εὐλόγως,
777 2595 846 2649 δι’
873 2591 935 2650 οὗ
984 2595 1231 2660 θεσπίζει
1281 2598 1374 2650 καὶ
1426 2597 1759 2669 διορίζεται,

191 2687 354 2742 πάντα
376 2687 457 2742 τὰ
483 2687 723 2763 σήμερον
751 2688 1025 2759 νεμόμενα
1051 2689 1283 2761 ἀκίνητα
1314 2691 1464 2761 παρὰ
1489 2689 1596 2744 τῶν
1624 2692 1764 2748 άνω-

189 2779 272 2832 θεν
298 2779 718 2852 ἁριθμηθέντων
750 2780 1129 2852 μοναστηρίων
1159 2779 1191 2852 ἦ
1226 2782 1319 2834 καὶ
1349 2781 1764 2853 ἡσυχαστηρίων

1867 1867 2086 1930 ιιι-θρίω*
2137 1856 2308 1926 ipsum
2364 1856 2663 1925 elegerunt,
2719 1863 2772 1911 et
2821 1854 3061 1926 Spiritus
3111 1863 3444 1908 armaturam

1870 1949 2179 2012 induerunt,
2211 1951 2387 2002 socios
2418 1947 2648 2012 habere,
2681 1955 2735 2001 et
2766 1955 3018 2001 strenuos
3048 1945 3446 1999 commilitones

1866 2041 2131 2095 adversus
2168 2041 2351 2095 hostes
2403 2050 2509 2093 tam
2562 2039 2650 2108 qui
2705 2038 2974 2102 videntur,
3007 2053 3168 2108 quam
3205 2037 3296 2106 qui
3338 2053 3444 2091 non

1865 2132 2152 2198 videntur",
2213 2133 2355 2186 bono
2412 2131 2485 2186 illi
2529 2131 2884 2196 fundamento
2941 2141 3139 2187 tectum
3190 2145 3445 2202 quoque,

1865 2226 2219 2293 proportione
2248 2225 2602 2289 conveniens.
2635 2225 2917 2295 imponere
2951 2223 3157 2290 voluit,
3204 2235 3257 2276 et
3302 2241 3445 2292 [ιι-ω-

1867 2330 2078 2374 sentem
2118 2319 2350 2373 Auream
2402 2316 2610 2373 Bullam
2653 2332 2714 2371 ea
2764 2333 2831 2373 ex
2886 2332 3046 2373 causa
3100 2318 3299 2383 edidit;
3352 2333 3448 2388 per

1865 2426 2028 2481 quam
2054 2412 2246 2465 statuit
2271 2420 2324 2465 et
2348 2410 2559 2474 deﬁnit,
2585 2410 2767 2464 omnia
2791 2408 3110 2472 immobilia,
3140 2425 3258 2477 qua
3286 2409 3446 2465 hodie

1866 2507 1934 2560 ab
1966 2503 2304 2560 enumeratis
2351 2503 2699 2558 monasteriis
2756 2503 3123 2571 possidentur,
3165 2505 3246 2556 vel
3277 2505 3444 2556 etiam

1867 2614 1896 2651 a
1949 2598 2191 2664 scholis,
2243 2606 2298 2651 el
2343 2596 2751 2652 anachoreticis
2809 2595 3064 2659 cellulis,
3121 2595 3203 2648 vel
3258 2595 3444 2653 lauris,

1868 2701 1918 2744 et
1947 2690 2171 2745 omnino
2207 2704 2236 2744 a
2272 2689 2588 2744 monasticis
2623 2688 2972 2754 habitaculis,
3001 2702 3325 2758 quocunque
3354 2703 3450 2740 no-

1870 2786 2016 2840 mine
2037 2792 2317 2849 vocentur,
2341 2784 2634 2854 parmcias,
2657 2784 2900 2845 colonos,
2925 2782 3446 2852 praediamwrcatns,

191 2872 221 2942 ἢ
258 2873 348 2927 καὶ
387 2872 826 2945 ἁναχωρητικῶν
858 2871 1086 2927 καλλίων
1121 2871 1153 2944 ἢ
1193 2872 1410 2944 λαυρῶν
1444 2873 1538 2927 καὶ⁵
1577 2874 1762 2938 ἁπλῶς

1871 2877 2096 2941 tributa,
2131 2875 2432 2946 vectigalia,
2468 2875 2638 2940 lacus,
2681 2874 2927 2938 ﬂumina,
2959 2874 3086 2942 jura
3147 2875 3437 2935 maritima,

188 2965 621 3036 κατοικητηρίων
654 2963 985 3036 μοναχικῶν,
1016 2962 1118 3017 κᾶν
1148 2963 1246 3035 οἵῳ
1272 2963 1338 3018 ἂν
1369 2964 1617 3019 καλοῖντο
1648 2966 1762 3019 ὀνό-

1867 2982 1921 3024 et
1961 2970 2041 3042 (ut
2072 2968 2240 3022 semel
2272 2965 2471 3038 dicam)
2521 2968 2882 3046 quodcunque
2909 2965 2994 3034 Ius
3023 2967 3074 3020 in
3100 2969 3445 3036 possessiOne

194 3076 336 3128 ματι,
363 3058 576 3123 τούςτε
603 3059 920 3128 παροίκους,
947 3059 1017 3111 τὰ
1043 3059 1367 3132 αὑτούργια,
1396 3060 1493 3124 τὰς
1520 3058 1762 3129 πανηγύ-

1867 3060 2130 3115 immobili
2180 3060 2578 3124 consideratur,
2616 3069 2670 3114 et
2702 3059 2754 3114 in
2787 3074 3112 3128 quocunque
3139 3060 3258 3114 loco
3279 3061 3440 3115 situm
3526 3115 3528 3117 .

191 3168 316 3221 ρεις,
359 3153 492 3217 τοὺς
532 3149 754 3224 φόρους,
795 3152 922 3214 τοὺς
963 3153 1191 3225 πόρους,
1231 3152 1329 3217 τὰς
1371 3151 1587 3224 λίμνας,
1634 3154 1760 3218 τοὺς

189 3247 492 3316 ποταμοὺς,
527 3243 597 3297 τὰ
630 3242 899 3298 θαλάσσια
929 3243 1146 3309 δίκαια,
1182 3244 1277 3298 καὶ
1310 3244 1584 3316 καθολικῷ
1617 3245 1762 3317 λόγῳ

187 3334 563 3408 οίονδηποτοῦν
593 3335 803 3390 δίκαιον
833 3335 892 3389 ὲν
925 3335 1204 3409 ἀκινήτοις
1237 3337 1482 3409 κτήμασι
1519 3337 1761 3407 Θεωρούο

190 3447 344 3499 μενον
370 3433 468 3484 καὶ
491 3433 551 3484 ὲν
573 3429 844 3501 οίῳδήτινι
890 3429 1040 3500 τόπῳ
1062 3428 1405 3500 διακείμενον
1435 3430 1562 3501 παρ’
1580 3431 1762 3485 αὐτῶν

188 3522 552 3594 κατεχόμενον
584 3519 709 3588 νῦν,
744 3521 827 3592 ἐφ’
852 3514 896 3588 ᾧ
927 3520 1169 3592 δηλονότι
1207 3521 1370 3592 μέχρι
1403 3522 1497 3575 τοῦ
1533 3522 1628 3576 νῦν
1660 3524 1762 3576 οὐκ

185 3612 332 3683 ἐδόθη
365 3611 578 3674 τούτοις
607 3611 896 3680 διάγνωσις
927 3610 1079 3680 παρὰ
1105 3611 1214 3664 τῶν
1241 3611 1382 3665 κατὰ
1415 3611 1597 3684 χώραν
1632 3615 1764 3669 ἁνα-

184 3701 441 3770 γραφέων
471 3697 534 3753 τὸ
565 3697 657 3751 τοῦ
693 3698 955 3771 δημοσίου
997 3698 1164 3771 μέρος
1199 3699 1293 3754 ἐπὶ
1325 3700 1500 3771 τούτῳ
1540 3701 1762 3774 προσδιε-

185 3794 436 3861 καιοῦσα,
463 3793 610 3865 ἔχειν
636 3793 733 3855 τὰς
762 3792 1021 3864 ῥηθείσας
1055 3792 1222 3864 μονὰς
1251 3793 1394 3848 κατὰ
1423 3795 1646 3865 διηνεκῆ
1672 3794 1762 3848 δε-

186 3886 440 3940 σποτείαν
483 3886 560 3950 ὡς
602 3885 776 3958 δῶρον
817 3886 911 3940 καὶ
959 3886 1302 3958 φιλοτίμημα
1340 3888 1438 3959 τῆς
1485 3887 1763 3960 βασιλείας

185 3996 304 4046 μου,
333 3979 433 4032 καὶ
460 3978 744 4044 δεσπόζειν
769 3977 949 4033 αὐτῶν
974 3981 1053 4042 είς
1079 3981 1206 4042 τοὺς
1236 3980 1361 4050 ἑξῆς
1393 3980 1638 4044 ἅπαντας
1667 3983 1762 4034 καὶ

182 4069 450 4142 διηνεκεῖς
478 4071 726 4143 χρόνους,
758 4072 862 4124 κᾶν
886 4071 1126 4140 εὐλόγως
1155 4071 1256 4126 κᾶν
1283 4074 1610 4144 παραλόγως
1640 4073 1764 4127 τούς-

179 4180 282 4216 των
313 4162 442 4217 τινὰ
548 4163 616 4217 τὰ
647 4162 740 4218 ὅλα
779 4164 910 4228 ῐσως
940 4163 1045 4228 ἕως
1079 4165 1171 4218 τοῦ
1207 4165 1302 4218 νῦν
1337 4170 1620 4238 κατεῖχον,
1659 4168 1762 4219 κᾶν

178 4253 296 4325 δίχα
341 4257 492 4320 τινος
533 4254 932 4326 δικαιώματος,
973 4257 1007 4328 ἢ
1053 4258 1161 4311 άπὸ
1204 4258 1590 4329 δικαιωμάτων
1637 4260 1760 4327 μὲν,

177 4349 368 4412 κακῶς
411 4348 470 4402 δὲ
519 4349 753 4420 ἑχόντων
795 4350 828 4422 ἢ
878 4351 1090 4421 ψευδῶς
1141 4351 1528 4408 συντεθέντων.
1577 4352 1763 4406 Πάντα

1865 3153 1958 3215 sit,
1983 3151 2038 3206 iu
2071 3166 2177 3220 quo
2210 3149 2423 3205 scilicet
2449 3149 2555 3206 huc
2589 3164 2761 3217 usque
2803 3165 2911 3204 non
2944 3149 3067 3204 data
3102 3159 3187 3204 est
3223 3149 3303 3206 eis
3347 3152 3440 3204 de-

1866 3247 2073 3300 notatio
2100 3258 2192 3299 seu
2219 3242 2522 3313 designatio
2551 3243 2614 3295 ab
2644 3242 2733 3308 iis,
2758 3242 2849 3311 qui
2881 3252 3010 3297 sunt
3036 3243 3087 3296 in
3111 3258 3172 3297 ea
3199 3244 3441 3311 regione,

1863 3353 2061 3395 census
2099 3337 2549 3405 descriptoribus,
2575 3351 2696 3407 quae
2727 3337 2916 3392 ﬁscum
2952 3336 3004 3390 in
3039 3337 3104 3390 iis
3129 3335 3218 3405 jus
3243 3336 3446 3392 habere

1863 3431 2200 3502 comprobet,
2233 3432 2433 3486 habere
2475 3431 2653 3486 dictas
2693 3429 3008 3486 mansiones
3049 3441 3308 3502 perpetuo
3346 3431 3444 3485 do-

1866 3525 2054 3587 minio,
2082 3534 2142 3579 ut
2171 3523 2383 3594 imperii
2413 3523 2517 3577 mei
2546 3524 2744 3578 donum
2786 3531 2842 3577 et
2882 3521 3103 3580 liberale
3145 3536 3362 3586 munus,
3391 3533 3446 3576 et

1863 3616 1942 3674 eis
1964 3616 2217 3683 deinceps
2235 3629 2452 3684 semper
2484 3613 2538 3670 in
2565 3620 2892 3684 perpetuum
2916 3613 3208 3679 dominari,
3231 3612 3445 3668 etiamsi

1865 3707 2126 3780 probabili
2157 3706 2236 3762 vel
2267 3722 2370 3762 non
2396 3707 2662 3777 probabili
2693 3707 2759 3762 de
2788 3721 2952 3762 causa
2998 3720 3187 3762 eorum
3241 3705 3440 3774 aliqua,

1864 3801 1948 3857 vel
1985 3801 2147 3856 etiam
2178 3801 2412 3857 fortasse
2447 3800 2629 3857 omnia
2680 3799 2788 3855 huc
2837 3814 3008 3870 usque
3056 3799 3440 3864 detinuerunt;

1864 3892 1950 3950 vel
1981 3894 2142 3948 etiam
2168 3895 2287 3948 sine
2319 3891 2427 3947 ullo
2459 3891 2632 3958 titulo,
2666 3892 2748 3947 vel
2779 3907 2844 3947 ex
2887 3889 3045 3946 titulo
3075 3892 3320 3960 quidem,
3348 3891 3443 3943 sed

1864 3986 1957 4056 qui
1994 3984 2130 4040 male
2162 4000 2221 4040 se
2252 3984 2434 4046 habet,
2467 3983 2550 4037 vel
2575 3992 2657 4038 est
2699 3982 2933 4038 fortasse
2978 3981 3114 4036 falso
3157 3981 3438 4036 conllctus.

1863 4077 2055 4133 Omnia
2096 4077 2266 4141 enim,
2293 4091 2412 4144 quae
2455 4076 2522 4131 ab
2570 4075 2705 4146 ipsis
2753 4075 2808 4130 in
2850 4089 3179 4145 quacunque
3226 4074 3445 4145 regione

1864 4171 2228 4242 possidentur.
2281 4171 2333 4225 in
2373 4154 2599 4224 Oriente
2648 4178 2702 4223 et
2738 4168 3054 4230 Occidente,
3101 4167 3216 4223 sive
3260 4182 3326 4219 ex
3377 4166 3444 4221 iis

1863 4263 1955 4334 qui
1980 4278 2046 4319 eo
2081 4276 2323 4333 tempore
2351 4259 2831 4326 administrabant,
2852 4259 3301 4330 imperatoribus,
3328 4261 3445 4316 sive

1865 4359 1972 4413 sint
2000 4373 2067 4413 ex
2101 4356 2440 4424 fragmentis,
2471 4357 2585 4410 sive
2612 4370 2676 4411 ex
2703 4357 3298 4422 commiserationibus,
3325 4355 3442 4411 sive

178 4436 286 4506 γὰρ
312 4435 385 4489 τὰ
419 4434 550 4506 παρ’
592 4435 772 4491 αὐτῶν
804 4439 1145 4509 κατεχόμενα
1175 4440 1232 4491 ὲν
1264 4438 1535 4509 οίῳδήτινι
1567 4438 1762 4509 θέματι

1865 4451 2042 4506 eloco
2090 4450 2272 4512 mOtis,
2305 4448 2387 4504 vel
2421 4448 2662 4513 caducis,
2701 4449 2782 4502 vel
2812 4465 2874 4503 ex
2910 4448 3103 4502 vilibus
3146 4463 3264 4517 quia:
3306 4463 3440 4518 pen-

177 4530 319 4583 κατά
349 4545 414 4583 τε
436 4528 597 4582 Δύσιν
632 4529 725 4583 καὶ
759 4529 1071 4603 Ἀνατολὴν,
1104 4532 1209 4587 κᾶν
1241 4533 1301 4598 ἐξ
1341 4533 1524 4587 αὐτῶν
1557 4534 1637 4597 είς
1674 4533 1764 4586 tv-

176 4621 439 4694 διαίτημα
475 4622 585 4678 τῶν
624 4622 769 4678 κατὰ
802 4625 907 4695 τὴν
935 4626 1150 4698 ἡμέραν
1185 4626 1473 4696 βασιλέων,
1509 4627 1616 4682 κᾶν
1655 4626 1764 4681 άπὸ

176 4715 512 4788 κλασμάτων
544 4709 669 4786 tim,
695 4715 796 4771 κᾶν
828 4717 936 4770 ἀπὸ
967 4718 1342 4788 συμπαθειῶν,
1370 4719 1405 4791 ἢ
1437 4721 1762 4790 άκοκεκινηο

180 4809 397 4877 μένων,
432 4810 466 4881 ἢ
504 4807 855 4876 ἁλοπτώτων,
895 4809 930 4880 ἢ
971 4811 1078 4866 ἀπὸ
1113 4812 1386 4867 ταπεινῶν
1423 4811 1762 4882 τελουμένων

174 4901 426 4972 διαρίων,
463 4902 496 4973 ἦ
541 4903 650 4957 ἀπὸ
689 4905 964 4958 ταπεινῶν
1008 4904 1552 4974 κλασματισθέντων,
1591 4905 1625 4975 ἢ
1670 4902 1763 4957 καὶ

175 4994 428 5058 δυνατοῖς
453 4995 864 5068 διαπραθέντων
893 4996 926 5067 ἢ
953 4997 1287 5064 τούναντίον,
1320 4997 1352 5068 ἢ
1385 4998 1444 5065 ἐξ
1472 4996 1760 5069 όρθώσεων

174 5088 367 5152 κακῶς
399 5087 698 5160 γεγονυιῶν
727 5088 1097 5159 διαπράσεων,
1133 5089 1236 5146 κᾶν
1270 5093 1328 5144 ὲν
1359 5092 1542 5157 ἄλλοις
1573 5092 1760 5156 τόποις

174 5180 466 5248 βρωθέντα
494 5179 815 5252 sumam
839 5182 900 5234 tv
929 5179 1113 5246 ἄλλοις
1142 5181 1522 5254 παρεδόθησαν
1541 5223 1555 5248 ,
1589 5183 1623 5255 ἢ
1656 5183 1759 5236 δω-

177 5267 420 5340 ρηθέντα
441 5270 506 5323 οὐ
530 5269 936 5342 παρεδόθησαν,
963 5272 996 5343 ἢ
1025 5272 1404 5343 παραδοθέντα
1431 5275 1530 5328 οὐκ
1556 5274 1761 5347 ἐδωρή-

177 5363 386 5433 οησαν,
422 5364 452 5435 ἢ
489 5361 612 5418 καθ’
635 5365 823 5435 ἕτερον
856 5381 975 5418 τινα
1009 5363 1167 5433 λόγον
1202 5366 1388 5429 κακῶς
1421 5365 1552 5438 παρ’
1579 5368 1757 5421 αὐτῶν

176 5446 520 5524 κατέχονται,
541 5455 892 5520 ἁδιασείστως
918 5458 1011 5510 καὶ
1027 5457 1611 5530 άπολυπηραγμονήτως
1627 5478 1760 5514 xar—

178 5544 408 5614 ἔχεσθαι
467 5548 620 5619 παρὰ
649 5548 758 5602 τῶν
791 5548 1060 5620 ρηθεισῶν
1095 5551 1284 5603 πασῶν
1319 5552 1497 5622 μονῶν
1530 5553 1562 5623 ἡ
1600 5552 1724 5625 βασι
1745 5587 1756 5595 -

179 5635 292 5692 λεία
340 5654 446 5708 μου
490 5638 737 5711 βούλεται
783 5643 860 5707 είλς
905 5641 998 5695 τὸν
1041 5642 1216 5696 αἰῶνα
1256 5643 1346 5698 τὸν
1393 5645 1639 5710 ἅπαντα,
1679 5644 1755 5707 ὡς

177 5729 348 5805 δῶρον
383 5730 487 5803 τῆς
516 5731 793 5806 βασιλείας
837 5751 938 5808 μου
984 5735 1079 5788 καὶ
1117 5733 1354 5810 καθαρὴν
1392 5735 1750 5810 φιλοτίμημα.

1867 4546 2066 4599 duntur
2112 4541 2320 4608 diariis,
2351 4541 2432 4596 vel
2481 4556 2545 4595 ex
2595 4541 2799 4594 viribus
2851 4539 3158 4594 calamitate
3203 4539 3439 4602 vexatis,

1867 4637 1951 4691 vel
1983 4638 2048 4692 iis
2078 4649 2199 4705 quae
2228 4648 2256 4687 a
2301 4634 2611 4703 potentibus
2644 4633 2853 4688 vendita
2892 4645 3040 4698 sunt,
3089 4631 3172 4686 vel
3216 4640 3438 4697 contra,

1867 4727 1946 4783 vel
1975 4742 2038 4782 ex
2070 4727 2406 4782 correctione
2442 4726 2581 4779 male
2621 4725 2888 4782 {actarum
2915 4725 3322 4791 venditionum;
3364 4735 3436 4790 et,

1861 4818 1908 4874 sl
1937 4817 2057 4872 aliis
2088 4817 2139 4871 in
2175 4815 2307 4870 locis
2340 4816 2487 4885 iussa
2520 4816 2656 4880 dari,
2695 4816 2748 4869 in
2784 4813 2905 4868 aliis
2937 4812 3134 4868 tradita
3168 4821 3316 4879 sunt,
3354 4811 3440 4866 vel

1863 4913 2082 4975 donata,
2129 4925 2231 4965 non
2285 4910 2479 4964 tradita
2517 4918 2680 4971 sunt;
2726 4907 2808 4962 vel
2839 4907 3060 4972 tradita,
3090 4909 3287 4960 donata
3333 4920 3438 4958 non

1862 5015 2027 5070 sunt;
2060 5007 2140 5056 vel
2174 5003 2364 5071 quovis
2396 5000 2501 5055 alio
2549 5002 2708 5056 modo
2739 4999 2878 5054 male
2910 5000 2977 5053 ab
3018 4999 3148 5068 ipsis
3188 4996 3439 5051 detinen-o

1863 5108 1978 5162 tur;
2017 5097 2342 5152 inconcusse
2388 5104 2443 5151 et
2486 5096 2635 5149 nullo
2688 5094 2909 5164 negotio
2964 5093 3047 5149 eis
3094 5090 3359 5156 exhibito,
3402 5105 3434 5145 a

1861 5192 2019 5248 dictis
2051 5190 2389 5245 monasteriis
2418 5188 2531 5242 vult
2569 5203 2747 5243 meum
2775 5184 3060 5256 imperium
3099 5201 3162 5241 ea
3190 5186 3242 5240 in
3274 5192 3439 5240 ater.

1861 5301 1988 5338 num
2024 5282 2311 5351 possideri,
2359 5293 2415 5339 ut
2457 5281 2682 5355 [meum]
2730 5283 2832 5336 mei
2883 5281 3096 5352 imperii
3142 5281 3368 5346 donum,
3402 5295 3434 5336 tt

1864 5393 2010 5432 mera
2050 5375 2373 5430 liberalitate
2419 5387 2472 5429 et
2511 5374 2880 5429 munificentia
2931 5372 3256 5445 profectum.
3296 5371 3433 5427 Cum

1864 5472 2006 5525 enim
2035 5470 2146 5524 sola
2185 5484 2325 5524 nunc
2367 5470 2505 5538 apud
2540 5469 2687 5539 ipsos
2719 5469 3074 5523 immobil’ium
3124 5466 3438 5522 inveniatur

1863 5559 2120 5622 detentio,
2164 5571 2286 5626 quae
2317 5571 2416 5626 pro
2462 5556 2608 5611 omni
2656 5553 3001 5609 titulodebet
3037 5554 3114 5609 eis
3145 5551 3431 5622 suﬁicere,

1858 5662 1939 5706 est
1967 5664 2424 5720 supervacaneum
2450 5650 2514 5704 de
2539 5648 2664 5704 ullis
2690 5649 2812 5704 aliis
2840 5648 3056 5703 curiose
3081 5645 3432 5714 investigare.

1863 5743 1914 5798 In
1939 5742 2192 5799 ommbus
2216 5743 2382 5817 enim,
2406 5756 2524 5810 quae
2557 5742 2718 5799 hodie
2744 5743 3041 5808 possident,
3070 5747 3432 5808 prmterqnam
