3932 6190
486 277 588 344 731

1731 281 2125 345 MANUELlS
2166 281 2506 343 COMNENI

3611 277 3709 346 739.

485 397 540 449 in
570 399 660 464 iis,
687 395 740 450 in
771 397 968 465 quibus
1001 414 1028 450 ιι
1059 397 1263 468 publici
1292 413 1493 453 census
1533 398 1586 453 in
1617 414 1682 454 ea
1713 403 1934 469 regimtc
1965 399 2064 452 dco
2091 447 2097 456 .

2202 399 2347 468 ἰόνης
2385 398 2493 469 γὰρ
2527 397 2624 466 τῆς
2662 398 2788 469 παρ’
2815 397 2997 462 αὐτοῖς
3035 397 3424 470 εὖρισκομένης
3457 396 3544 451 νῦν
3573 414 3717 452 xero-

468 489 843 559 scripturibus
881 490 1208 544 documenta
1240 492 1362 545 data
1389 502 1658 561 sunt,qua:
1690 492 1778 561 jus
1806 490 1917 560 ﬁsci
1951 488 2070 562 [seu

483 580 737 652 publici],
793 591 851 635 ut
901 583 1104 637 dictum
1156 594 1262 648 est,
1310 585 1566 652 probant,
1625 585 1786 638 debet
1834 596 2074 652 praesens

485 675 661 728 Aurea
688 676 899 743 imperii
929 678 1032 731 mei
1065 676 1212 730 Bulla
1248 675 1514 741 suﬁirere,
1540 686 1594 730 et
1627 691 1723 743 pro
1754 677 2072 741 donatione,

489 780 543 818 et
568 778 775 825 acuet
799 768 990 836 quovis
1023 768 1129 822 alio
1157 767 1314 823 titulo
1340 771 1473 822 satis
1495 785 1634 824 esse:
1658 769 1872 824 etiamsi
1902 767 2074 838 quod-

488 876 702 929 cunque
752 861 894 914 aliud
938 874 1211 916 secretum
1248 862 1299 916 in
1331 864 1410 917 eis
1447 863 1537 929 jus
1579 862 1796 917 habeat.
1835 861 1944 918 Nec
1985 880 2078 919 co-

489 964 686 1023 gentur
751 955 1107 1018 monasteria,
1166 955 1341 1008 ob.ea
1398 972 1519 1025 qua:
1575 972 1715 1010 nunc
1769 957 2074 1026 possident,

490 1046 814 1111 immobilia,
847 1050 1068 1118 antiqua
1102 1049 1226 1112 alia,
1292 1064 1410 1118 qua:
1443 1049 1521 1103 eis
1551 1049 1768 1114 adsunt,
1797 1048 1922 1119 jura
1950 1065 2078 1118 pro-

492 1142 656 1196 ferre.
691 1141 797 1197 Sed
830 1144 928 1197 hac
957 1145 1203 1212 praesenti
1240 1143 1432 1196 Aurea:
1477 1142 1643 1198 Bulla:
1671 1145 1944 1212 scriptura
1979 1160 2076 1215 pro

493 1237 640 1290 Omni
674 1235 797 1304 jure
841 1237 1065 1302 utentis,
1103 1253 1163 1291 ea
1213 1237 1451 1292 contenti
1495 1251 1616 1292 esse
1646 1237 1876 1302 debent;
1918 1248 2081 1306 utque

491 1330 593 1393 eis,
631 1342 683 1383 ut
717 1331 870 1398 prius
916 1332 1180 1398 scriptum
1212 1341 1315 1396 est,
1361 1329 1611 1386 suﬂicere
1644 1331 1857 1396 debeat,
1890 1339 1944 1386 et
1983 1346 2081 1401 pro

494 1423 813 1487 donatione,
860 1435 911 1478 et
957 1440 1052 1494 pro
1094 1425 1412 1490 traditione,
1448 1436 1503 1480 et
1543 1428 1736 1493 quovis
1781 1426 1887 1480 alio
1933 1427 2080 1496 jure.

496 1517 590 1571 Sin
613 1528 790 1571 autem
821 1519 1136 1574 invitantem
1160 1521 1389 1574 fortasse
1406 1529 1644 1590 tempore
1665 1521 1892 1574 voluerit
1919 1521 2081 1574 ullum

497 1612 886 1665 tunuasterium
918 1610 984 1666 iis
1014 1612 1179 1666 etiam
1214 1627 1335 1682 quae
1367 1610 1529 1666 habet
1559 1612 1775 1681 juribus
1812 1621 1861 1665 et
1910 1613 2084 1667 titulis

498 1706 596 1766 uti,
625 1720 684 1757 ea
720 1720 818 1772 pro
851 1721 908 1758 se
960 1704 1236 1770 adferens,
1271 1720 1300 1758 a
1335 1704 1483 1759 nullo
1521 1706 1739 1774 penitus
1768 1705 2082 1774 prohibebi-

501 1800 604 1850 tur.
662 1797 770 1851 lloc
794 1799 936 1851 enim
974 1815 1078 1853 non
1115 1796 1274 1853 l'aciet
1301 1799 1541 1852 adhibita
1571 1797 1869 1853 eoactione.
1891 1799 1947 1853 Si
1984 1813 2086 1852 au-

501 1901 611 1944 tem
643 1890 744 1944 hoc
774 1892 987 1960 propria
1026 1893 1304 1948 voluntate
1348 1893 1594 1959 elegerit,
1647 1908 1807 1948 nemo
1853 1893 2086 1962 impedi-

501 1992 652 2034 turus
682 1982 1019 2036 admittetur.
1053 1980 1163 2037 Non
1197 1985 1373 2038 solum
1407 1995 1587 2038 autem
1630 1986 1695 2038 ad
1738 1985 2082 2054 probandum

495 2073 586 2142 jus
615 2076 836 2141 terreni,
868 2077 1014 2145 quod
1047 2076 1266 2143 habent,
1295 2079 1639 2133 monasteriis
1670 2077 1894 2134 sulIiciet
1940 2093 2082 2146 prae-

503 2183 627 2223 86.13
667 2168 814 2224 Bulla
845 2171 1023 2225 Aurea
1055 2188 1069 2225 :
1108 2172 1201 2240 sed
1236 2173 1396 2227 etiam
1429 2173 1480 2227 in
1519 2174 1749 2238 colonis,
1796 2175 1888 2244 qui
1941 2188 2085 2228 nunc

503 2263 571 2316 ab
603 2262 682 2316 eis
708 2262 1037 2327 detinentur,
1066 2272 1119 2319 et
1141 2264 1378 2334 praediis,
1409 2265 1777 2336 vectigalibus,
1801 2264 2088 2320 conventi-

506 2355 631 2417 bus,
667 2354 1003 2424 trajectionis
1034 2357 1421 2426 solutionibus,
1455 2359 1683 2428 stagnis,
1718 2358 1921 2426 ﬂuviis,
1955 2359 2090 2426 juri-

506 2450 607 2503 bus
661 2450 970 2516 maritimis,
1003 2459 1057 2505 et
1085 2465 1405 2522 quocunque
1435 2451 1541 2506 alio
1563 2451 1706 2522 jure,
1743 2451 1886 2522 quod
1917 2453 1984 2506 ab
2011 2453 2090 2507 eis

506 2543 832 2612 possidetur,
861 2555 1221 2614 przeterquam
1249 2546 1304 2600 in
1338 2546 1427 2613 iis,
1457 2549 1509 2599 in
1540 2548 1735 2616 quibus
1767 2548 2089 2603 documenta

510 2653 608 2708 pro
651 2639 780 2692 ﬁsco
837 2638 917 2708 (ut
944 2654 1087 2709 saepe
1119 2640 1369 2711 superius
1405 2640 1607 2696 dictum
1649 2641 1754 2711 est)
1814 2652 2093 2712 assumpta

510 2737 658 2786 sunt.
690 2730 780 2784 Sin
809 2741 991 2785 autem
1023 2732 1296 2787 recenseri
1322 2731 1478 2802 jussa
1526 2744 1675 2800 sunt,
1714 2734 1792 2790 vel
1824 2735 2093 2803 amputari

511 2824 762 2893 quaedam
788 2824 1010 2888 tributa,
1036 2825 1119 2879 vel
1147 2834 1327 2896 pacta,
1361 2826 1442 2881 vel
1483 2825 1707 2893 militize,
1743 2828 1825 2883 vel
1861 2828 2094 2898 publica,

509 2917 596 2971 vel
637 2917 890 2979 libellica.
922 2919 1005 2974 vel
1042 2918 1248 2989 aliquid
1293 2920 1461 2987 aliud,
1503 2921 1649 2992 quod
1697 2923 1763 2976 ad
1815 2923 2094 2994 publicum

511 3011 780 3081 pertinet;
833 3021 884 3066 et
937 3027 1042 3066 non
1094 3011 1296 3067 factum
1341 3025 1443 3082 est,
1503 3015 1644 3086 quod
1699 3017 2095 3073 recensendum

2174 493 2275 561 χῆς
2321 493 2428 544 τῶν
2473 492 2746 562 ἀκινήτων
2793 491 3118 564 ὀφειλούσης
3165 493 3354 563 ἀρκεῖν
3403 491 3574 554 αὐτοῖς
3618 491 3720 544 ἀντὶ

2175 584 2374 648 παντὸς
2406 585 2802 656 δικαιώματος,
2836 575 3091 657 περιττόν
3122 587 3238 639 ἐστι
3270 584 3329 638 τὸ
3363 584 3720 654 πολυπραγμο-

2175 678 2288 729 νεῖν
2317 681 2446 749 περ).
2472 679 2683 749 ἑτέρου.
2714 677 2839 732 Ἐπὶ
2867 681 3000 733 πᾶσι
3028 679 3138 749 γὰρ
3162 674 3244 741 οἷς
3269 677 3552 746 κατέχουσι
3578 676 3724 748 σήμε-

2180 787 2271 839 ρον
2298 770 2445 842 (ᾰνευ
2478 772 2660 841 μέντοι
2687 773 2795 826 τῶν
2820 771 2906 841 ἐφ’
2926 766 3005 836 οἷς
3032 770 3296 841 ἐδόθησαν
3324 771 3501 832 αὐτοῖς
3523 769 3726 836 διαγνώ-

2177 880 2290 927 σεις
2319 865 2467 934 παρᾶ
2491 865 2599 918 τῶν
2624 867 2764 919 κατᾶ
2793 864 2975 936 χώραν
2999 865 3359 935 ἁναγραφέων
3383 862 3470 915 τὸν
3495 861 3725 931 δημόσιον

2178 952 2487 1008 δικαιοῦσαι
2510 996 2523 1019 ,
2554 956 2630 1020 ώς
2665 953 2943 1027 εἴρηται),
2976 956 3180 1025 ὀφείλει
3216 956 3406 1027 ἀρκεῖν
3440 955 3472 1025 ή
3506 953 3730 1024 παροῦσα

2179 1043 2576 1114 χρυσόὸουλλος
2605 1046 2790 1118 γραφὴ
2819 1047 2915 1116 τῆς
2951 1046 3232 1115 βασιλείας
3261 1064 3363 1117 μου
3391 1046 3486 1099 καὶ⁸
3513 1046 3622 1098 ἀντὶ
3645 1044 3732 1098 δω-

2182 1136 2312 1205 ρεᾶς
2343 1136 2438 1188 καὶ
2467 1136 2588 1190 ἀντὶ
2618 1139 2923 1208 πρακτικοῦ
2956 1140 3050 1194 καὶ
3079 1140 3197 1193 ἀντὶ
3228 1139 3427 1201 παντὸς
3458 1137 3633 1208 ἑτέρου
3659 1138 3726 1190 δι-

2181 1227 2519 1298 καιώματος.
2551 1229 2653 1282 κᾶν
2686 1231 3068 1301 οίονδηποτοῦν
3100 1231 3360 1303 σεκρέτον
3390 1230 3481 1285 ἐπ’
3500 1231 3638 1301 αὐτῷ
3665 1231 3732 1283 δι-

2182 1321 2431 1373 καιοῖτο’
2489 1321 2608 1374 οὐδὲ
2670 1323 3179 1394 ἀναγκασθήσονται
3233 1323 3290 1377 αι
3353 1323 3513 1393 μοναὶ
3563 1317 3734 1392 ὲφόἷς

2184 1413 2473 1483 κατέχουσι
2506 1415 2599 1466 νῦν
2631 1416 2908 1484 ἀκινήτοις
2948 1417 3308 1488 προκομίζειν
3340 1417 3504 1488 ἕτερα
3535 1416 3734 1471 παλαιο-

2185 1507 2316 1575 γενῆ
2347 1508 2618 1577 προσόντα
2647 1509 2837 1572 αὑταῖς
2868 1509 3233 1580 δικαιώματα,
3261 1510 3399 1564 ἀλλὰ
3425 1513 3492 1581 τῇ
3519 1509 3736 1580 παρούσῃ

2185 1600 2567 1671 χρυσοὸούλλῳ
2601 1604 2787 1673 γραφῇ
2819 1601 2920 1671 τῆς
2959 1602 3236 1672 βασιλείας
3271 1619 3377 1675 μου
3414 1602 3534 1658 ἀντὶ
3565 1603 3737 1666 παντδς

2190 1694 2561 1762 δικαιώματος
2617 1694 2899 1766 χρώμεναι
2957 1697 3394 1768 ἀρκεσθήσονται
3453 1695 3614 1769 ταύτῃ
3666 1696 3740 1750 καὶ

2195 1790 2358 1862 μόνῃ,
2391 1789 2678 1861 ὁφειλούσῃ
2710 1792 2900 1861 ἀρκεῖν
2929 1793 3152 1856 αὑταῖς,
3183 1791 3257 1855 ὡς
3289 1791 3640 1863 προεγράφη,
3664 1791 3742 1842 καὶ

2189 1883 2309 1936 ἀντὶ
2349 1883 2556 1954 δωρεᾶς
2597 1882 2694 1936 καὶ
2732 1886 2852 1937 ἀντὶ
2889 1885 3240 1954 παραδόσεως
3277 1884 3378 1938 καὶ
3413 1883 3533 1938 ἀντὶ
3572 1883 3744 1945 παντὸς

2189 1977 2377 2047 ἐτέρου
2428 1976 2818 2048 δικαιώματος.
2869 1979 2930 2030 Ei
2978 1977 3023 2030 δ’
3052 1979 3184 2041 ἴσως
3233 1975 3432 2048 καιροῦ
3482 1976 3744 2039 καλοῦντος

2190 2067 2406 2140 θελήσει
2461 2070 2842 2140 οἰονδηποτοῦν
2897 2071 3261 2140 μοναστήριον
3312 2068 3621 2140 χρήσασθαι
3670 2068 3748 2120 καὶ

2189 2163 2300 2222 τοῖς
2360 2160 2658 2231 προσοῦσιν
2713 2159 2864 2229 αὑτῷ
2918 2159 3326 2230 δικαιώμασιν,
3387 2159 3530 2229 ὑπὲρ
3581 2156 3746 2211 ἑαυτοῦ

2191 2252 2365 2306 ταῦτα
2408 2252 2745 2324 προκομίζον
2766 2293 2781 2319 ,
2818 2252 2948 2323 παρ’
2977 2252 3306 2322 οίουδήτινος
3343 2253 3487 2323 πρὸς
3521 2252 3666 2306 τοῦτο
3701 2251 3750 2305 οὗ

2191 2345 2571 2417 κωλυθήσεται
2593 2361 2607 2376 ·
2643 2345 3066 2414 ἀναγκαστικῶς
3097 2346 3206 2416 γὰρ
3236 2346 3400 2400 τοῦτο
3431 2346 3496 2399 οὐ
3528 2347 3751 2417 ποιήσει’

2193 2441 2241 2493 εἱ
2287 2439 2344 2492 δὲ
2391 2438 2577 2510 οίκείῳ
2622 2438 2891 2511 θελήματι
2940 2439 3073 2494 αὐτὸ
3123 2440 3489 2510 αίρετίσεται,
3537 2440 3754 2504 οὐδεὶςὸ

2193 2533 2505 2604 ἐμποδίζων
2551 2536 2774 2590 έσεῖται.
2822 2535 2895 2589 Οὐ
2944 2535 3107 2606 μόνον
3152 2535 3210 2590 δὲ
3255 2536 3345 2588 ἐπὶ
3396 2540 3461 2608 τῇ
3505 2537 3755 2588 δικαιώσει

2193 2625 2292 2694 τῆς
2325 2627 2430 2693 γῆς
2470 2625 2833 2697 συμϐαλεῖται
2867 2629 2979 2691 τοῖς
3024 2627 3420 2698 μοναστηρίοις
3461 2631 3495 2700 ή
3535 2627 3755 2698 παροῦσα

2195 2719 2588 2790 χρυσόϐουλλος
2632 2721 2840 2792 γραφὴ,
2889 2721 3025 2775 ἀλλὰ
3068 2723 3162 2779 καὶ
3203 2722 3296 2775 ἐπὶ
3342 2725 3462 2782 τοῖς
3509 2723 3758 2791 παροίκοις

2195 2817 2304 2876 τοῖς
2337 2813 2430 2866 νῦν
2460 2814 2591 2885 παρ’
2614 2815 2794 2868 αὐτῶν
2826 2815 3248 2886 κατεχομένοις,
3281 2817 3381 2870 καὶ
3412 2819 3525 2879 τοῖς
3556 2817 3764 2883 αὐτουρο

2195 2907 2355 2974 γίοις,
2386 2906 2595 2979 φόροις,
2625 2909 2992 2980 πανηγύρεσι,
3016 2909 3587 2981 διαϐατοῖς,,λίμναις,
3617 2925 3757 2961 ποτα-

2202 3005 2342 3074 μοῖς,
2368 3003 2674 3068 θαλασσίοις
2699 3002 2930 3069 δικαίοις
2957 3002 3053 3056 καὶ
3078 3004 3250 3075 ἑτέρῳ
3275 3003 3558 3075 οξῳδήτινι
3599 3001 3761 3069 δικσξῳ

512 3113 659 3172 erat;
695 3105 771 3160 vel
810 3106 972 3160 habet
1000 3105 1216 3177 aliquod
1262 3107 1406 3162 aliud
1445 3111 1559 3180 jus,
1595 3110 1734 3180 quod
1770 3112 2097 3182 reprehendi

2202 3096 2332 3168 παρ’
2363 3097 2544 3152 αὐτῶν
2592 3098 2968 3169 κατεχομένῳ,
3022 3099 3152 3152 ἄνευ
3206 3098 3398 3170 μέντοι
3447 3097 3557 3152 τῶν
3599 3090 3761 3166 ἑφόἷς

431 3229 434 3232 -
514 3199 689 3268 possit
718 3200 1047 3255 monasteria
1080 3216 1147 3255 ex
1177 3215 1243 3257 eo
1275 3201 1407 3256 nihil
1437 3202 1721 3259 lzcdentur.
1751 3204 1890 3272 Quid
1916 3215 2099 3260 autem

513 3305 651 3359 Opus
682 3301 767 3346 est
795 3290 958 3345 multa
1000 3293 1207 3361 dicere,
1259 3302 1313 3347 et
1358 3307 1706 3361 enumerare,
1760 3305 1816 3352 et
1867 3298 2101 3368 exempli

515 3385 690 3455 gratia
721 3383 952 3440 afferre?
984 3384 1282 3441 Verborum
1317 3386 1714 3443 multitudinem
1751 3390 1963 3458 imperii
1997 3389 2100 3445 mei

517 3479 771 3550 majestas
801 3491 1336 3549 prmtercurrens,ne
1366 3483 1488 3550 quis
1532 3481 1587 3537 in
1636 3484 1902 3553 ejusmodi
1939 3484 2102 3540 rebus

516 3571 750 3627 callidus
791 3580 846 3626 et
895 3571 1067 3638 Valer,
1117 3574 1394 3628 nonnullis
1438 3574 1655 3643 quidem
1706 3574 1888 3642 dictis,
1933 3593 1998 3632 ex
2037 3577 2103 3633 iis

518 3664 701 3721 causis
732 3680 851 3736 qua:
885 3667 1182 3722 immobilia
1235 3669 1582 3733 concutiunt,
1615 3669 1736 3724 aliis
1771 3684 1900 3725 vero
1934 3670 2104 3726 silen-

522 3757 598 3813 tio
640 3760 945 3827 praeteritis,
984 3760 1144 3816 verba
1176 3761 1434 3828 arripiat;
1465 3770 1521 3817 et
1560 3777 1710 3817 more
1751 3761 1984 3819 Judaico
2017 3762 2105 3818 lit-

523 3865 656 3911 terae
689 3854 924 3921 insistat,
964 3864 1019 3910 et
1043 3866 1270 3911 conetur
1292 3857 1345 3912 in
1371 3858 1438 3913 iis
1475 3873 1596 3928 quae
1629 3859 1775 3914 dicta
1815 3875 1924 3914 non
1954 3869 2102 3928 sum,

523 3949 856 4004 monasteria
894 3949 1101 4020 agitare
1141 3960 1197 4007 et
1241 3965 1440 4006 vexare
1472 3969 1485 4006 :
1527 3953 1818 4008 universali
1855 3964 1909 4009 et
1939 3970 2104 4026 gene-

524 4039 625 4093 rali
656 4041 904 4095 oratione
933 4043 1223 4112 imperium
1258 4058 1438 4099 meum
1485 4045 1600 4100 vult
1643 4056 1700 4102 et
1747 4047 2014 4110 decernit,
2049 4056 2107 4102 ut

524 4136 668 4205 quod
709 4137 759 4189 in
804 4135 869 4191 iis
905 4151 1026 4207 quae
1067 4136 1229 4192 hodie
1267 4153 1297 4191 a
1344 4140 1692 4197 monasteriis
1735 4141 2105 4210 possidentur,

527 4229 612 4283 vel
645 4228 697 4283 in
726 4232 854 4300 ipsis
883 4237 1008 4286 sunt
1043 4234 1504 4288 monasteriorum
1537 4235 1831 4301 cathedris,
1867 4250 1967 4305 pro
2006 4250 2107 4304 pu-

525 4323 668 4395 blico
716 4325 1014 4395 cogitatum
1063 4325 1227 4382 fuerit
1280 4326 1347 4382 ab
1403 4327 1606 4396 aliquo,
1661 4327 1744 4381 vel
1803 4345 1965 4391 nunc,
2024 4329 2107 4382 vel

527 4427 960 4490 quandocunque
985 4461 1000 4486 ,
1049 4420 1382 4476 monasterio
1421 4420 1604 4475 datum
1640 4437 1759 4476 esse
1801 4429 2103 4492 reputetur.

2201 3189 2397 3245 Ελαὸον
2429 3191 2748 3260 διαγνώσεις
2786 3191 2929 3262 ὑπὲρ
2959 3191 3055 3245 τοῦ
3093 3192 3390 3264 δημοσίου,
3427 3191 3505 3255 ὡς
3539 3189 3761 3250 πολλάκις

2201 3287 2460 3358 ἀνωτέρω
2491 3286 2818 3356 διείληπται.
2852 3285 2913 3339 Ei
2942 3285 2998 3338 δὲ
3029 3286 3123 3339 καὶ
3155 3284 3622 3357 προσετάχθησαν
3646 3283 3764 3347 λογιο

2205 3381 2400 3451 σθῆναι
2440 3380 2472 3452 ἢ
2514 3380 2817 3451 ἐκκοπῆναί
2853 3397 2976 3434 τινα
3014 3379 3322 3449 τελέσματα
3367 3379 3403 3451 ἢ
3445 3376 3766 3448 πρακτικὰῆ

2205 3477 2486 3546 στρατεῖαι
2526 3475 2559 3547 ἢ
2599 3474 2840 3545 δημόσια
2873 3476 2904 3544 ἢ
2941 3473 3179 3526 λίόελλοι
3280 3473 3479 3545 ἔτερόν
3511 3491 3563 3528 τι
3593 3471 3663 3543 τῷ
3698 3471 3769 3538 διε-

2208 3568 2380 3640 μοσίῳ
2407 3567 2629 3640 ἀνῆκον,
2657 3568 2750 3621 καὶ
2780 3567 2840 3620 οὑ
2871 3569 3064 3637 γέγονε
3091 3567 3151 3620 τὸ
3181 3567 3597 3639 λελογισμένον,
3623 3566 3653 3638 ή
3677 3565 3772 3618 ἓτε-

2210 3664 2301 3736 ρόν
2343 3680 2397 3716 τι
2441 3663 2554 3734 ἔχει
2601 3660 2934 3733 ἐπιλήψιμον
2976 3662 3038 3712 τὸ
3084 3659 3404 3730 δικαίωμα,
3453 3659 3606 3714 οὐδέν
3643 3675 3688 3710 τι
3723 3657 3771 3708 ἐκ

2204 3754 2396 3810 τούτου
2446 3753 2776 3826 βλαϐήσεται
2826 3753 2896 3806 τὰ
2948 3755 3313 3823 μοναστήρια.
3362 3751 3435 3807 Τί
3480 3751 3538 3806 δὲ
3583 3749 3682 3822 χρὴ
3723 3746 3775 3801 τὰ

2207 3851 2378 3906 πολλὰ
2409 3851 2733 3917 καταλέγειν
2759 3849 2856 3903 καὶ
2883 3847 3342 3919 ἀπαριθμείσθαι,
3381 3847 3481 3900 καὶ
3513 3847 3667 3918 χάριν
3693 3860 3774 3896 πει·

2212 3944 2573 4016 ραδείγματος
2605 3939 3056 4014 ἀπογράφεσθαι;
3076 3939 3199 4011 ’Τὴν
3229 3938 3568 4008 πολυλογίαν
3593 3938 3622 4008 ή
3654 3934 3777 4008 βασι-

2207 4038 2327 4095 λεία
2363 4057 2465 4110 μου
2497 4039 2955 4110 ιιαρατρὲχουσα,
2989 4036 3076 4090 ἵνα
3111 4036 3184 4108 μή
3215 4052 3300 4098 τις
3327 4033 3445 4088 τῶν
3476 4035 3604 4102 περὶ
3633 4028 3777 4084 ταῦτα

2206 4133 2416 4199 δεινῶν,
2449 4131 2612 4187 τινῶν
2644 4131 2744 4203 μὲν
2773 4131 3206 4202 ἐκφωνηθέντων
3235 4129 3303 4183 ἐκ
3332 4129 3450 4183 τῶν
3480 4128 3549 4181 τὰ
3580 4125 3780 4196 ἀκίνητα

2209 4225 2606 4281 κατασειόντων
2649 4225 2874 4290 αἰτίων,
2919 4226 3082 4279 τινῶν
3125 4224 3185 4278 δὲ
3227 4221 3778 4294 παρασιωπηθέντωνν

2210 4320 2586 4392 έπιδράττοιτο
2621 4318 2729 4372 τῶν
2772 4319 3036 4390 ῥημάτων
3077 4317 3173 4372 καὶ
3211 4318 3356 4372 κατὰ
3401 4315 3688 4378 Ἰουδαίους
3719 4310 3780 4382 τῷ

2210 4412 2503 4482 γράμματι
2535 4409 2889 4481 έπικάθηται,
2920 4409 3016 4464 καὶ
3045 4410 3300 4480 ἐπιχειρῇ
3331 4408 3434 4462 ὲπὶ
3461 4409 3578 4472 τοῖς
3611 4405 3680 4476 μὴ
3707 4404 3782 4455 ἐκ·

531 4515 597 4568 Et
629 4513 791 4568 simul
820 4528 883 4567 ac
917 4514 1019 4569 hoc
1053 4513 1311 4581 cogitarit
1341 4513 1632 4584 quispiam,
1660 4512 1741 4568 vel
1776 4513 1975 4567 dixerit
2007 4529 2022 4567 :
2055 4513 2097 4568 id

2213 4503 2507 4575 φωνηθεῖσι
2551 4502 2814 4556 διασείειν
2859 4504 2955 4556 καὶ
3002 4500 3362 4574 παρενοχλεῖν
3407 4501 3535 4564 ταῖς
3583 4496 3779 4570 μοναῖςν

531 4625 747 4680 quoque
784 4611 965 4663 statim
1004 4609 1374 4680 apprehendet
1427 4609 1840 4673 monasterium,
1867 4617 1922 4660 ut
1953 4607 2111 4662 hodie

531 4720 560 4758 a
592 4718 709 4758 mea
736 4704 1086 4771 imperatoria
1115 4703 1446 4759 sublimitate
1471 4703 1756 4760 donatum.
1785 4701 1936 4770 Quod
1965 4702 2110 4755 enim

531 4797 598 4850 ad
639 4812 706 4852 ea
754 4795 969 4855 attinet,
1014 4810 1136 4866 quae
1175 4812 1318 4850 nunc
1359 4795 1639 4863 possident
1691 4795 2009 4860 immobilia,
2047 4795 2114 4850 de

533 4889 732 4959 quibus
804 4903 899 4956 pro
958 4887 1174 4957 publico
1231 4889 1555 4941 documenta
1617 4903 1724 4942 non
1787 4897 2117 4958 acceperunt

537 4982 897 5046 monasteria;
952 4980 1240 5048 imperium
1299 4996 1475 5033 meum
1523 4980 1636 5035 'vult
1687 4982 2117 5051 unumquodque

536 5091 722 5130 eorum
760 5090 857 5146 pro
905 5091 962 5129 rc
1013 5073 1180 5130 liscnli
1237 5072 1446 5138 haberi,
1499 5074 1552 5127 in
1601 5074 1703 5129 hoc
1753 5074 2114 5140 solummodo,

536 5171 684 5244 quod
721 5173 974 5225 atteutzn-i
1026 5180 1279 5241 nequeat,
1315 5185 1463 5224 neca
1495 5186 1768 5241 quoquam
1807 5171 1858 5223 in
1887 5181 2115 5225 contro-

541 5263 774 5318 versiam
813 5262 1018 5315 vocari.
1053 5261 1117 5314 Et
1153 5261 1612 5331 quemadmodum
1642 5262 1864 5331 publico
1903 5262 2045 5315 nulla
2090 5279 2119 5317 a

541 5373 601 5412 se
650 5358 895 5410 molestia
924 5357 1266 5426 negotiumve
1307 5356 1620 5420 exhibetur,
1671 5357 1750 5410 sic
1783 5371 1883 5412 nec
1918 5354 2118 5430 [sacra]

544 5451 871 5516 silentiaria,
930 5465 1032 5504 nec
1077 5451 1431 5515 monasteria,
1490 5465 1590 5504 nec
1644 5453 1847 5522 reliqua
1904 5453 1971 5506 ab
2017 5452 2124 5505 ullo

545 5545 744 5616 publici
774 5553 1023 5598 Curatore
1047 5537 1235 5598 litibus
1267 5542 1659 5614 agitabuntur,‘
1691 5543 1804 5598 sive
1850 5531 1970 5614 quis
1999 5559 2124 5614 pro-

548 5637 810 5703 babilem,
837 5636 953 5692 sive
990 5652 1091 5690 non
1132 5636 1464 5705 probabilem
1510 5651 1728 5690 causam
1775 5636 1985 5704 afferat,
2014 5638 2128 5692 sive

548 5729 1067 5801 cujusmodicuuque
1115 5729 1208 5795 sit,
1241 5730 1381 5798 quod
1407 5728 1676 5798 loquetur.
1706 5729 1962 5798 Quisquis
1985 5732 2126 5785 enim

551 5811 657 5880 hoc
685 5821 866 5880 facere
894 5813 1181 5895 aggressus
1212 5821 1398 5889 fuerit,
1437 5823 1669 5878 invalida
1718 5833 1768 5878 et
1815 5838 2007 5878 revera
2043 5824 2127 5878 iu-

2219 4595 2495 4667 καθολικῷ
2520 4596 2664 4666 λόγῳ
2691 4596 2786 4649 καὶ
2813 4594 3154 4665 περιεκτικῴ
3179 4594 3341 4648 τοῦτο
3366 4594 3401 4665 ἡ
3436 4591 3675 4665 βασιλεία
3700 4603 3781 4660 μου

2223 4690 2470 4761 βούλεταί
2497 4708 2555 4746 τε
2587 4690 2683 4744 καὶ
2710 4689 3025 4762 διορίζεται,
3052 4687 3128 4753 ὡς
3159 4688 3222 4742 ἂν
3250 4688 3384 4755 πᾶν,
3413 4689 3556 4758 ὅπερ
3580 4685 3668 4740 ἐπὶ
3689 4681 3784 4744 τοῖς

2223 4789 2462 4858 σήμερον
2493 4785 2644 4858 παρὰ
2673 4785 2783 4838 τῶν
2816 4783 3199 4856 μοναστηρίων
3230 4778 3625 4854 κατεχομένοις
3655 4779 3682 4848 ἢ
3715 4773 3786 4828 ἐπ’

2223 4884 2411 4945 αὑταῖς
2439 4882 2555 4942 ταῖς
2586 4879 2883 4951 καθέδραις
2913 4879 3022 4931 τῶν
3055 4878 3442 4947 μοναστηρίων
3474 4874 3636 4945 νοηθῇ
3669 4871 3786 4939 ὑπὲρ

2224 4979 2314 5032 τοῦ
2352 4977 2616 5048 δημοσίου
2652 4975 2808 5047 παρὰ
2840 4992 3018 5039 τινος,
3052 4973 3086 5045 ἢ
3121 4971 3216 5026 νῦν
3248 4973 3282 5042 ἢ
3317 4971 3611 5043 δτεδήποτε
3633 5011 3644 5033 ,
3679 4964 3790 5020 αὑτὸ

2224 5071 2382 5126 τοῦτο
2409 5070 2784 5141 δεδωρημένον
2813 5069 3125 5139 λογίζεσθαι
3152 5070 3218 5140 τῇ
3254 5069 3391 5138 μονῇ
3416 5083 3431 5097 ο
3463 5065 3560 5120 καὶ
3589 5062 3697 5134 ἃμα
3720 5075 3790 5122 τις

2228 5164 2382 5217 τοῦτο
2412 5164 2757 5235 διανοήσεταί
2783 5180 2844 5217 τε
2874 5164 2968 5217 καὶ
3000 5160 3318 5232 φθέγξεται,
3349 5160 3450 5212 καὶ⁵
3479 5157 3637 5220 εὐθὺς
3666 5158 3794 5209 dm-

2227 5259 2459 5329 λήψεται
2499 5254 2664 5310 αὐτοῦ
2711 5257 2745 5327 ή
2799 5253 2964 5327 μονὴ,
3008 5253 3084 5318 ὡς
3137 5253 3378 5323 σήμερον
3427 5247 3786 5321 δεδωρημένου

2229 5350 2403 5424 ταύτῃ
2445 5349 2594 5420 παρὰ
2634 5349 2733 5418 τῆς
2778 5347 3060 5417 βασιλείας
3107 5361 3232 5416 μου.
3260 5341 3430 5399 ’Ὅσον
3474 5343 3582 5410 γὰρ
3627 5335 3700 5407 ἐφ’
3727 5331 3795 5395 οῖς

2231 5445 2522 5517 κατέχουσι
2558 5444 2650 5497 νῦν
2689 5444 3004 5514 ἀκινήτοις,
3042 5440 3174 5510 περὶ
3206 5432 3280 5491 ὧν
3316 5437 3640 5505 διαγνώσεις
3674 5430 3792 5500 ὑπὲρ

2231 5544 2326 5594 τοῦ
2359 5539 2621 5611 δημοσίου
2654 5537 2754 5591 οὐκ
2783 5535 2976 5590 ἔλαϐον
3007 5536 3075 5589 τὰ
3110 5533 3511 5605 προγραφέντα
3547 5527 3796 5601 μοναστή-

2238 5651 2348 5705 ρια,
2378 5632 2634 5702 δημόσιον
2663 5630 2913 5701 βούλεται
2943 5631 2976 5698 ἡ
3007 5627 3256 5698 βασιλεία
3287 5643 3386 5697 μου
3417 5621 3721 5692 λογίζεσθαι
3748 5616 3797 5668 ἓν

2236 5727 2464 5779 ’ἑκαστον
2494 5724 2698 5779 τούτων
2731 5723 2876 5776 κατὰ
2914 5722 3076 5793 μόνον
3108 5720 3169 5774 τὸ
3203 5721 3344 5790 ἔχειν
3381 5719 3444 5771 τὸ
3481 5717 3800 5771 ἁδιὰσειστον

2240 5823 2332 5876 καὶ
2375 5820 2451 5891 μὴ
2489 5819 2582 5873 ὑπ’
2604 5819 2816 5883 οὐδενὸς
2856 5814 3268 5887 ἀνακρίνεσθαι.
3313 5812 3425 5868 Καὶ
3463 5810 3522 5865 ὃν
3560 5809 3745 5876 τρόπον
3779 5802 3800 5856 ὁ
