3932 6190
245 422 336 492 ’Νι
1339 415 1701 476 Ν(ὶΧἘ[ὶ.·Ἐ
1744 414 1819 474 CC

1925 414 2428 476 lTITUTIONES.
3377 418 3489 480 ’ΜΕ

244 547 412 596 στάσει
472 537 859 609 προσιι)χθήκει
913 537 944 606 ἡ
995 534 1248 606 βασιλεία
1294 551 1396 603 μου
1442 532 1796 604 (σπούδασμα

1925 537 2106 587 lautia
2171 534 2394 587 multum
2453 530 2655 586 oliensa
2730 541 2833 588 est.
2882 533 3089 604 Quippe
3139 533 3491 604 deprehendit

243 643 340 701 γαρ
382 627 566 690 αὐτοῖς
617 624 982 695 κατεφώρασε
1016 621 1278 684 πολλάκις
1323 620 1475 692 ὥρας
1523 620 1800 690 ὑποσολᾷν

242 725 328 778 καὶ
354 719 766 788 σεσοφισμένοις
793 719 1128 786 φυγοδικεῖν,
1157 709 1238 779 οἷς
1268 718 1366 778 τὰς
1400 715 1570 776 αὑτάς
1596 713 1799 766 πολλά-

245 833 324 877 κις
347 812 726 880 ,δικαιολογίας
761 807 1132 863 ἀνακνδκλοῦσι
1155 850 1168 869 ,
1224 807 1320 859 καὶ
1353 807 1462 859 τῶν
1518 808 1803 876 προτέρων

178 971 182 974 ,
237 906 714 967 ’δυσαποσπάστως
745 902 1099 974 ἐξερχόμενοι
1143 901 1480 972 προκόπτειν
1525 901 1625 951 οὐκ
1673 898 1804 950 ἐῶσι

242 1004 299 1056 τὸ
327 1000 734 1072 δικαστήριον),
770 996 1072 1070 διορίζεται
1117 996 1256 1068 μετὰ
1287 996 1550 1064 συστολῆς
1579 996 1805 1064 ἱσταμέ-

237 1116 357 1160 νους
384 1097 512 1160 τοὺς
542 1094 879 1165 συνηγόρους
912 1093 987 1157 ὼς
1009 1093 1069 1144 τὸ
1091 1093 1224 1162 πρὶν
1249 1089 1591 1155 δικάζεσθαι,
1608 1091 1703 1142 καὶ
1728 1089 1804 1160 μὴ

239 1187 610 1260 ωγκαθῆσθαι
645 1191 759 1252 τοῖς
787 1187 1076 1248 δικασταῖς
1112 1186 1170 1238 ὲν
1215 1183 1292 1254 τῷ
1323 1183 1674 1246 δικάζεσθαι,
1710 1181 1805 1235 καὶ

239 1285 311 1356 μὴ
333 1283 470 1338 κατὰ
496 1283 696 1338 ταύτὸν
722 1284 833 1345 τοῖς
869 1282 1053 1351 λόγοις
1079 1283 1278 1353 χωρεῖν
1311 1281 1427 1350 (ἀφ’
1469 1274 1542 1334 ὧν
1580 1283 1800 1350 συγχεῖ-

237 1393 322 1430 ται
369 1376 472 1447 μὲν
524 1378 557 1448 ἡ
619 1375 906 1447 ἀκρόασις,
944 1374 1270 1445 ἐκκρούεται
1299 1375 1353 1427 δὲ
1395 1375 1628 1426 καὶτῶν
1657 1373 1799 1425 δίκαι

241 1467 375 1521 στῶν
425 1469 461 1539 ἡ
508 1467 746 1540 ἀκριϐὴς
799 1468 894 1521 καί
943 1465 1396 1537 συντετηρημένη
1451 1463 1800 1533 διάγνωσις)ο

239 1560 369 1614 ἀλλὰ
399 1559 630 1631 θατέρου
679 1559 882 1632 μέρους
913 1560 1352 1630 ἐφησυχάζοντος
1403 1559 1524 1628 μετ’
1555 1558 1806 1623 εὐταξίας

240 1653 346 1711 καὶ,
370 1652 767 1714 καταστάσεως
817 1653 886 1706 τὰ
917 1654 1096 1706 οἰκεῖα
1131 1652 1318 1705 δίκαια
1368 1652 1677 1722 προτείνειν
1715 1652 1808 1703 τὸν

241 1744 654 1816 προλογίζοντα,
695 1741 818 1800 εἶτα
841 1745 932 1799 τὸν
963 1745 1065 1817 μὲν
1118 1746 1372 1816 ἠρεμεῖν,
1421 1745 1810 1798 ὰντιδικαιολοο

235 1837 444 1906 γεῖσθαι
513 1838 570 1892 δὲ
625 1839 764 1910 μετά
796 1839 896 1902 τῆς
925 1840 1048 1910 ῖσης
1077 1839 1260 1900 ἁδείας
1310 1838 1402 1891 τὸν
1447 1837 1670 1908 ἕτερον·
1713 1837 1808 1891 καὶ

237 1922 373 1978 οὕτω
411 1925 594 1995 λέγειν
644 1927 773 1992 τοὺς
822 1927 1088 1991 δικαστὰς
1134 1926 1169 1982 ἃ
1213 1927 1661 1997 διαγινώσκουσι.
1689 1928 1806 1982 Κᾶν

234 2017 280 2071 σί
327 2020 457 2090 μιᾶς
521 2018 751 2093 γνώμης
786 2021 1032 2084 ἅπαντες
1062 2021 1329 2089 γένοιντο,
1383 2023 1474 2075 ἐπὶ
1503 2023 1573 2076 τά
1617 2025 1808 2094 πρόσω

231 2111 425 2180 χωρεῖν
450 2112 580 2176 τοὺς
607 2112 1000 2183 δικαζομένους
1020 2131 1034 2144 ·
1070 2116 1118 2168 εί
1149 2114 1205 2167 δὲ
1237 2115 1645 2183 διαφωνήσουσι
1672 2116 1808 2184 πρὸς

231 2202 514 2274 ἀλλήλους,
569 2206 702 2269 τοὺς
762 2206 861 2276 μὲν
899 2206 1340 2276 συνηγοροῦντας
1394 2209 1488 2260 καὶ
1546 2208 1712 2261 πάλιν
1751 2211 1810 2261 ἐν

231 2295 442 2370 ἠρεμία
513 2299 723 2370 μένειν,
793 2301 920 2364 τοὺς
973 2300 1030 2354 δὲ
1080 2300 1345 2364 δικαστὰς
1408 2300 1532 2354 καθ’
1589 2302 1812 2366 ἑαυτοὺς

234 2393 460 2444 σκοπεῖν
493 2392 553 2444 τὸ
592 2393 940 2464 ἀμφήριστον
976 2393 1069 2446 καὶ
1098 2392 1220 2463 δίχα
1247 2397 1345 2466 τῆς
1375 2391 1596 2448 οίασοῦν
1645 2413 1816 2466 προσ-

227 2481 463 2547 παθείας
491 2483 573 2546 είς
607 2483 668 2537 ἓν
695 2484 1061 2556 συνέρχεσθαι
1109 2486 1324 2550 πάντας
1374 2489 1471 2541 καὶ
1515 2488 1817 2558 ἀποφαίνε-

226 2573 354 2628 σθαι
383 2576 448 2628 τὸ
483 2577 614 2646 παρ’
653 2575 838 2628 αὐτῶν
870 2577 1397 2649 διαγινωσκόμενον.
1448 2581 1509 2634 El
1541 2581 1598 2634 δέ
1630 2598 1694 2646 γε
1739 2580 1814 2652 μὴ

224 2667 760 2738 ὁμογνωμονὴσουσι
810 2666 1039 2731 πάντες,
1088 2666 1226 2720 ἀλλά
1272 2687 1420 2734 τινες
1477 2671 1816 2741 διαφωνοῦσι

229 2759 342 2823 τοῖς
372 2759 628 2814 πλείοσιν
658 2760 687 2824 ἢ
714 2760 1026 2824 ὲξισοῦνται
1058 2761 1106 2813 οἱ
1137 2759 1566 2831 διαφωνοῦντες,
1589 2763 1816 2818 ἐκείνων

226 2851 330 2904 τῶν
349 2851 560 2925 ψήφων
584 2854 1005 2924 προκρίνεσθαι,
1026 2851 1108 2920 οἷς
1137 2857 1235 2911 καὶ
1264 2859 1290 2911 ὁ
1322 2853 1418 2910 τοῦ
1451 2856 1814 2929 δικαστηρίου

229 2946 519 3017 προεστὼς
569 2951 876 3018 συμφωνεῖ.
925 2950 986 3003 Ol
1027 2950 1084 3004 δὲ
1149 2951 1225 3023 μὴ
1296 2943 1639 3022 στοιχοῦντες
1703 2953 1817 3015 τοῖς

232 3039 361 3110 παρ’
392 3041 563 3112 ἡμῶν
619 3043 1074 3114 διατεταγμένοις
1115 3048 1245 3117 περὶ
1302 3046 1509 3112 αὐτῶν,
1563 3047 1700 3101 ἀλλά
1747 3047 1818 3102 τὰ

232 3129 368 3183 αὐτὸ.
411 3131 951 3204 δικαιολογούμενοι,
1009 3138 1104 3190 καὶ
1166 3139 1241 3208 μὴ
1290 3139 1661 3210 παραδεκτέοι
1718 3140 1819 3210 μὲν

1912 626 2108 695 saepius
2135 625 2240 680 illis
2273 625 2377 679 hoc
2415 637 2536 679 esse
2580 626 2776 691 studio,
2813 635 2870 678 ut
2907 626 3068 681 horas
3099 627 3252 695 quasi
3283 629 3490 695 deprae-

1913 719 2134 786 dentur,
2167 727 2218 773 et
2260 718 2440 775 furate
2472 719 2911 787 tergiverscntur.
2950 720 3075 773 dum
3111 720 3325 774 easdem
3360 719 3491 773 alle-

1915 813 2162 878 gationes
2216 811 2490 866 multoties
2552 819 2819 880 repetunt.
2879 810 2944 864 Et
2998 811 3253 880 quoniam
3311 823 3491 866 certus

1914 918 2100 956 eorum
2133 919 2389 958 numerus
2424 919 2542 958 esse
2574 904 2730 956 debet
2765 904 2816 956 in
2844 903 3048 970 judicio
3085 903 3325 974 quolibet
3354 905 3488 973 ejus,

1916 995 2010 1064 qui
2061 995 2148 1063 jus
2183 994 2312 1064 ipsis
2343 995 2510 1059 dicit,
2552 995 2617 1049 ad
2651 1011 2771 1048 eum
2807 997 3117 1050 necessario
3149 997 3487 1051 convenient.

1915 1087 1983 1138 At
2039 1085 2086 1141 si
2146 1085 2397 1142 fortassis
2457 1089 2524 1142 ob
2581 1088 2815 1157 aliquam
2866 1104 3080 1142 causam
3135 1088 3185 1142 id
3229 1088 3493 1155 judicium

1915 1187 2089 1245 vacet,
2133 1180 2270 1249 apud
2319 1180 2422 1234 alia
2453 1179 2657 1248 judicia
2708 1181 2882 1235 civilia
2927 1198 3122 1235 munus
3159 1198 3313 1235 suum
3360 1181 3493 1234 citra

1915 1271 2233 1342 enjusquam
2299 1273 2742 1342 impedimentum
2795 1273 3109 1342 implebunt.
3155 1273 3290 1327 lline
3349 1275 3492 1328 enim

1915 1363 2179 1418 auditioui
2227 1364 2380 1419 favor
2429 1366 2678 1433 additur;
2727 1380 2904 1420 οςιυεω
2951 1381 3083 1420 vero
3121 1366 3358 1436 cognitio
3415 1381 3500 1420 ac-

1916 1464 2104 1512 curate
2159 1457 2498 1514 observatur.
2571 1455 2669 1513 Ubi
2722 1467 2900 1514 autem
2964 1457 3130 1512 altera
3192 1474 3319 1526 pars
3377 1473 3494 1512 cum

1916 1549 2113 1605 decore
2199 1550 2508 1617 consentit,
2575 1553 2962 1621 praeopinantis
3036 1555 3315 1625 privilegia
3400 1571 3497 1610 ex-

1919 1644 2255 1712 tenduntur;
2319 1644 2443 1700 dein
2502 1661 2611 1701 nuo
2667 1655 2901 1713 tacente,
2946 1646 3082 1702 alter
3114 1646 3261 1703 litem
3312 1662 3498 1718 perse-

1916 1734 2104 1801 quitur
2160 1750 2266 1790 non
2331 1736 2511 1792 minus
2565 1735 2867 1807 intrepide;
2929 1748 3208 1806 postremo
3255 1737 3496 1808 iudicum

1918 1829 2183 1884 sententia
2238 1832 2701 1902 pronuntiabitur.
2755 1832 2858 1888 Ubi
2908 1848 3097 1909 omnes
3154 1832 3315 1887 unius
3372 1843 3503 1909 sunt

1911 1926 2214 1991 sententiae,
2267 1938 2453 1998 partes
2500 1927 2779 1998 litigantes
2819 1927 3034 1997 longius
3082 1906 3420 1997 procedunt;
3453 1906 3498 1978 si

1911 2027 2089 2072 autem
2140 2018 2192 2073 in
2240 2019 2488 2075 diversas
2547 2021 2747 2074 abeunt
2799 2022 3116 2088 sententias,
3165 2021 3412 2077 advocati
3447 2029 3506 2076 et

1913 2113 2013 2183 ipsi
2043 2114 2301 2182 silebant,
2342 2116 2468 2170 dum
2498 2115 2714 2186 judices
2752 2130 2838 2170 res
2875 2126 3258 2170 controversas
3291 2115 3501 2170 exami-

1914 2219 2047 2262 nant
2070 2250 2086 2272 ,
2129 2211 2302 2264 donec.
2329 2211 2467 2264 idem
2493 2210 2797 2265 sentientes
2823 2211 2874 2264 in
2899 2211 3144 2265 eamdem
3174 2207 3500 2265 sententiam

1916 2303 2176 2360 abierint.
2216 2303 2368 2370 Quod
2412 2305 2455 2361 si
2483 2319 2586 2359 non
2621 2319 2810 2360 omnes
2848 2303 3217 2369 consentiunt,
3248 2305 3339 2360 sed
3375 2319 3502 2374 pars

1916 2395 2092 2451 minor
2124 2397 2315 2462 majori
2362 2398 2675 2466 opponitur,
2717 2406 2808 2452 aut
2851 2412 3112 2454 numerus
3145 2396 3357 2452 diversa
3382 2396 3502 2466 opi-

1916 2491 2165 2544 nantium
2203 2491 2428 2556 aaqualis
2457 2491 2696 2555 exsistit,
2750 2507 2812 2545 ea
2841 2492 3110 2547 sententia
3153 2492 3343 2545 victrix
3374 2491 3501 2556 erit,

1918 2581 2004 2636 cui
2040 2595 2242 2648 praeses
2291 2582 2572 2638 coneionis
2621 2584 2960 2657 astipulatur.
3013 2584 3113 2651 Qui
3161 2594 3339 2637 autem
3391 2601 3500 2638 nou

1920 2677 2298 2731 assentiuntur
2332 2678 2396 2732 iis
2416 2693 2538 2748 quae
2568 2677 2633 2733 de
2665 2678 2797 2749 ipsis
2818 2679 3177 2746 decrevimus,
3211 2681 3303 2733 sed
3332 2680 3503 2748 priori

1922 2768 2531 2836 delensione‘utuntur,
2576 2787 2695 2842 qua:
2733 2772 3012 2842 iudicibus
3066 2774 3423 2839 displicuerit,
3451 2780 3507 2826 et

1921 2863 2114 2919 eadem
2178 2878 2411 2932 semper,
2478 2864 2639 2933 idque
2689 2864 2836 2918 nullo
2882 2866 3104 2935 pudore,
3169 2869 3218 2920 iu
3272 2868 3506 2921 medium

1921 2953 2207 3024 proferunt
2232 2964 2398 3024 atque
2423 2969 2484 3009 ea
2517 2964 2765 3023 repetunt
2805 2958 3054 3027 quaejam
3087 2968 3240 3011 antea
3270 2961 3505 3028 probare

1925 3049 2282 3118 nequiverant
2330 3052 2609 3119 (namque
2664 3063 2825 3105 voces
2877 3061 3069 3105 exacte
3131 3053 3510 3120 prouuntiatas

1923 3140 2228 3208 negligunt,
2263 3149 2320 3194 ut
2351 3139 2463 3210 ipse
2490 3147 2755 3209 expertus
2793 3140 2964 3211 sum),
3009 3142 3132 3208 quia
3160 3152 3343 3196 autem
3370 3140 3506 3197 deli-

229 3220 383 3287 ὄντες
432 3226 554 3289 τοῖς
583 3225 894 3291 δικασταῖς,
948 3229 1097 3298 ὅμως
1133 3228 1189 3282 δὲ
1233 3232 1346 3293 τοῖς
1396 3230 1581 3295 αὐτοῖς
1623 3234 1819 3305 ἀνερυς

1926 3234 2161 3288 nitiones
2207 3243 2421 3287 nostras
2469 3234 2620 3302 parvi
2657 3232 2918 3297 pendunt,
2970 3248 3191 3288 causam
3242 3235 3389 3304 iuste
3418 3235 3511 3290 dc-

228 3315 514 3387 θριάστως
568 3320 951 3391 ἐπιμένοντες,
1012 3323 1244 3377 κάκεῖνα
1295 3323 1571 3392 λέγοντες,
1629 3325 1665 3381 ἃ
1719 3330 1818 3380 καὶ

227 3411 905 3484 προδικαιολογησάμενοι
945 3416 1394 3490 ἀπεπέμφθησαν
1429 3420 1569 3489 (ἔστι
1602 3422 1701 3490 μὲν
1729 3423 1814 3475 ὅτε

226 3503 329 3561 καὶ
376 3505 686 3575 αὐτολεξεὶ,
720 3509 808 3561 ὅτε
835 3510 1010 3564 δὲκαὶ
1035 3511 1131 3574 τὰς
1158 3510 1334 3576 λέξεις
1372 3512 1512 3584 πρὸς
1542 3514 1603 3567 τὺ
1633 3513 1818 3570 λαθεῖν

226 3597 714 3667 ὑπαλλάσσοντες,
743 3605 903 3657 ὁποῖα
936 3606 1158 3675 καὶτῆς
1191 3606 1472 3677 βασιλείας
1521 3626 1626 3678 μου
1667 3610 1822 3665 δικα-

229 3691 444 3765 ζούσης
509 3695 819 3768 γεγόνασι),
891 3699 986 3752 καὶ
1038 3698 1134 3752 τὸν
1201 3700 1475 3771 ἡμέτερον
1540 3702 1820 3772 διορισμὸν

227 3789 681 3861 παραϐαίνοντες
762 3791 855 3846 τοῦ
935 3797 1262 3866 συνηγορεῖν
1347 3793 1762 3864 κωλυθήσονται
1803 3813 1816 3829 ·

229 3881 459 3948 πάντως
502 3884 610 3958 γὰρ
637 3887 947 3942 ἀδικεῖσθαι
981 3888 1223 3959 οἰόμενοι
1259 3889 1352 3942 ἐπὶ
1384 3888 1482 3960 τὴν
1530 3891 1594 3941 ὲκ
1637 3890 1821 3961 νόμων

229 3977 799 4052 ἀποτεταμιευμένην
838 3981 1052 4046 τούτοις
1087 3982 1190 4052 τῆς
1236 3983 1508 4053 ἐκκλήτου
1566 3983 1823 4054 βοήθειαν

233 4072 592 4140 καταφυγεῖν
643 4071 876 4142 ὤφελον.
927 4075 1175 4146 Μελήσει
1212 4077 1271 4130 δὲ
1320 4078 1538 4141 πάντως
1581 4080 1672 4132 καὶ
1711 4081 1824 4143 τοῖς

232 4159 572 4226 δικάζουσιν
611 4165 978 4238 ὲμμερίμνως
1027 4167 1128 4230 τὰς
1183 4167 1504 4236 διαγνώσεις
1551 4171 1825 4226 ποιεῖσθαι

235 4253 334 4308 καὶ
388 4257 497 4320 τὰς
549 4259 880 4330 ἀποφάσεις,
929 4262 1134 4316 εἰδόσιν
1178 4263 1261 4317 ὅτι
1314 4263 1554 4333 μεγάλαι
1605 4264 1825 4335 ζημίαι,

233 4348 514 4415 πολλάκις
539 4352 597 4405 δὲ
628 4356 722 4407 καὶ
756 4357 1028 4425 σωμάτων
1072 4355 1535 4430 ἀκρωτηριασμοὶ
1567 4361 1688 4422 ταῖς
1727 4362 1829 4414 αύ-

233 4443 346 4498 τῶν
382 4445 739 4514 ἀποφάσεσιν
790 4448 1283 4506 ἐπακολουθοῦσιν.
1323 4451 1442 4505 Ἵνα
1475 4451 1570 4505 οὖν
1610 4452 1684 4524 μὴ
1732 4452 1826 4506 τοῦ

234 4537 434 4593 λοιποῦ
491 4540 785 4612 ἀπέραντα
815 4541 900 4611 εἴη
933 4542 1004 4594 τά
1042 4542 1417 4614 δικαστήρια,
1470 4545 1564 4597 τλν
1616 4545 1673 4598 ἐν
1717 4546 1833 4598 δια-

1928 3323 2182 3380 fendendi
2225 3325 2486 3380 facultate
2521 3327 2829 3393 privamur.
2869 3324 2983 3381 llue
3032 3329 3240 3383 accedit
3280 3328 3423 3396 quod
3452 3345 3513 3385 se

1922 3419 2080 3487 plane
2101 3417 2337 3473 olleusos
2357 3419 2689 3474 arbitrantes
2714 3420 2780 3473 ad
2811 3420 3066 3473 auxilium
3098 3421 3240 3491 quod
3274 3424 3513 3479 tribunal

1919 3512 2081 3569 oﬂ'ert
2113 3514 2414 3583 confugere
2465 3513 2642 3567 satius
2668 3517 2966 3567 duxerunt.
3009 3514 3169 3568 Cordi
3203 3516 3305 3569 erit
3337 3517 3516 3570 omni-

1922 3607 2026 3663 bus
2054 3609 2146 3673 qui
2198 3608 2286 3677 jus
2327 3609 2536 3670 (licunt,
2575 3616 2632 3660 ut
2661 3606 2874 3660 decreta
2908 3619 2962 3660 et
3000 3609 3283 3664 sentcntiae
3315 3611 3380 3664 ad
3413 3627 3513 3665 un-

1921 3719 2078 3773 guem
2111 3704 2431 3767 reddantur,
2459 3702 2623 3773 probe
2652 3701 2885 3756 scientes
2909 3704 3049 3772 quod
3083 3720 3255 3772 prima)
3282 3708 3512 3768 acerbae.

1925 3797 2033 3851 imo
2086 3795 2334 3865 corporis
2369 3794 2742 3848 mutilationes
2787 3795 2931 3863 ipsas
2979 3798 3278 3851 sententias
3319 3798 3516 3853 subsc-

1926 3897 2190 3957 quuntttr.
2215 3885 2292 3942 Ne
2315 3887 2479 3956 igitur
2509 3886 2559 3940 iu
2583 3896 2861 3958 posterum
2883 3897 3033 3943 actus
3059 3888 3279 3958 iuridici
3315 3890 3514 3947 infiniti

1925 3980 2057 4043 sint,
2089 3981 2258 4052 legem
2294 3979 2346 4033 in
2372 3979 2728 4035 Basilicarum
2760 3981 3042 4036 codicibus
3074 3983 3333 4052 scriptam
3360 3985 3505 4039 rcfo-

1928 4076 2192 4138 cillamus,
2229 4083 2283 4129 et
2323 4073 2477 4143 quasi
2531 4090 2560 4129 e
2615 4075 2842 4129 mortuis
2905 4076 3312 4144 resuscitamus,
3344 4088 3396 4132 et
3434 4094 3520 4133 sc-

1927 4170 2163 4227 cundum
2223 4167 2392 4238 ipsam
2448 4167 2675 4221 crimina
2735 4177 2895 4236 atque
2943 4171 3336 4235 accusationes,
3398 4186 3519 4239 quin

1929 4266 2070 4322 intra
2106 4265 2387 4321 biennium
2432 4263 2637 4319 absolvi
2671 4270 2922 4334 possunt,
2967 4263 3293 4330 definimus;
3326 4279 3518 4319 causas

1929 4375 2084 4425 vero,
2113 4373 2232 4430 quae
2262 4358 2402 4412 circa
2438 4357 2720 4426 pecuniam
2749 4365 2895 4421 sunt,
2933 4355 3070 4409 intra
3114 4355 3401 4410 triennium
3432 4371 3522 4411 re-

1932 4454 2215 4520 legamus;
2285 4452 2386 4507 hoc
2464 4449 2604 4505 enim
2676 4449 2932 4518 temporis
3001 4448 3236 4517 spatium
3299 4445 3519 4512 sullicit,

1938 4547 2150 4601 etiamsi
2181 4546 2426 4614 (ιιιῖειίυηι
2483 4542 2811 4612 hyputbescs
2835 4554 2898 4594 ac
2930 4539 3263 4610 problemata
3301 4529 3523 4608 propter

238 4633 435 4703 φόροις
501 4610 732 4705 βιϐλίοις
783 4635 894 4689 τῶν
943 4610 1819 4709 ΒασιλικῶνἾὲγκατεστρωμένοκ.

1935 4641 2321 4695 obscuritatem
2356 4637 2681 4705 peculiarem
2721 4636 2899 4688 minus
2940 4634 3115 4688 facilia
3167 4632 3343 4688 solulu
3387 4634 3518 4687 sint.

237 4725 725 4799 ἀναζωπυροῦμεν
761 4728 950 4796 νόμον,
995 4731 1092 4784 καὶ
1138 4731 1551 4800 νενεκρωμένον
1595 4724 1707 4783 οἷον
1756 4733 1831 4784 εί-

240 4823 364 4874 πειν
423 4823 519 4873 καὶ
547 4821 751 4893 ἀγρίαν
799 4822 1041 4890 παντελῆ
1086 4822 1571 4893 κατεψηφισμένον
1601 4825 1833 4879 ἁνιστῶ-

245 4931 373 4985 μεν,
403 4916 780 4988 διοριζόμενοι
811 4915 933 4970 κατ’
959 4917 1172 4971 ἐκεῖνον
1214 4918 1284 4970 τὰ.
1316 4915 1416 4988 μὲν
1447 4919 1834 4988 ὲγκληματικὰ

243 5010 356 5065 τῶν
401 5011 784 5081 δικαστηρίοιν
823 5012 978 5076 ἐντὸς
1013 5012 1220 5077 διετίας
1273 5012 1672 5082 περατοῦσθαι,
1723 5015 1837 5078 τοῖς

241 5102 299 5156 δὲ
324 5106 706 5176 χρηματικοῖς
740 5105 831 5158 τὸν
859 5106 954 5175 τῆς
977 5105 1220 5175 τριετίας
1250 5106 1443 5176 χρόνον
1465 5105 1832 5173 ἐξαπλοῦμεν·

246 5200 535 5271 αὔταρκες
588 5199 698 5267 γάρ
753 5199 937 5261 αὐτοῖς
980 5200 1042 5251 τὸ
1092 5199 1352 5252 τοσοῦτον
1398 5199 1680 5272 διάστημα
1740 5197 1835 5252 τοῦ

247 5291 479 5364 καιροῦ,
524 5292 628 5346 κᾶν
677 5292 730 5345 εί
786 5292 882 5344 καὶ
910 5291 1040 5354 ἴσως
1068 5291 1210 5356 τινὲς
1258 5292 1544 5356 ὑποθέσεις
1600 5293 1736 5346 πολὺ
1775 5293 1836 5345 τὸ

248 5385 474 5457 γρυφδν
500 5384 724 5457 ἔχουσαι
752 5387 843 5437 καί
868 5384 926 5437 τὸ
951 5385 1212 5455 δυσχερὲς
1249 5386 1590 5452 εὑρίσκοιντο
1621 5387 1714 5440 καὶ
1742 5387 1838 5457 τὴν

249 5478 411 5532 λύσιν
438 5478 545 5531 οὐκ
577 5478 839 5548 εὐμαρῶς
891 5477 1361 5548 παραδεχόςιεναι.
1393 5479 1455 5532 Ei
1486 5477 1542 5532 δὲ
1578 5478 1707 5547 παρ’
1757 5481 1839 5532 αί-

247 5573 371 5626 τίαν
394 5571 502 5624 τοῦ
534 5573 824 5640 ἐνάγοντος
850 5574 880 5641 ἡ
919 5573 1232 5644 προθεσμία
1262 5573 1738 5642 ἐκμετρηθήσεται
1765 5571 1839 5644 μὴ

249 5663 568 5736 λελυμένης
597 5666 693 5735 τῆς
722 5665 1064 5728 ὑποθέσεως,
1103 5665 1439 5719 ἁπεντεῦθεν
1473 5665 1626 5717 ἔσται
1673 5682 1842 5718 κατα-

249 5759 677 5829 δεδικασμένος,
713 5758 1218 5829 προσκαταϐάλλων
1260 5759 1337 5828 τῷ
1391 5759 1706 5828 ὲναγομένῳ
1747 5761 1841 5809 καὶ

257 5848 322 5903 τὰ
353 5849 756 5920 δαπανήματα.
787 5851 849 5902 Εἰ
880 5850 932 5904 δὲ
966 5849 1060 5903 τοῦ
1088 5850 1370 5919 ἐνάγοντος
1419 5848 1842 5918 ἐπαγρυπνοῦν-

249 5956 345 6003 τος
381 5941 484 5996 καὶ
525 5940 944 6005 ἐπισπεύδοντος
975 5942 1009 6012 ἡ
1034 5941 1342 6014 δυστροπία
1380 5941 1473 5995 τοῦ
1505 5939 1836 6011 ἐναγομένου

1940 4735 1996 4788 Si
2046 4743 2224 4787 autem
2259 4741 2449 4786 contra
2507 4745 2654 4798 spem
2695 4727 3003 4782 accusantis
3036 4727 3148 4780 dies
3193 4725 3526 4796 praestitutus

1943 4825 2203 4894 prteterit,
2240 4821 2369 4893 quin
2407 4822 2470 4876 lis
2499 4819 2809 4884 dirimatur,
2846 4829 2956 4871 tum
2988 4829 3275 4872 accusatus
3303 4818 3527 4870 damna-

1939 4919 2085 4975 bitur
2113 4919 2178 4972 ad
2225 4927 2479 4986 sumptus
2526 4914 2836 4969 solvendus.
2869 4910 2924 4965 Si
2956 4923 3135 4966 autem
3189 4909 3525 4965 accusatoris

1938 5010 2232 5081 pertinacia
2289 5011 2481 5062 nimias
2535 5025 2624 5061 reo
2676 5007 2986 5061 vexationes
3019 5022 3122 5060 non
3166 5005 3284 5059 sine
3330 5019 3520 5072 magna

1943 5105 2199 5170 temporis
2247 5103 2456 5173 jactura
2511 5102 2726 5171 inﬂigit,
2783 5101 2907 5154 inde
2944 5097 3323 5153 etmdemnatio
3361 5107 3408 5149 et
3441 5111 3528 5150 res

1942 5197 2252 5269 repetundm
2281 5196 2461 5250 locum
2495 5195 2794 5258 habebunt,
2827 5211 2889 5249 ac
2920 5210 3062 5257 reus,
3106 5193 3305 5246 nullius
3346 5189 3527 5244 auxilii

1941 5289 2233 5361 particeps,
2277 5286 2420 5342 nulla
2473 5287 2646 5357 gratia
2702 5285 2895 5353 dignus
2949 5284 3374 5338 cxistimabitur.
3413 5280 3530 5334 Sic

1941 5390 2130 5436 Contra
2157 5382 2366 5453 iudices
2409 5381 2715 5434 cunctando
2775 5395 3021 5448 magnam
3059 5377 3318 5446 temporis
3349 5376 3529 5442 jactu-

1944 5492 2057 5531 ram
2110 5487 2495 5547 provocarunt,
2557 5474 2870 5528 muneribus
2903 5473 3016 5526 Suis
3069 5472 3170 5525 rite
3219 5469 3506 5534 fungentes

1945 5572 2088 5626 illam
2113 5571 2399 5626 sanabunt.
2433 5568 2713 5635 Quomodo
2753 5569 2919 5632 enim,
2959 5568 3048 5636 qui
3082 5567 3145 5618 ad
3182 5562 3494 5634 jusinSuuti

1945 5662 2045 5716 bus
2099 5661 2391 5715 dicendum
2453 5658 2716 5714 destinati
2778 5667 2925 5722 sunt,
2987 5671 3211 5710 munere
3266 5655 3531 5708 attribute

1946 5769 2229 5824 perperam
2281 5750 2588 5821 fungentes,
2627 5763 2719 5806 aut
2749 5752 2883 5804 alios
2917 5750 3130 5826 iudices
3179 5749 3532 5803 conniventes

1945 5847 2278 5912 adhibendo,
2311 5847 2375 5899 ad
2409 5844 2621 5898 illorum
2678 5844 2965 5913 perniciem
3002 5859 3114 5896 rem
3150 5854 3336 5912 gerere
3385 5848 3533 5891 sata-

1949 5939 2114 6011 gunt?
2147 5940 2251 5996 Sed
2295 5954 2417 5993 cum
2461 5938 2685 6007 quodvis
2733 5937 2970 5992 tribunal
3000 5937 3298 6007 peculiares
3330 5933 3530 5984 habeat
