3932 6190
415 422 522 490 ’Πι

1646 395 2044 467 MANUELIS
2076 391 2414 460 COMNENI

3559 376 3672 446 7‘1!

415 549 474 592 et
524 534 788 608 dignitate
833 531 1166 604 conspicuis,
1211 527 1513 602 itidemque
1563 538 1685 578 cum
1739 516 1988 590 personis

2113 513 2310 584 [ωρῶν,
2343 506 2621 582 ὧν-ρἧες
2643 507 2736 562 καὶ
2773 506 3081 579 πρίγκιπες
3120 503 3376 576 ἄρχουσι,
3431 509 3668 572 μεταγοο

413 623 725 680 ριιθτιιίευηι
782 624 1061 694 regionum
1091 661 1106 686 ,
1157 618 1351 688 quibus
1405 631 1562 684 reges
1615 624 1669 665 et
1720 610 1989 680 principes

413 726 676 788 pmstrnt,
708 718 760 770 in
786 714 927 770 banc
956 714 1197 783 reginam
1228 711 1444 765 urbium
1478 703 1834 771 venientibus,
1871 718 1991 774 qua:

415 808 537 860 sine
559 803 846 874 potestatis
879 813 1076 859 nostra:
1099 801 1250 870 iussu
1280 799 1502 853 omnino
1533 796 1717 865 perﬁci
1764 810 1868 848 non
1902 808 1988 848 so-

417 901 528 954 lent
556 918 570 953 :
603 899 974 968 a-quissimum
1022 906 1181 958 erat,
1236 893 1576 963 maiestatem
1628 903 1842 960 quoque
1873 902 1993 940 iuo-

416 1004 585 1047 stram
611 992 903 1046 certiorem
932 991 1083 1044 reddi
1109 991 1171 1044 de
1203 989 1287 1052 iis,
1319 1003 1438 1056 quae
1461 987 1526 1039 de
1557 985 1655 1038 hac
1684 981 1991 1037 necessaria

417 1084 716 1152 quaestione
751 1083 961 1135 sancita
994 1097 1088 1151 per
1119 1081 1383 1152 synodum
1417 1086 1624 1142 essent,
1663 1091 1727 1130 ne
1759 1076 1991 1129 fortasse

421 1192 516 1247 per
538 1176 860 1229 oblivionem
889 1173 1108 1228 illicilus
1134 1173 1325 1242 aliquis
1352 1169 1655 1241 huiusmodi
1684 1176 1995 1223 contractus

418 1270 700 1338 sacrisque
733 1269 1034 1323 canonibus
1064 1277 1121 1322 et
1152 1268 1327 1338 legum
1369 1265 1561 1320 edictis
1592 1264 1734 1317 haud
1769 1277 1994 1330 respon-

419 1360 575 1424 dens,
608 1359 819 1412 accidat
851 1360 1011 1428 idque
1037 1357 1137 1412 hac
1169 1359 1285 1428 ipsa
1318 1357 1370 1410 in
1413 1356 1567 1421 urbe,
1597 1369 1716 1422 qua:
1751 1363 1806 1408 et
1838 1342 2021 1407 (πίε-⁸

422 1453 498 1508 ris
529 1451 780 1505 omnibus
810 1450 879 1505 ob
914 1450 1124 1520 imperii
1173 1451 1384 1504 mitram
1420 1463 1486 1504 ac
1520 1448 1766 1502 diadema
1810 1445 1997 1517 praesi-

421 1545 535 1606 det,
593 1551 647 1596 et
705 1542 913 1613 legibus
970 1537 1029 1594 in'
1080 1541 1391 1596 universum
1447 1540 1676 1609 regitur,
1731 1539 1996 1608 quasique

423 1649 708 1689 οοιιιιηιηιε
740 1634 1008 1702 quoddam
1047 1634 1358 1704 exemplum
1399 1641 1558 1686 recta:
1604 1630 1782 1703 legum
1813 1630 1998 1684 obser-

423 1728 656 1799 vationis
692 1727 958 1796 universis
988 1738 1072 1782 est
1101 1727 1395 1797 proposita.

2098 605 2274 674 μένων
2321 604 2643 675 προσώπων
2698 601 2795 654 ἐπὶ
2850 600 2950 670 τὴν
3000 597 3251 669 βασιλίδα
3289 593 3404 665 τῶν
3436 594 3671 658 πόλεων,

2101 696 2245 766 ἅπερ
2270 695 2372 748 οὐκ
2405 695 2546 761 ἄνευ
2567 695 2669 763 τῆς
2695 692 2791 747 τοῦ
2809 692 3082 763 ἡμετέρου
3101 690 3340 761 κράτους
3369 685 3678 750 κελεύσεως

2101 787 2478 841 συντελεῖσθαι
2508 787 2727 849 πάντως
2762 784 3096 853 πεφύκασιν,
3113 784 3173 836 ὲν
3190 782 3400 852 είδὴσει
3420 779 3674 849 γενέσθαι

2098 882 2196 936 καὶ
2226 882 2325 952 τὴν
2357 882 2515 951 ἡμῶν
2581 878 2862 950 βασιλείαν
2912 878 3024 931 τῶν
3066 875 3359 938 συνοδικῶς
3392 872 3677 944 κυρωθέν-

2097 990 2207 1026 των
2235 971 2500 1042 περὶτοῦ
2554 970 2806 1025 τοιούτου
2866 965 3171 1036 ἀναγκαίου
3235 965 3561 1034 ζητήματος
3609 956 3682 1032 ἣν

2098 1062 2464 1128 δικαιότατον,
2516 1063 2606 1116 ἵνα
2654 1062 2729 1134 μὴ
2779 1061 2923 1115 κατὰ
2977 1058 3151 1129 λήθην
3178 1057 3312 1120 ῑσως
3353 1054 3601 1125 ἀθεσμόν
3629 1070 3684 1105 τι

2098 1156 2341 1211 τοιοῦτον
2415 1156 2660 1226 συμὸαίη
2716 1154 3112 1222 συνάλλαγμα,
3177 1149 3276 1205 καὶ
3333 1151 3450 1211 τοῖς
3501 1147 3677 1218 ἱεροῖς

2102 1249 2299 1301 κανόσι
2329 1248 2425 1302 καὶ
2461 1249 2574 1311 τοῖς
2601 1249 2851 1317 νομικοῖς
2873 1242 3238 1297 ἀνακόλουθον
3282 1241 3688 1310 διατάγμασιν,

2099 1341 2158 1394 ὲν
2199 1340 2354 1394 πόλει
2378 1342 2472 1394 καὶ
2502 1338 2675 1393 ταῦτα
2701 1338 2896 1411 ταύτῃ,
2937 1337 3129 1391 πασῶν
3163 1337 3262 1406 μὲν
3282 1332 3690 1406 προκαθημένῃ

2101 1434 2180 1507 τῷ
2207 1434 2305 1505 τῆς
2331 1433 2505 1505 αὐτῆς
2534 1431 2973 1503 αὐτοκρατορίας
2995 1429 3274 1501 στέμματι
3291 1446 3350 1483 τε
3377 1431 3474 1482 καὶ
3495 1427 3690 1496 διαδή-

2105 1542 2262 1596 ματι,
2283 1525 2470 1597 νόμοις
2495 1524 2552 1578 δὲ
2574 1523 2714 1579 κατὰ
2739 1526 2848 1578 πᾶν
2871 1523 3237 1595 διεξαγομένῃ
3265 1519 3360 1576 καὶ
3391 1522 3473 1584 εἰς
3504 1519 3696 1575 κοινὸν

2053 1625 2061 1633 ”
2102 1619 2444 1693 προκειμένῃ
2475 1618 2576 1689 τῆς
2611 1615 2874 1688 εὐνομίας
2901 1615 3070 1670 πᾶσιν
3095 1614 3431 1684 ὑπόδειγμα.

497 1887 785 1959 Enimvero
815 1893 999 1941 nostra
1029 1900 1245 1956 quoque
1279 1885 1534 1954 maiestas
1557 1884 1870 1953 synodicum
1896 1884 1998 1937 hoc

2183 1865 2464 1934 Γοιγάρτοι
2517 1864 2611 1919 καὶ
2643 1863 2680 1936 ἦ
2723 1858 2974 1936 βασιλεία
3021 1861 3178 1936 ἡμῶν
3229 1859 3329 1935 τὴν
3395 1866 3689 1932 συνοδικὴν

426 1980 492 2034 de
530 1993 588 2033 re
613 1978 837 2048 quaesita
870 1993 1212 2048 responsum,
1253 1977 1336 2032 vel
1378 1979 1558 2032 verius
1599 1977 1868 2048 loquendo
1901 1975 2000 2030 de-

429 2071 895 2137 terminationem,
920 2069 1082 2126 veluti
1125 2073 1296 2127 sacris
1336 2072 1640 2126 canonibus
1681 2084 1812 2126 sane
1837 2084 1999 2140 quam

426 2167 834 2235 convenienter,
865 2176 920 2223 et
955 2167 1268 2238 apostolicis
1305 2168 1605 2238 expositam
1637 2164 1866 2235 legibus,
1903 2180 2002 2223 suo

428 2262 648 2318 decreto
673 2264 1014 2332 comprobat,
1049 2271 1102 2318 et
1131 2263 1183 2317 in
1220 2273 1498 2333 posterum
1545 2262 1752 2332 vigere,
1802 2269 2004 2315 ratam-

425 2369 532 2427 que
563 2370 784 2412 manere
804 2357 939 2413 citra
968 2357 1318 2412 mutationem
1347 2354 1579 2426 aliquam
1603 2357 1657 2410 in
1691 2363 2003 2424 perpetuum

427 2447 653 2514 statuit;
686 2448 930 2504 eamdem
965 2449 1017 2503 in
1047 2450 1363 2519 quastionis
1401 2448 1694 2519 proposita:
1733 2448 2008 2504 solutione

429 2540 754 2595 sementiam
781 2555 905 2595 cum
935 2541 1285 2597 sanctissimo
1311 2540 1530 2596 domino
1561 2554 1681 2595 meo
1706 2547 1759 2594 et
1792 2540 2010 2594 univer-

429 2632 530 2696 sali
571 2633 892 2702 patriarcha
948 2647 1184 2704 cumque
1243 2649 1401 2690 sacra
1457 2642 1515 2689 et
1567 2633 1747 2689 divina
1800 2632 2008 2702 synodo

430 2725 786 2807 amplectens.
825 2725 1035 2798 Quippe
1064 2728 1108 2783 si
1145 2727 1493 2782 matrimonia
1525 2728 1769 2797 quasdam
1795 2726 1865 2781 ob
1892 2725 2012 2781 alli-

433 2806 896 2889 uitateri'ﬂegibns
928 2821 1304 2890 prohibentur,
1351 2820 1534 2876 decori
1573 2820 1780 2876 scilicet
1818 2834 2006 2886 causa,

430 2920 487 2964 et
529 2927 597 2965 ne
620 2912 835 2965 nomine
867 2912 1268 2966 confundantur
1303 2930 1318 2967 :
1353 2911 1519 2967 multo
1553 2910 1727 2983 magis
1754 2910 1840 2965 hic
1872 2909 2012 2964 istuc

432 3000 599 3058 libere
639 3003 969 3067 faciendum,
1007 3003 1099 3059 ubi
1141 3003 1362 3060 {reditas
1411 3003 1526 3073 ipsa
1565 3017 1686 3058 cum
1734 3003 2009 3057 nominum

432 3093 854 3150 conturbationis
890 3096 1193 3161 concurrit,
1226 3105 1389 3168 atque
1431 3098 1594 3152 etiam
1637 3097 1854 3166 cognati
1884 3111 2012 3152 san-

431 3183 613 3253 guinis
637 3185 1030 3241 absurdissima
1062 3186 1365 3242 commistio
1395 3198 1451 3242 et
1482 3186 1753 3244 confusio.
1782 3187 1889 3243 Cur
1922 3188 2012 3254 iis,

431 3280 685 3345 obsecro,
710 3278 800 3350 qui
848 3279 1184 3350 cmteroquin
1212 3299 1244 3337 e
1273 3282 1578 3353 propinquo
1623 3298 1687 3338 ac
1733 3283 2012 3352 sanguinis

435 3373 648 3428 ratione
673 3373 852 3444 juncti
883 3373 986 3430 sibi
1016 3384 1166 3442 sunt,
1199 3375 1303 3430 alia
1341 3376 1412 3431 sit
1452 3391 1588 3447 Opus
1634 3376 2012 3432 commistione

434 3474 491 3519 et
517 3463 895 3536 copulatione?
924 3464 1196 3521 Nimirum
1247 3467 1355 3522 illis
1393 3468 1736 3523 concilianda
1769 3475 1853 3523 est
1896 3469 2016 3524 col-

439 3556 644 3626 ligatio,
668 3557 1089 3628 nuptiarumque
1115 3557 1446 3629 coniunctio,
1468 3561 1664 3631 quibus
1687 3562 2015 3632 originarius

437 3649 722 3717 sanguinis
749 3657 899 3704 ortus
924 3651 1303 3720 multipliciter.
1329 3652 1533 3708 scissus
1562 3669 1625 3708 ac
1657 3655 1893 3719 divisus,
1903 3654 2013 3721 iam

439 3742 650 3812 longius
681 3757 805 3798 esse
834 3753 1076 3799 remotus
1105 3745 1437 3815 agnoscitur,
1469 3747 1536 3801 ad
1559 3756 1809 3801 octavum
1843 3747 2015 3802 dedo--

438 3845 558 3890 ctus
598 3835 848 3904 gradum,
887 3837 1118 3907 ideoque
1161 3838 1472 3894 distantiam
1526 3855 1679 3896 suam
1716 3843 1888 3912 magis
1922 3843 2017 3897 ad-

441 3941 665 3997 angens.
694 3926 786 3983 Sic
827 3943 960 4000 ergo
1008 3930 1094 3999 pia
1141 3930 1398 4000 maiestas
1445 3943 1630 3987 nostra
1675 3934 1926 4008 synodali
1949 3935 2016 3990 de

440 4017 585 4072 dicta
611 4018 908 4085 quaestione
932 4018 1154 4075 decreto
1188 4021 1514 4087 assentiens,
1535 4036 1853 4092 praesentem
1878 4011 2018 4092 hanc

440 4108 777 4166 sanctionem
803 4112 1170 4181 aequissimam
1201 4114 1584 4185 promulgavit,
1613 4131 1732 4187 quae
1756 4126 1812 4172 et
1845 4117 1898 4173 in
1931 4133 2020 4174 sa-

440 4216 538 4257 cro
609 4202 815 4283 scrinio
865 4203 1086 4271 maioris
1143 4205 1287 4261 illius
1339 4206 1594 4263 Ecclesiae
1649 4208 1741 4265 Dei
1801 4209 2016 4265 recondi

440 4293 805 4363 collocarique
851 4295 1037 4363 debet,
1084 4305 1142 4352 et
1183 4298 1440 4354 omnibus
1494 4300 1734 4356 arcbivis
1790 4301 2019 4371 publicis

441 4391 802 4459 innotescere,
829 4409 894 4450 ac
922 4393 1086 4450 robur
1119 4393 1430 4451 inviolabile
1456 4397 1524 4453 ad
1555 4412 1773 4454 omnem
1809 4407 2018 4458 tempo-

445 4479 520 4536 ris
552 4482 873 4539 infinitatem
901 4485 1158 4540 retinere.

2025 4553 2092 4654 ὐ

522 4737 641 4793 Dat.
677 4752 861 4791 mense
904 4737 1095 4807 Aprili.
1148 4737 1440 4792 indictione
1469 4737 1557 4807 ﬂ,
1599 4739 1776 4794 rubris
1819 4739 2014 4797 litteris

447 4831 586 4884 sacri
637 4830 974 4897 imperatoris
1009 4830 1197 4884 nostri.
1245 4829 1377 4883 Item
1424 4831 1613 4885 aderat
1646 4833 1898 4886 usitatum
1941 4833 2016 4889 si-

444 4924 633 4994 gilium
659 4937 896 4976 cereum.
930 4922 992 4976 Et
1023 4921 1172 4989 illud,
1205 4939 1297 4991 per
1321 4923 1649 4994 logothetam
1680 4923 1876 4991 dromi,
1917 4924 2017 4979 Mi-

449 5017 690 5071 clraelem
726 5016 1283 5086 llagiotlieodorilum.
1331 5019 1464 5073 ltem
1507 5019 1660 5084 illud,
1706 5018 2016 5088 Depositum

449 5112 502 5166 in
534 5112 742 5166 duobus
774 5110 983 5182 magnis
1022 5110 1131 5167 illis
1163 5112 1413 5180 secretis,
1444 5126 1633 5168 mense
1662 5111 1820 5169 Maio.

2103 1958 2312 2030 ταύτην
2369 1959 2463 2011 ἐπὶ
2489 1957 2568 2028 τῷ
2598 1957 2896 2028 ζητηθέντι
2953 1958 3277 2029 ἀπόκρισιν,
3334 1955 3436 2012 εῐτ’
3473 1956 3681 2029 ἀληθὲς

2107 2054 2282 2107 είπεῖν
2329 2051 2673 2122 όροθὲτησιν,
2700 2050 2776 2115 ὡς
2807 2049 3093 2117 ἑπομένοις
3119 2051 3234 2113 τοῖς
3294 2047 3464 2113 θείοις
3492 2050 3692 2102 κανόσι

2109 2146 2204 2198 καὶ
2247 2146 2360 2207 τοῖς
2394 2143 2780 2207 ἀποστολικοτς
2828 2143 3144 2197 ἑκτιθεῖσαν
3160 2141 3369 2212 νόμοις,
3399 2143 3692 2211 ιπέκρενε,

2108 2238 2204 2292 καὶ
2227 2238 2450 2305 κρατεῖν
2484 2237 2566 2299 είς
2603 2237 2666 2289 τὸ
2717 2235 2845 2305 ἑξῆς
2898 2235 3001 2289 καὶ
3053 2234 3498 2306 ἀμετατρίπτως
3539 2234 3693 2304 εχειν

2110 2333 2192 2395 εἰς
2209 2330 2272 2384 τὸ
2300 2329 2552 2399 διηνεκὲς
2597 2329 2919 2400 διορίζεται,
2976 2330 3081 2400 τῆς
3141 2326 3317 2397 αὐτῆς
3348 2323 3695 2381 κοινωνοῦσα

2111 2419 2340 2493 γνώμης
2395 2423 2489 2475 ἐπὶ
2519 2425 2587 2494 τῇ
2631 2421 2787 2476 λύσει
2811 2422 2907 2475 τοῦ
2949 2419 3321 2493 προκειμένου
3369 2419 3696 2492 ζητήματος

2111 2517 2189 2586 τῷ
2237 2534 2298 2569 τε
2360 2514 2652 2586 ἁγιωτάτῳ
2726 2530 2832 2584 μου
2878 2512 3114 2585 δεσπότῃ
3164 2513 3263 2566 καὶ
3313 2509 3691 2582 οίκουμενικῷ

2112 2608 2434 2681 πατριάρχῃ
2464 2609 2557 2662 καὶ
2579 2610 2645 2678 τῇ
2673 2607 2797 2680 ἱερᾷ
2831 2608 2927 2662 καὶ
2954 2606 3076 2678 θείᾳ
3105 2605 3330 2677 συνόδῳ.
3363 2605 3428 2660 Εἰ
3461 2604 3580 2677 γὰρ
3601 2606 3696 2660 ἐπὶ

2112 2702 2219 2756 τῶν
2261 2701 2322 2768 ἐξ
2365 2701 2688 2772 ἀγχιστείας
2744 2699 3208 2770 συναλλαγμάτων
3264 2699 3436 2764 ἐστὶν,
3483 2700 3522 2754 ἃ.
3569 2702 3686 2760 τοῖς
3723 2761 3729 2766 _

2115 2797 2304 2867 νόμοις
2326 2795 2628 2850 κωλύονται
2653 2795 2758 2866 τῆς
2779 2794 3118 2867 εὐπρεπείας
3158 2794 3323 2866 χάριν
3348 2795 3446 2848 καὶ
3474 2794 3580 2847 τοῦ
3619 2793 3694 2865 μὴ

2118 2887 2448 2959 συγχὲεσθαι
2493 2890 2563 2945 τὰ
2605 2887 2876 2960 ὀνόματα,
2927 2888 3109 2959 πολλῷ
3164 2888 3367 2958 μᾶλλον
3423 2888 3584 2944 τοῦτ*
3632 2889 3699 2944 ἂν

2117 2982 2354 3041 ἐνταῦθα
2391 2981 2862 3055 παρῤησιάσαιτο,
2901 2980 3032 3036 ἔνθα
3060 2984 3158 3036 καὶ
3178 2984 3237 3035 τὸ
3263 2981 3522 3052 ἀπρεπὲς
3555 2981 3701 3051 μετά

2117 3073 2218 3144 τῆς
2261 3074 2374 3127 τῶν
2422 3071 2710 3143 ὀνομάτων
2756 3072 3100 3144 συγχύσεως,
3153 3072 3294 3130 ἀλλά
3321 3072 3386 3144 δὴ
3417 3073 3518 3128 καὶ
3540 3075 3581 3146 ἡ
3605 3072 3698 3128 τού

2121 3166 2420 3234 συγγενοῦς
2454 3165 2691 3236 αἵματος
2723 3165 3046 3238 ἀλογωτάτη
3079 3167 3388 3237 σύγκρασις
3416 3166 3514 3221 καὶ
3551 3167 3700 3221 ’ἀνὰο

2036 3243 2082 3304 (ἶ
2113 3276 2293 3330 χυσις.
2324 3259 2443 3314 ’Ὶνα
2470 3258 2524 3313 τί
2579 3260 2672 3313 καὶ
2733 3258 2916 3331 δεήσει
2965 3262 3081 3323 τοῖς
3116 3258 3410 3330 ἐγγυτέρω
3442 3259 3544 3312 καὶ
3565 3257 3694 3314 καθ’

2115 3343 2258 3420 αἷμα
2307 3347 2715 3420 συνηνωμένοις
2766 3345 3056 3418 ἐπιμιξίας
3083 3347 3280 3417 ἑτέρας
3313 3345 3410 3399 καὶ
3457 3343 3702 3399 συνενὼ·

2115 3459 2254 3506 σεως
2284 3458 2300 3508 ;
2340 3438 2608 3505 Ἐκείνοις
2636 3443 2746 3510 γὰρ
2772 3439 2996 3504 πάντως
3030 3439 3230 3511 χρῆναι
3256 3436 3352 3491 τὸν
3388 3437 3704 3507 σύνδεσμον

2113 3535 2210 3589 καὶ
2225 3535 2322 3604 τὴν
2343 3534 2453 3589 τῶν
2474 3534 2668 3605 γάμων
2719 3533 3016 3602 συνάφειαν
3064 3531 3586 3605 πραγματεύεσθαι,
3616 3524 3700 3593 οἷς

2114 3626 2210 3681 καὶ
2237 3629 2271 3699 ἠ
2327 3627 2540 3696 πηγαία
2560 3626 2656 3681 τοῦ
2688 3625 2918 3696 αἵματος
2939 3626 3162 3696 πρόοδος
3192 3623 3481 3696 πολλαχῶς
3544 3640 3708 3695 μερο-

2117 3719 2308 3774 σθεῖσα
2321 3722 2417 3774 καὶ
2429 3719 2766 3791 διαιρεθεῖσα
2803 3718 3128 3791 πορρωτέρα
3144 3718 3463 3788 διεστηκυία
3488 3716 3706 3788 γνωρίο

2115 3810 2296 3877 ζεται,
2317 3814 2396 3878 είς
2414 3812 2604 3879 ὕγδοον
2623 3810 2723 3882 βαθ
2733 3811 2832 3881 μδν
2849 3828 2917 3864 πε
2924 3814 3178 3883 ριστᾶσα,
3201 3809 3459 3865 κάκεῖθεν
3493 3810 3707 3879 μᾶλλον

2117 3900 2275 3968 αὖθις
2303 3903 2403 3975 τὴν
2423 3901 2591 3976 αὐτῆς
2615 3904 2918 3958 ἀπόστασιν
2943 3903 3422 3977 προσεπαύξουσα.
3445 3903 3617 3959 Οὕτω
3641 3903 3708 3973 δὴ

2119 3998 2471 4072 προσθεμένη
2501 4000 2566 4069 τῇ
2590 3998 2846 4070 συνοδικῇ
2906 3997 3042 4067 περὶ
3087 3995 3183 4052 τοῦ
3221 3997 3489 4070 meum
3528 3997 3710 4070 ζητή·

2122 4110 2291 4166 ματος
2321 4091 2646 4162 ὲπικρίσειή
2684 4090 2918 4159 εὐσεὸὴς
2945 4089 3108 4162 ἡμῶν
3134 4088 3407 4160 βασιλεία,
3432 4088 3496 4144 τὸ
3518 4090 3708 4157 παρὸν

2119 4185 2493 4258 ὲννομώτατον
2546 4183 2850 4238 ἀπολέλυκε
2905 4181 3211 4253 θέσπισμα,
3271 4181 3492 4250 ὀφεῖλον
3520 4181 3612 4253 τῷ
3645 4198 3708 4234 τε

2121 4279 2254 4352 ἱερῷ
2311 4276 2765 4349 χαρτοφυλακείῳ
2819 4275 2922 4346 τῆς
2963 4274 3060 4330 τοῦ
3092 4274 3230 4330 Θεοῦ
3275 4274 3550 4346 Μεγάλης
3580 4275 3710 4329 Ἐκι

2121 4373 2354 4444 κλησὶας
2374 4369 2794 4441 ὲναποτεθῆναι,
2857 4370 2952 4424 καὶ
3003 4370 3140 4424 πᾶσι
3170 4371 3283 4434 τοῖς
3337 4368 3709 4440 δημοσιακοὶς

2120 4464 2364 4536 ἀρχείοις
2415 4462 2850 4534 ἐπιγνωσθῆναι.
2883 4463 2976 4517 καὶ
3007 4461 3156 4534 ἔχειν
3193 4455 3276 4527 είς
3302 4462 3363 4517 τὸ
3381 4461 3708 4534 ἀπέραντον

2120 4559 2183 4613 τὸ
2221 4556 2439 4628 ἰσχυρόν
2471 4573 2528 4610 τε
2556 4556 2650 4609 καὶ
2668 4554 3052 4610 ἀναλλοίωτον.

2189 4709 2285 4763 Τόο
2326 4708 2474 4778 Μηνὶ
2541 4706 2804 4778 ’Δπριλίῳ
2851 4708 3232 4780 ὲπινεμήσεως
3295 4705 3384 4772 ιδ’.
3448 4709 3516 4763 δι’
3568 4713 3707 4781 ἐρυ-

2121 4798 2267 4868 θρῶν
2312 4797 2665 4869 γραμμάτων
2729 4797 2824 4851 τοῦ
2867 4794 3130 4869 βασιλέως
3180 4798 3345 4869 ἡμῶν
3375 4799 3474 4852 τοῦ
3515 4800 3705 4869 ἁγίου.

2123 4891 2235 4945 Καὶ
2265 4891 2300 4962 ἡ
2330 4890 2421 4944 διὰ
2472 4888 2645 4960 κηροῖο
2699 4890 2940 4962 συνήθης
2996 4890 3259 4960 σφραγίς.
3294 4890 3367 4942 Τό
3403 4907 3420 4921 ·
3451 4894 3556 4945 Διά
3609 4893 3708 4944 τοῦ

2122 4983 2409 5052 λογοθέτου
2461 4982 2556 5036 τοῦ
2603 4982 2808 5054 δρόμου
2835 4982 2928 5036 τοῦ
2952 4981 3401 5055 ἁγιοθεοδωρίτου
3431 4984 3669 5056 Μιχαὴλ
3690 5003 3707 5018 ο

2121 5077 2215 5130 καὶ
2241 5076 2302 5129 τό
2339 5090 2355 5106 '
2407 5073 2692 5146 Κατετέθη
2741 5075 2798 5128 ὲν
2847 5076 2958 5138 τοῖς
2979 5073 3100 5127 δυσὶ
3132 5073 3391 5144 μεγάλοις
3416 5077 3707 5146 σεκρέτο.ς

2118 5168 2262 5222 κατά
2295 5169 2442 5239 μῆνα
2475 5167 2672 5227 Μὰἶον,
