3932 6190
1251 361 1623 426 NOVELLIE
1660 360 2336 425 CONSTITUTIONES.

194 368 283 433 777
872 420 873 423 η
978 400 981 401 ν
1251 364 1623 426 NOVELLIE
1660 364 1747 423 C0

1854 364 2336 425 TITUTIONES.
3321 364 3431 429 718

195 501 274 538 πον
307 480 455 558 [καὶ]
482 485 516 557 ἠ
558 481 772 539 δουλεία
802 482 952 553 καὶή
984 480 1177 552 ἄγνοια
1224 479 1398 553 ταύτῃ
1436 480 1747 553 προσάπτε-

1854 481 2153 538 secundum
2223 493 2469 550 persona:
2548 483 2810 536 unitatem
2906 481 3437 554 ittseparabileque

190 594 284 643 τοι,
316 576 482 646 ἡνίκα
520 576 701 647 ψιλαῖς
750 574 845 631 τοῦ
901 574 994 631 νοῦ
1021 575 1345 647 φαντασίαις
1379 574 1440 628 τὸ
1468 573 1747 646 δρώμενον

1854 574 2320 645 coniunctionem,
2386 588 2565 643 neque
2612 573 2934 630 servitutem
2978 589 3281 630 memorare
3309 574 3438 630 licet

191 671 243 722 ἐκ
275 668 371 723 τοῦ
417 672 713 742 νοουμένου
748 669 1016 740 διέλωμεν
1059 668 1203 723 κατὰ
1245 668 1339 722 τὸν
1394 665 1747 739 Δαμασκὸθεν

1856 682 2031 735 neque
2085 666 2383 723 inscitiam.
2451 666 2627 737 Atque
2666 668 2737 722 ita
2799 666 2852 723 hi
2905 667 3046 724 inter
3100 680 3159 725 se
3205 666 3437 723 disside-

190 761 338 832 σοφόν
375 777 391 793 ·
442 762 587 817 κατὰ
639 762 748 835 γάρ
792 764 892 834 τὴν
922 764 1024 833 τῆς
1061 760 1413 825 ὑποστάσεως
1444 759 1751 830 ταυτότητα
1856 759 2008 813 haut.
2832 810 2839 816 .

191 854 268 908 καὶ
317 854 421 926 τὴν
478 854 848 910 ἀδιάσπαστον
889 851 1085 907 ἕνωσιν
1139 850 1264 906 οὔτε
1292 851 1450 925 δούλη
1492 850 1617 906 οὔτε
1646 847 1918 921 ἀγνοοῦσα
1940 846 2303 921 λεχθήσεται·
2341 849 2436 902 καὶ
2475 847 2615 902 οὕτω
2677 849 2770 904 καὶ
2836 849 2973 922 πρὸς
3049 848 3247 916 αὐτοὺς

192 946 482 1018 φωνοῦντες
517 940 663 1003 οῦτοι
689 947 1019 1002 ἐδείκνυντο.

3328 848 3435 910 δια.

244 1049 315 1112 γ’.
345 1044 414 1097 Oi
436 1043 493 1097 δὲ
514 1043 781 1115 δτέρωοεν
811 1043 998 1109 αὐτοῖς
1054 1042 1577 1111 ἁντικαθιστάμενοι
1629 1039 1747 1113 ᾔδεε

1929 1032 1983 1089 3.
2006 1030 2279 1089 Contrarii
2329 1038 2507 1085 autem
2539 1030 2648 1097 his,
2704 1042 2971 1086 noveram
2994 1031 3211 1101 quidem
3238 1047 3265 1086 a
3300 1048 3438 1087 non-

190 1153 271 1191 σαν
322 1135 423 1208 μὲν
470 1135 565 1190 καί
611 1153 764 1199 τινας
806 1136 918 1190 τῶν
969 1137 1437 1208 πνευματοφόρων
1494 1135 1595 1206 τῆς
1652 1132 1747 1187 τοῦ

1857 1128 2023 1182 nullis
2056 1124 2330 1196 inspiratis
2390 1123 2645 1179 Ecclesia:
2705 1123 2794 1178 Dei
2851 1121 3099 1178 Patribus
3144 1124 3343 1180 dictum
3384 1126 3438 1182 id

187 1228 308 1283 Θεοῦ
354 1229 682 1301 Ἐκκλησίας
708 1229 967 1302 ιῐατέρων
1007 1230 1104 1283 καὶ
1130 1228 1474 1285 διδασκάλων
1514 1229 1614 1297 τὴν
1653 1226 1747 1282 τοῦ

1854 1219 2068 1275 Domini
2091 1218 2419 1290 explicatum
2464 1215 2629 1273 fuisse
2660 1226 2925 1287 quatenus
2954 1215 3110 1271 Pater
3139 1227 3329 1272 auctor
3356 1227 3441 1275 est

192 1320 381 1390 Κυρίου
408 1321 614 1389 ταύτην
652 1322 837 1391 φωνὴν
877 1318 1324 1404 ἑρμᾞεύσαντας
1366 1319 1459 1374 καὶ
1500 1319 1642 1373 κατά
1690 1316 1747 1371 τὴ

1854 1311 2411 1384 incomprehensibilis
2446 1311 2636 1382 primae
2694 1310 3025 1377 nativitatis:
3066 1321 3436 1369 verumtamen

189 1412 351 1467 αἴτιον
384 1412 484 1481 τῆς
525 1412 921 1485 ἁκαταλήτιτου
978 1402 1203 1484 πρώτης
1249 1414 1586 1484 γεννήσεως*
1640 1410 1747 1467 ἀλλ

1858 1406 1930 1463 ita
1965 1407 2179 1461 aiebant
2210 1421 2329 1460 cum
2352 1404 2784 1472 respondendum
2813 1412 2955 1459 esset
2996 1402 3060 1459 iis
3124 1404 3215 1474 qui
3265 1421 3440 1477 nuga-

190 1502 269 1559 οὖν
303 1504 467 1559 ὁπότε
495 1503 638 1558 κατά
668 1505 775 1557 τῶν
803 1504 1236 1575 ὲρεσχελούντων
1263 1505 1386 1560 κατ’
1409 1506 1599 1559 οὐσίαν
1633 1506 1747 1559 δια-

1859 1501 2057 1557 bantur
2147 1498 2367 1554 differre
2412 1514 2437 1549 a
2474 1497 2609 1553 Filio
2631 1498 2847 1552 Putrem
2894 1497 3340 1566 substantialiter,
3375 1514 3440 1554 ac

189 1597 364 1668 φέρειν
395 1596 489 1650 τοῦ
540 1596 671 1650 Υίοῦ
705 1597 795 1650 τὸν
834 1598 1054 1669 Πατέρα
1093 1598 1189 1662 τάς
1240 1599 1589 1670 ἀντιρρήσεις
1651 1616 1747 1651 πε-

1859 1592 2123 1648 vocabulo
2148 1591 2322 1662 major
2371 1604 2781 1662 quaquaversus
2822 1588 3208 1659 abutebantnr,
3239 1599 3293 1645 et
3338 1593 3438 1646 mi-

188 1691 401 1763 ποίηντο
430 1692 497 1763 τῇ
524 1690 620 1745 τοῦ
654 1691 903 1762 μείζονος
949 1693 1103 1763 φωνῇ
1143 1692 1287 1746 κατά
1331 1693 1512 1748 πάντα
1534 1692 1755 1763 χρωμέ-

186 1802 280 1839 νων
318 1785 414 1839 καὶ
458 1786 727 1840 ὐπόῦασιν
780 1787 839 1840 ὲν
882 1786 1216 1858 ἀμφοτέροις
1260 1784 1404 1839 κατά
1439 1784 1538 1856 τὴν
1594 1785 1752 1855 φύσιν

186 1878 507 1947 εἰσαγόντων
547 1878 642 1931 καὶ
685 1878 1011 1949 ἑτερότητα,
1066 1876 1128 1931 οὔ
1171 1874 1283 1948 μὴν
1332 1875 1391 1930 δὲ
1426 1876 1571 1930 κατὰ
1598 1876 1757 1929 τοῦτο

188 1973 270 2023 καί
300 1971 464 2042 μόνον
491 1970 935 2041 ὲκλαμὸάνεσθαι
966 1970 1067 2041 τὴν
1093 1968 1352 2040 τοιαύτην
1383 1968 1565 2041 φωνὴν
1591 1986 1757 2040 προσ-

186 2064 500 2133 επάγοντας.
551 2062 741 2120 Ἦνίκα
763 2065 873 2135 γὰρ
915 2064 979 2117 οὐ
1022 2062 1162 2135 πρὸς
1202 2060 1477 2126 τοιούτους
1517 2059 1658 2134 ἦσαν
1700 2064 1755 2116 αί

187 2155 482 2220 ἀντιθέσεις
521 2158 619 2211 καὶ
669 2157 738 2211 τὰ
780 2156 1166 2240 παλαίσματα,
1219 2154 1355 2225 περὶ
1390 2153 1446 2209 δὲ
1488 2154 1586 2224 τῆς
1615 2153 1754 2219 μετὰ

190 2246 389 2318 σαρκὸς
420 2248 736 2318 οἰκονομίας
761 2250 858 2303 καὶ
887 2246 998 2301 τῶν
1029 2244 1280 2316 φυσικῶν
1324 2246 1605 2318 ἰδιοτήτων
1654 2246 1755 2300 καὶ

186 2339 451 2412 διαφορῶν
512 2339 896 2414 ἐδογμάτιζον,
945 2340 1154 2413 ἑκάστῃ
1220 2339 1332 2394 τῶν
1378 2338 1596 2409 φύσεων
1653 2339 1753 2401 τάς

187 2436 526 2509 προσφόρους
556 2436 747 2507 ῥήσεις
770 2434 1078 2505 ἀπένεμον,
1122 2432 1221 2497 τὰς
1270 2432 1371 2503 μὶν
1410 2431 1752 2505 ὑψηλοτὰτας

187 2528 274 2581 καὶ
297 2528 715 2600 ὑπερκειμένας
760 2530 827 2601 τῇ
859 2527 954 2582 τοῦ
986 2524 1228 2598 Χριστοῦ
1269 2524 1487 2596 θεότητι
1535 2524 1611 2589 ὡς
1655 2525 1750 2578 καὶ

186 2620 315 2675 Θεοῦ
339 2621 549 2676 τελείου
582 2620 737 2685 δντος
766 2618 1295 2693 προσαφορίζοντες,
1320 2618 1418 2682 τὰς
1464 2616 1519 2671 δὲ
1564 2633 1754 2671 ταπει-

186 2712 403 2784 νοτέρας
439 2715 538 2767 καὶ
570 2712 983 2784 ὕποόεὗηκυίας
1010 2714 1075 2785 τῇ
1106 2714 1165 2766 ὲν
1194 2710 1273 2781 τῷ
1327 2708 1475 2781 αὐτῷ
1527 2708 1753 2781 Χριστῷ

186 2804 559 2879 ἀνθρωπότητι
580 2804 655 2869 ὡς
682 2805 779 2860 καὶ
801 2804 1074 2877 ἀνθρώπῳ
1104 2804 1348 2875 γεγονότι
1371 2802 1561 2873 τελείῳ
1584 2819 1757 2873 προσσ

188 2898 587 2969 εφαρμόζοντες
628 2913 647 2930 ο
689 2893 770 2963 οἷς
828 2899 925 2951 καὶ
974 2898 1037 2950 τὸ
1107 2897 1379 2970 ἡμέτερον
1443 2896 1753 2967 ὡμοφρόνει

186 2989 403 3061 κράτος,
428 2991 551 3054 ταῖς
598 2990 707 3044 τῶν
754 2990 927 3060 ἁγίων
952 2990 1065 3062 τῆς⁴
1096 2990 1424 3063 Ἐκκλησίας
1448 2990 1754 3062 φωστηρων

188 3080 553 3147 διδασκαλίαις
577 3084 865 3155 ἑπόμενον.

1860 1701 2045 1741 norem
2070 1686 2398 1758 in,utroque
2437 1694 2581 1739 statu
2637 1683 2860 1754 gradum
2920 1692 3127 1739 naturae
3171 1683 3443 1754 confinge-

1866 1777 1996 1833 bant
2053 1793 2117 1834 ac
2163 1778 2551 1833 diversitatem.
2584 1774 2694 1832 Nec
2768 1774 2930 1843 hujus
2982 1775 3271 1832 locutionis
3317 1792 3443 1832 scn-

1857 1887 1979 1930 sum
2052 1870 2425 1927 tantummodo
2506 1867 2571 1923 ad
2638 1868 2835 1924 dictam
2920 1870 3183 1925 rationem
3255 1872 3439 1928 trahe--

1859 1965 2010 2021 bunt.
2044 1965 2102 2021 Si
2136 1965 2350 2036 quando
2380 1963 2523 2019 enim
2550 1971 2735 2019 contra
2781 1962 3047 2035 ejusmodi
3084 1964 3439 2029 Tadversarios

1859 2075 1965 2114 non
2022 2060 2357 2129 dissererent
2380 2073 2443 2114 ac
2476 2058 2866 2128 depugnarent,
2915 2058 3010 2113 sed
3058 2058 3124 2113 de
3168 2058 3435 2113 incarnati

1822 2228 1823 2233 η
1858 2151 2018 2208 Verbi
2043 2161 2207 2220 statu,
2242 2160 2296 2208 et
2326 2151 2669 2208 naturalibus
2732 2151 3153 2222 proprietatibus
3185 2151 3439 2207 differen-

1859 2248 2057 2319 tiisque
2086 2246 2389 2303 doctrinam
2419 2248 2723 2306 traderent:
2780 2256 2908 2303 tunc
2955 2263 3083 2305 suas
3117 2249 3310 2318 cuique
3342 2264 3441 2303 na-

1858 2352 1993 2398 tum
2043 2340 2343 2398 locutiones
2372 2341 2780 2412 attribuebant;
2845 2341 3201 2399 sublimiores
3221 2342 3439 2412 quidem

1858 2442 1912 2488 et
1976 2431 2295 2488 eminentes
2372 2432 2438 2487 ad
2468 2430 2670 2489 Christi
2720 2433 3079 2503 divinitatem,
3146 2435 3441 2505 utpoteDei

1855 2524 2107 2597 perfecti,
2162 2525 2592 2593 convertebant;
2640 2525 2962 2583 humiliores
2984 2537 3160 2583 autem
3212 2537 3267 2585 et
3312 2530 3442 2586 sub-

1856 2617 2050 2676 missas
2128 2616 2331 2675 Christi
2394 2618 2739 2694 humanitati,
2797 2628 2982 2690 utpote
3032 2620 3267 2676 hominis
3312 2622 3442 2678 item

1856 2710 2105 2781 perfecti,
2164 2710 2665 2769 accommodabant.
2730 2711 2909 2783 Atque
2949 2712 3017 2767 ad
3070 2712 3264 2769 horum
3323 2729 3443 2770 scn-

1859 2806 2082 2861 tentiam
2144 2813 2328 2862 nostra
2372 2819 2591 2877 quoque
2646 2803 2901 2873 maiestas
2949 2806 3263 2875 accedebat,
3310 2823 3444 2865 san-

1857 2908 2068 2954 ctorum
2135 2897 2391 2956 Ecclesiae
2470 2897 2820 2953 iuminarium
2899 2897 3199 2955 doctrinam
3249 2913 3445 2957 censes

1856 3000 2033 3049 etans.

248 3174 308 3235 δ’.
345 3177 503 3233 Οὕτω
533 3178 596 3250 δὴ
636 3150 778 3250 μετὰ
799 3150 1061 3235 τοιούτων
1103 3181 1444 3235 άντιθεσεσιν
1475 3182 1747 3252 ἀμφιγνω-

1928 3176 1979 3231 ι.
2015 3172 2111 3230 llic
2144 3184 2262 3229 erat
2291 3187 2421 3245 ergo
2455 3172 2948 3229 contradicentium
2998 3172 3229 3229 invicem
3276 3175 3441 3233 dissi-

190 3270 479 3341 μονοῦντες
503 3271 757 3345 αλλήλοις
793 3272 890 3327 καὶ
942 3272 1320 3343 ἀντιλέγοντες
1375 3275 1749 3345 ἀνεφαίνοντο.

198 3360 332 3414 Ἀλλ’
358 3363 392 3431 ἠ
430 3361 581 3433 παρὰ
613 3362 714 3434 τῆς
747 3362 958 3421 ἄνωθεν
987 3363 1170 3429 δεξιᾶς
1202 3365 1297 3433 κα).
1344 3363 1607 3435 δεδομένη
1660 3367 1753 3417 mi

184 3450 528 3534 διεξαγομένη
581 3451 832 3525 βασιλεία
881 3454 1038 3526 ἡμῶν
1096 3455 1201 3525 οὐχ
1261 3454 1547 3525 ὑπερεῖδεν
1607 3452 1753 3508 οὕτω

184 3545 270 3602 τὸν
298 3545 412 3601 νέον
435 3547 530 3602 τοῦ
579 3546 715 3602 Θεοῦ
762 3551 857 3603 καὶ
903 3547 1218 3620 περιούσιον
1261 3547 1482 3620 Ἰσραὴλ
1521 3547 1600 3621 τῷ
1651 3548 1752 3621 τῆς

185 3640 561 3712 Αἰγυπτιακῆς
622 3641 826 3705 κακίας
872 3642 1099 3713 ἄρχοντι
1148 3640 1579 3711 πολεμούμενον,
1628 3641 1753 3695 οὐδὲ

186 3734 280 3804 τὴν
308 3734 362 3800 ἐξ
392 3734 562 3791 ἐθνῶν
590 3733 952 3808 μετῃρμένην
1002 3733 1460 3806 εύκληματοῦσαν
1502 3732 1749 3803 ἄμπελον

188 3830 302 3891 ταῖς
329 3828 436 3883 τῶν
479 3827 798 3900 άπᾳδόντων
848 3828 1026 3899 λόγων
1082 3826 1526 3900 παρεισφθοραῖς
1576 3828 1747 3897 χαλαα

188 3917 446 3993 ζουμίνην
474 3915 590 3975 οἷον
620 3921 716 3976 καὶ
754 3919 1221 3991 συντριϐήσεσθαι
1272 3919 1606 3989 μέλλουσαν,
1673 3917 1749 3982 ὡς

186 4016 277 4067 καὶ
330 4015 405 4086 τῷ
451 4014 747 4089 φυτουργῷ
797 4015 1139 4088 θρηνηθῆναι
1191 4015 1279 4069 διά
1310 4016 1371 4071 τὸ
1398 4015 1634 4080 άκαλλές
1688 4031 1747 4068 τε

186 4108 279 4160 καὶ
309 4107 573 4179 ἄκαρπον.
601 4104 721 4166 Κᾶν
747 4110 842 4161 καὶ
869 4107 1100 4179 μυρίαις
1131 4107 1286 4171 ὅσαις
1313 4110 1433 4171 ταῖς
1455 4105 1748 4169 ἀνθολκαῖς

186 4196 290 4252 τῶν
331 4197 613 4271 κοσμικῶν
666 4198 979 4270 φροντίδων
1032 4198 1443 4269 διεμεμέριστο,
1497 4198 1745 4261 καὶτοῖς

189 4290 249 4343 ἐκ
269 4288 355 4345 τοῦ
384 4293 632 4364 καλάμου
665 4291 906 4362 θηρίοις,
930 4291 1070 4345 ἀλλὰ
1098 4291 1162 4360 δὴ
1189 4292 1283 4345 καὶ
1312 4292 1423 4353 τοῖς
1462 4289 1748 4359 πελαγίοις

188 4384 393 4453 κήτεσιν
415 4384 744 4456 άντιμαχεῖν
790 4382 1135 4454 ἠναγκάζετο
1188 4385 1252 4437 ἐκ
1294 4382 1578 4453 Θαλάσσης
1629 4381 1748 4452 ἅμα

188 4478 271 4531 καὶ
298 4479 392 4551 γῆς
418 4478 860 4550 προσεγχανοῦσι
895 4478 1037 4533 κατὰ
1070 4477 1294 4545 ταύτὸν,
1346 4477 1433 4547 ἐφ’
1465 4471 1509 4545 ᾧ
1541 4476 1601 4531 τὸ
1645 4476 1745 4547 τῆς

1859 3267 2211 3339 dentiumque
2260 3276 2456 3323 status.
2524 3266 2629 3323 Sed
2680 3282 2708 3320 a
2758 3266 2870 3322 Deo
2921 3267 3044 3322 data
3128 3266 3441 3338 directaque

1860 3360 2116 3431 rnajestas
2139 3371 2325 3415 nostra
2351 3373 2545 3415 novum
2574 3358 2664 3414 Dei
2692 3359 2985 3431 pretiosum
3014 3359 3266 3417 Israelem
3296 3362 3439 3418 haud

1856 3453 2091 3522 neglexit
2120 3453 2187 3508 ab
2216 3450 2550 3526 Algyptiacae
2599 3453 2817 3508 malitiae
2880 3453 3126 3525 principe
3174 3455 3256 3513 sic
3288 3456 3441 3514 dive-

1856 3553 2081 3610 xatum;
2147 3558 2321 3614 neque
2369 3544 2531 3600 vitem
2575 3559 2642 3599 ex
2702 3544 2935 3600 ethnicis
2991 3546 3307 3601 translatam
3384 3557 3441 3602 et

1849 3646 1962 3719 jam
2012 3636 2380 3704 frondentem,
2414 3636 2482 3692 ab
2514 3637 2871 3693 absurdarum
2928 3640 3296 3696 doctrinarum
3325 3656 3441 3699 cor-

1857 3730 2110 3803 ruptelis,
2174 3729 2338 3786 veluti
2388 3730 2670 3803 grandine,
2733 3732 3009 3789 verberari
3070 3733 3441 3806 perfringique

1851 3823 2001 3892 sivit,
2033 3826 2103 3879 ita
2139 3832 2195 3879 ut
2216 3824 2439 3881 vinitori
2469 3823 2788 3882 deformitas
2835 3826 2950 3895 ejus
2984 3837 3147 3898 atque
3179 3829 3440 3887 sterilitas

1852 3917 2096 3974 deﬂenda
2139 3917 2298 3973 foret.
2365 3917 2429 3973 Et
2461 3932 2776 3988 quanquam
2830 3934 2928 3975 nos
2961 3919 3261 3975 innumeris
3291 3938 3443 3977 mun-

1853 4011 2121 4067 danarum
2176 4025 2429 4065 curarum
2494 4008 2750 4067 ﬂuctibus
2809 4010 3049 4083 ferisque
3107 4010 3440 4083 palustribus

1852 4104 2172 4175 premimur,
2236 4103 2477 4174 itemque
2546 4103 2774 4159 marinis
2851 4104 3139 4161 monstris'
3182 4105 3441 4163 resistere

1850 4199 2120 4270 cogimur,
2174 4213 2295 4266 quae
2333 4198 2467 4252 mari
2519 4197 2684 4253 simul
2719 4206 2969 4266 terraque
3013 4196 3223 4254 inhiant
3246 4211 3301 4255 ut
3321 4201 3439 4270 pul-

1855 4290 2187 4346 cberrimum
2241 4288 2468 4343 Romani
2502 4287 2712 4360 imperii
2742 4302 2939 4359 corpus
2987 4286 3315 4355 dilucet-ent;
3347 4296 3435 4343 at-

1852 4391 2054 4452 tamen,
2103 4382 2188 4439 his
2218 4382 2558 4454 posthabitis,
2613 4382 2679 4436 ad
2724 4380 3101 4436 dissidentium
3166 4378 3426 4458 Ecclesiae

1851 4474 2222 4531 membrorum
2262 4471 2624 4529 revocandam
2674 4472 3019 4527 concordiam
3040 4472 3134 4526 toti
3169 4460 3431 4528 incumbi-

198 4567 462 4643 Ῥωμαίων
491 4571 670 4644 ἀρχῆς
714 4570 1212 4641 περικαλλέστατον
1263 4572 1423 4643 σῶμα
1447 4571 1747 4643 διασπαρά-

1858 4582 2016 4624 mus:
2046 4578 2099 4623 et
2130 4569 2194 4621 de
2210 4565 2513 4620 orthodoxe
2532 4562 3017 4639 controversidicti
3060 4564 3435 4634 patefaciendo

193 4661 387 4727 ξασθαι·
418 4666 570 4737 ὅμως
605 4663 677 4719 τὰ
703 4665 805 4735 μὲν
857 4666 916 4719 ὲν
966 4664 1209 4735 δευτέρῳ
1263 4664 1495 4730 τίθεται,
1545 4665 1646 4736 τῆς
1686 4666 1742 4719 δὲ

190 4756 287 4810 τῶν
327 4759 628 4813 διεστώτων
668 4758 768 4831 τῆς
832 4759 1160 4831 Ἐκκλησίας
1210 4759 1396 4830 μερῶν
1439 4759 1539 4813 οὐκ
1586 4759 1739 4829 ὀλίγη

190 4849 380 4915 γίνεται
407 4854 629 4926 φροντὶς
652 4851 1068 4924 προσενώσεως,
1113 4853 1208 4906 καὶ
1255 4854 1349 4905 τοῦ
1377 4853 1476 4923 τὴν
1518 4853 1734 4924 699660-

192 4941 268 5008 ξον
307 4947 426 5018 περὶ
476 4945 572 5001 τοῦ
634 4945 968 5015 ζητουμένου
1026 4946 1237 5001 ἔννοιαν
1289 4945 1739 5017 άνακαλυφθῆναι

1851 4678 2013 4719 sensu
2070 4662 2363 4717 maximam
2414 4658 2653 4731 gerimus
2718 4656 3161 4713 sollicitudinem.
3226 4658 3433 4730 Quippe
3532 4720 3540 4725 ,

1851 4758 2042 4813 harum
2067 4770 2247 4812 rerum
2274 4752 2619 4811 concordiam
2668 4752 2823 4808 valde
2891 4752 3211 4807 conﬁdimus
3231 4757 3432 4823 princi-

1848 4852 1994 4922 pium
2032 4850 2147 4905 fore
2184 4850 2348 4906 etiam
2400 4846 2606 4919 pacifici
2658 4845 3045 4902 dominationis
3093 4858 3288 4902 nostra:
3316 4858 3432 4903 sta-

1849 4956 1952 5002 tus.

197 5040 434 5112 μεγίστην
456 5043 539 5094 Ξτι
570 5038 811 5093 δείκνυσι
874 5038 972 5109 τὴν
1023 5039 1369 5110 προμήθειαν
1411 5054 1427 5069 ’
1461 5033 1735 5109 εἶναιγὰρ
1774 5038 1872 5110 τὴν
1900 5042 1994 5094 ἐπὶ
2022 5037 2235 5101 τούτοις
2266 5036 2490 5107 εἰρήνην
2516 5030 2772 5103 ἀπαρχὴν
2834 5031 2930 5084 καὶ
2990 5030 3090 5103 τῆς
3138 5031 3229 5088 τοῦ
3287 5034 3426 5105 ἡμε-

190 5129 329 5202 τέρου
361 5134 592 5205 κράτους
645 5133 928 5204 είρηναίας
963 5130 1068 5204 [ὲν]
1123 5133 1298 5186 ἅπασι
1344 5133 1734 5197 καταστάσεως
1776 5133 1895 5205 μετ’
1926 5132 2252 5187 εύελπίστου
2287 5130 2516 5203 γνώμης
2550 5130 2902 5182 πεπίστευκε.

248 5230 305 5278 ε’.
333 5224 624 5296 Τοιγάρτοι
655 5225 749 5279 καί
771 5224 864 5278 τὸν
896 5224 1201 5294 ἁγιώτατον
1227 5226 1319 5279 καὶ
1352 5224 1735 5296 οίκουμενικδν

188 5317 532 5389 πατριάρχην,
570 5316 708 5389 μετά
738 5317 847 5372 τῶν
870 5318 1075 5389 ἑτέρων
1105 5318 1429 5387 ἁγιωτάτων
1459 5335 1736 5390 πατριαρο

188 5408 306 5479 χῶν,
334 5410 426 5465 τοῦ
456 5427 517 5465 τε
546 5409 650 5481 τῆς
700 5409 1052 5474 Θεουπόλεως
1096 5411 1346 5483 μεγάλης
1398 5410 1741 5482 Ἀντιοχείας

191 5505 276 5555 καὶ
300 5503 387 5557 τοῦ
414 5504 514 5575 τῆς
546 5504 709 5571 ἁγίας
757 5503 901 5558 Σιὼν
956 5506 1055 5573 τῆς
1100 5507 1308 5571 πόλεως
1356 5504 1735 5578 Ἰερουσαλὴμ,

196 5595 651 5666 συγκαλεσαμένη,
682 5593 779 5648 καὶ
808 5596 907 5666 τὴν
946 5598 1289 5669 ἐνδημοῦσαν
1324 5598 1632 5669 τηνικαῦτα
1668 5601 1735 5671 τῇ

200 5683 402 5753 βασιλίδι
422 5687 532 5743 τῶν
570 5687 779 5743 πόλεων
806 5688 959 5745 θείαν
990 5693 1085 5745 καὶ
1115 5693 1271 5763 ίερέιν
1302 5691 1413 5746 τῶν
1462 5691 1557 5745 τοῦ
1603 5692 1737 5761 Χρι-

201 5777 311 5830 στοῦ
334 5777 625 5859 ἀρχιερέων
668 5779 911 5847 σύνοδον,
946 5784 1353 5857 συναθροίσασα
1376 5802 1433 5838 τε
1473 5784 1575 5847 τάς
1599 5785 1735 5858 χρή-

203 5881 300 5933 σεις
317 5870 413 5927 τῶν
438 5871 535 5943 τὴν
567 5871 826 5946 τοιαύτην
858 5875 1288 5947 ἐξηγησαμένων
1317 5878 1517 5952 φωνὴνΔ
1537 5878 1733 5952 ,θεοφό-

492 5965 761 6031 ΡΑτιιοι.
811 5955 907 6030 (in
961 5956 1292 6034 CXXXIII.

1915 5228 1968 5283 5.
1992 5226 2314 5283 Convocatis
2336 5227 2503 5299 igitur
2528 5226 2875 5283 sanctissimo
2901 5233 3060 5293 atque
3088 5224 3424 5281 mcumenico

1844 5321 2176 5392 patriarcha,
2209 5320 2440 5391 aliisque
2473 5321 2829 5377 sanctissimis
2861 5315 3203 5390 patriarchis,
3228 5330 3422 5385 nempe

1848 5416 1998 5471 urbis
2021 5415 2112 5470 Dei
2168 5429 2373 5486 magnas
2401 5414 2722 5480 Antiochiae,
2751 5423 2803 5468 et
2824 5421 3023 5468 sancta:
3054 5407 3231 5465 Sionis
3273 5410 3422 5468 urbis

1846 5504 2180 5575 Jerusalem;
2236 5523 2335 5563 nec
2390 5523 2494 5563 non
2520 5523 2585 5563 ex
2618 5506 2972 5563 incolentibus
3003 5519 3097 5573 per
3137 5502 3188 5557 id
3211 5512 3422 5573 tempus

1844 5600 2048 5670 regiam
2085 5600 2424 5671 mctropolim
2451 5598 2737 5670 episcOpis,
2764 5596 2943 5652 divina
2979 5604 3034 5651 et
3070 5610 3224 5651 sacra
3263 5592 3422 5649 Chri-

1843 5692 1911 5748 sti
1967 5692 2347 5763 episcoporum
2398 5694 2603 5765 synodo
2665 5698 3033 5762 congregata;
3072 5689 3422 5745 auctoritates

1842 5784 2166 5840 deiferorum
2211 5784 2451 5850 Patrum.
2510 5786 2598 5857 qui
2638 5785 2843 5841 dictum
2904 5782 3033 5839 illud
3078 5781 3412 5851 interpretati

1841 5877 2078 5944 fuerant,
2109 5876 2162 5933 in
2194 5876 2427 5932 medium
2459 5873 2684 5948 proferri
2712 5876 3037 5939 curavimus,
3064 5872 3410 5942 diligentique

2941 5966 3013 6025 25
