3932 6190
256 345 344 414 5'81

1297 357 1346 417 Ν
1352 357 1662 422 ΟΥΕΙᾸΛΞ
1689 361 2363 426 CONSTITUTlONES.

3385 365 3492 432 78"2

253 461 680 535 προεκτεθείσαις
723 464 822 536 τῆς
878 466 1036 537 ἡμῶν
1079 469 1361 542 βασιλείας
1410 473 1659 545 γνώμαις
1705 475 1799 530 καὶ

1919 476 2169 534 ctissimis
2214 477 2559 550 patriarchis,
2606 491 2868 550 sacraque
2918 487 2972 535 et
3026 479 3206 537 divina
3260 487 3490 570 synodo'

249 558 348 611 τῶν
386 555 703 625 ἁγιωτάτων
759 564 1120 634 πατριαρχῶν
1172 567 1268 620 καὶ
1327 567 1430 638 τῆς
1496 568 1651 640 ἱερᾶς
1712 571 1810 625 καὶ

249 650 387 714 θείας
413 650 655 717 συνόδου,
702 652 798 723 ἀφ’
838 648 898 710 οὐ
930 656 992 710 τὸ
1019 657 1185 731 κῦρος
1233 660 1502 727 ἐδέξαντο,
1541 664 1636 718 καὶ
1667 664 1811 721 οὕτω

247 742 326 798 διὰ
353 742 464 816 βίου
495 745 884 815 φρονήσοντας.
914 750 1142 822 Πρὸςδὲ
1174 754 1385 820 τούτοις
1426 760 1521 811 καί⁸
1563 760 1690 822 τοὺς
1739 760 1807 829 τῇ

247 835 461 889 κενώσει
486 837 621 909 μόνῃ
637 835 738 908 τὴν
759 839 1018 911 τοιαύτην
1041 844 1224 917 φωνὴν
1261 850 1748 922 προσαρμόζοντας
1775 854 1806 921 ἢ

244 929 304 996 τῇ
329 925 465 981 κατὰ
488 927 654 1001 ψιλὴν
685 931 938 985 ἐπίνοιαν
970 933 1262 1008 διαιρέσει,
1293 940 1457 995 ὁπότε
1478 940 1563 1015 [ἡ]
1582 943 1674 996 τοῦ
1694 945 1809 996 Κυ-

247 1019 353 1090 ρίου
380 1019 515 1090 σὰρξ
541 1019 619 1085 ὡς
649 1022 786 1092 μηδὲ
807 1026 877 1095 τῇ
899 1024 1116 1097 θεότητι
1149 1029 1417 1089 ἑνωθείσα
1443 1035 1566 1089 καθ’
1598 1036 1802 1107 ἑαυτὴν

232 1113 433 1164 νοεῖται
461 1109 557 1163 καὶ
591 1117 838 1188 κρίνεται
869 1119 1020 1191 (καθ’
1052 1121 1114 1178 ὃν
1143 1124 1348 1196 τρόπον
1380 1127 1471 1180 καὶ
1512 1126 1678 1199 δούλη
1715 1128 1810 1182 καὶ

242 1204 502 1273 ἀγνοοῦσα
531 1209 799 1281 λέγεται),
826 1213 888 1266 οὐ
920 1213 1028 1286 μὴν
1054 1217 1192 1272 ἀλλὰ
1219 1219 1313 1272 καὶ
1346 1222 1474 1285 τοὺς
1499 1220 1809 1295 [λέγοντας]

241 1297 332 1367 τὴν
357 1301 616 1371 τοιαύτην
638 1302 823 1372 φωνὴν
850 1309 1002 1376 παρὰ
1022 1306 1114 1360 τού
1139 1309 1348 1380 Κυρίου
1373 1312 1608 1385 ῥηθῆναι
1630 1313 1690 1366 τὸ
1713 1315 1812 1384 τῆς

241 1391 417 1461 κοινῆς
439 1392 656 1463 φύσεως
700 1397 810 1450 τῶν
836 1399 1144 1470 ἀνθρώπων
1174 1404 1548 1478 ὑποδυομένου
1592 1407 1811 1480 πρόσω-

236 1498 354 1549 πον,
384 1485 574 1558 ὥσπερ
597 1490 692 1545 καὶ
733 1491 1240 1572 ἐγκαταλειφθῆναι
1269 1499 1425 1572 παρὰ
1466 1499 1559 1554 τοῦ
1601 1500 1812 1572 Πατρός

241 1576 328 1629 ἐπὶ
352 1579 590 1653 σταυροῦ
612 1565 963 1658 κρερῗάμενος
981 1565 1393 1665 ἀνακεκραγενο
1439 1594 1578 1665 ὅπερ
1603 1595 1651 1648 οἱ
1678 1565 1812 1648 θεῖοι

239 1667 475 1742 Πατέρες
499 1675 782 1750 προσώπῳ
811 1681 906 1751 τῆς
961 1684 1153 1756 κοινῆς
1200 1686 1312 1741 τῶν
1351 1684 1664 1757 ἀνθρώπων
1712 1687 1813 1756 φύ-

238 1776 370 1826 σεως
398 1762 591 1836 λεχθὲν
619 1767 1059 1842 ὲκλαμδάνονται
1090 1778 1334 1850 (ἐκείνης
1363 1779 1473 1852 γὰρ
1502 1782 1727 1844 πάντως
1777 1781 1811 1852 ἡ

1910 584 1976 625 ex
2031 586 2139 642 quo
2191 571 2525 627 sanctionem
2590 570 2673 627 hm
2729 572 3104 642 accepissent;
3139 587 3306 646 seque
3345 577 3416 632 ita
3439 579 3492 634 in

1914 673 2189 734 posterum
2241 665 2542 720 credituros
2585 665 2996 721 confirmarunt.
3045 665 3312 724 Praeterea
3373 670 3496 729 illos

1913 759 2002 828 qui
2049 759 2116 813 ad
2175 773 2338 813 uuam
2391 758 2816 813 exinanitionem
2863 757 2965 813 hoe
2993 758 3199 815 dictum
3224 760 3491 828 referunt,

1906 847 1997 902 vel
2053 850 2120 901 ad
2145 849 2446 920 simplicem
2503 847 2917 904 intellectualem
2967 850 3358 919 praecisionem,
3387 868 3491 923 qua

1906 935 2124 994 Domini
2159 953 2306 1006 caro,
2361 949 2612 1011 tanquam
2685 957 2750 997 ne
2779 943 2924 996 unita
2959 942 3171 1013 quidem
3202 945 3494 1012 divinitati,

1915 1031 2030 1101 ipsa
2065 1045 2164 1101 per
2179 1047 2237 1087 se
2264 1033 2536 1102 cogitatur
2564 1042 2619 1088 et
2647 1043 2960 1104 reputatur;
3002 1037 3302 1092 secundum
3335 1053 3493 1108 quam

1913 1127 2184 1181 rationem
2252 1143 2404 1183 serva
2454 1144 2671 1200 quoque
2696 1137 2750 1185 et
2781 1129 2951 1186 inscia
2994 1130 3192 1187 dicitur
3226 1152 3241 1188 :
3276 1135 3496 1205 insuper

1913 1228 1970 1274 et
1999 1232 2094 1274 eos
2125 1220 2214 1286 qui
2249 1220 2433 1277 dicunt
2462 1220 2602 1277 hanc
2655 1221 2981 1278 locutionem
3009 1238 3037 1276 a
3085 1222 3313 1279 Domino
3332 1225 3496 1280 fuisse

1913 1313 2178 1383 prolatam
2254 1325 2522 1383 quatenus
2573 1317 2874 1373 communis
2950 1326 3156 1374 natura
3214 1318 3490 1374 hominum

1913 1421 2202 1476 personam
2254 1408 2508 1479 gerebat;
2564 1407 2638 1463 ita
2696 1419 2754 1463 ut
2794 1410 2956 1465 etiam
3002 1424 3061 1465 se
3123 1411 3419 1483 derelinqui
3461 1429 3492 1469 ο

1919 1499 2084 1556 Patre
2135 1500 2187 1555 in
2222 1515 2383 1556 cruce
2416 1502 2554 1556 ﬁxus
2582 1501 3001 1572 exclamaverit;
3032 1519 3191 1575 quam
3224 1508 3496 1564 exclama-

1918 1591 2114 1646 tionem
2173 1591 2278 1648 divi
2309 1591 2495 1648 Patres
2526 1593 2579 1648 in
2607 1609 2832 1663 persona
2881 1596 3186 1652 communis
3215 1597 3492 1654 hominum

1917 1694 2123 1739 natura
2187 1683 2382 1740 iactam
2437 1677 2933 1758 intelliguntzhtee
2973 1691 3119 1745 enim
3182 1707 3372 1762 reapse
3402 1695 3496 1750 de-

1920 1780 2106 1837 relicta
2166 1781 2284 1851 fuit,
2352 1797 2470 1852 quae
2519 1785 2757 1856 peccatis
2807 1801 2866 1841 se
2906 1787 3195 1844 obnoxiam
3258 1791 3495 1859 iecerat;

235 1855 637 1952 εγξαεάλειψις.
668 1862 702 1932 ἢ
725 1867 847 1929 ταῖς
888 1868 1190 1940 ἁμαρτίαις
1223 1870 1481 1935 ὑπόδικος
1526 1872 1762 1943 γέγονεν
1793 1890 1808 1903 ·

1919 1890 2026 1930 non
2067 1887 2249 1932 autem
2298 1875 2569 1945 Christus,
2614 1879 2703 1950 qui
2752 1891 3030 1951 peccatum
3057 1897 3166 1938 non
3217 1883 3365 1952 fecit,
3398 1902 3498 1942 nec

232 1946 438 2022 αῠ[γάρ
585 1955 830 2044 ξριστοῦ
880 1962 1073 2030 αὐτοῦ,
1096 1964 1155 2028 ὃς
1170 1964 1476 2037 [ἁμαρτίαν
1502 1965 1602 2021 οὐκ
1627 1967 1812 2039 εποίη-

227 2056 332 2096 in
365 2043 517 2118 οὐδὲ]
558 2043 756 2123 εὑρέθη
792 2052 945 2119 δόλος
975 2057 1036 2109 ὲν
1072 2055 1151 2128 τῷ
1181 2058 1416 2130 στόματι
1453 2057 1669 2131 αὐτοῦ),
1717 2059 1816 2113 καὶ⁹

231 2134 352 2198 τοὺς
381 2137 666 2206 τοιούτους
705 2143 800 2198 οὖν
837 2144 1136 2222 [ἅπαντας]
1176 2150 1479 2217 ὑποδίκους
1509 2151 1695 2216 ἔθεντο
1746 2156 1813 2226 τῇ

234 2237 504 2312 καταδίκη
526 2239 624 2296 τοῦ
645 2234 1012 2314 ἁναθέματος.
1047 2243 1172 2298 Ἐπὶ
1198 2243 1256 2296 δὲ
1272 2243 1354 2317 τῷ
1375 2245 1608 2317 τοιούτῳ
1628 2245 1815 2318 γράμ-

237 2345 364 2398 ματι
385 2332 489 2387 καὶ
522 2335 804 2390 συνοδιιοδν
827 2337 1067 2408 γράμμα
1107 2335 1342 2408 προέϐη,
1380 2338 1448 2392 τὰ
1480 2341 1816 2410 συναχθέντα

233 2426 538 2497 διαγράφον
571 2428 964 2501 ἀριδηλότατα.

301 2523 498 2579 8..Καὶ
531 2524 626 2580 νῦν
654 2526 763 2581 ίδού
792 2529 936 2583 κατὰ
961 2528 1061 2600 τὴν
1085 2529 1390 2602 ινᾊσματι
1425 2528 1644 2600 νύμφην
1667 2530 1700 2602 ή
1721 2528 1816 2584 τοῦ

231 2617 472 2688 Χριστοῦ
525 2620 822 2695 Ἐκκλησία
870 2623 1249 2693 προφαίνουσα
1297 2623 1395 2692 τὴν
1434 2622 1817 2695 πνευματικὴν

231 2711 397 2786 αὐτῆς
418 2711 762 2781 άγαλλίασιν,
795 2713 859 2769 '0
877 2715 1114 2785 χειμὼν,
1141 2717 1296 2786 φησὶ,
1324 2715 1595 2786 παρῆλθε
1614 2715 1681 2770 δι’
1698 2710 1759 2771 οὗ
1783 2717 1817 2789 ἡ

229 2806 416 2878 ἀγάπη
437 2807 548 2863 τῶν
574 2808 784 2863 πολλῶν
809 2809 1146 2880 ἁπεψύγετο,
1181 2812 1215 2864 ὁ
1245 2811 1420 2878 ὑετὸς
1441 2811 1744 2881 ἀπῆλθεν,
1760 2812 1818 2866 αί

237 2902 632 2972 ραγδαιόταται
687 2903 797 2958 τῶν
838 2904 1100 2961 ἀντιθέων
1153 2905 1415 2976 ἐπιφοραὶ
1471 2905 1818 2978 διελύθησαν,

228 2995 298 3049 τὰ
327 2994 489 3065 ἄνθη
512 2998 608 3068 τῆς
630 2997 886 3069 ἀληθείας
906 2995 1064 3068 ὤφθη
1105 2996 1174 3051 ἐν
1202 2995 1278 3066 τῇ
1316 2996 1420 3066 γῇ.
1445 2997 1558 3068 Τὴν
1581 2997 1690 3069 γὰρ
1723 2997 1818 3052 τοῦ

237 3085 498 3158 Νυμφίου
528 3088 710 3158 φωνὴν
731 3087 1048 3160 ὴκουτίσθη.
1081 3088 1164 3142 ὅτι
1190 3089 1222 3159 ἡ
1252 3087 1404 3160 φωνὴ
1428 3089 1594 3144 αὐτοῦ
1627 3089 1814 3162 ἡδεταο

230 3181 262 3250 ἡ
313 3181 427 3253 γάρ
478 3181 575 3235 τοῦ
635 3183 840 3255 Κυρίου
871 3183 1043 3254 φωνὴ,
1106 3183 1238 3254 περὶ
1274 3178 1343 3257 ἦς
1398 3183 1687 3255 ήξήτησις
1726 3179 1814 3255 ἦν,

225 3272 334 3334 τοῖς
350 3269 536 3342 ὀρθοῖς
551 3271 766 3344 τῶντῆς
783 3273 1040 3343 ἀληθείας
1071 3272 1327 3346 κηρύκων
1341 3273 1705 3346 κρατυνθεῖσα
1727 3275 1817 3328 λό-

224 3380 342 3433 γοις
358 3365 605 3438 ἀπεδόθη
628 3368 738 3430 τοῖς
759 3367 930 3438 αὐτῆς
953 3367 1240 3441 τροφίμοις
1261 3370 1400 3439 μετὰ
1417 3367 1514 3437 τῆς
1535 3369 1592 3422 εὐ
1602 3369 1818 3435 σεδείας

225 3459 596 3530 κηρύττεσθαι
620 3477 635 3492 ο
667 3462 762 3515 καὶ
815 3462 926 3516 ἰδοὺ
947 3462 1041 3516 νῦν
1063 3462 1121 3516 αἱ
1147 3464 1369 3533 νεφέλαι
1394 3462 1675 3535 παρῆλθον
1704 3463 1813 3520 ἀπὸ

222 3551 750 3622 τῆςντηλαυγήσεως
774 3553 871 3607 τοῦ
922 3554 1176 3626 ἀληθινοῦ
1198 3555 1376 3626 φωτὸς
1408 3556 1465 3608 τὸ
1495 3557 1684 3620 σκότος
1716 3557 1816 3630 τῆς

225 3644 458 3714 ἀγνοίας
479 3644 742 3710 λύσαντος
772 3648 867 3702 καὶ
893 3648 1254 3712 σκεδάσαντος
1281 3665 1293 3677 ·
1325 3652 1417 3702 καὶ
1445 3650 1505 3703 τὸ
1532 3653 1624 3704 το]
1660 3668 1822 3707 σκαν-

222 3737 382 3794 δαλου
412 3741 589 3794 αἴτιον
609 3740 828 3813 διελύθη
877 3743 970 3796 καὶ
1004 3742 1108 3795 τῶν
1139 3743 1424 3815 ἡμετέρων
1450 3745 1657 3814 τρίῦων
1684 3763 1818 3816 μετ-

224 3832 368 3913 ἠρθη
397 3875 414 3900 ,
459 3835 557 3889 καὶ
577 3835 626 3890 οἰ.
658 3834 815 3900 πόδες
839 3835 996 3906 ἡμῶν
1027 3837 1084 3908 έν
1112 3835 1411 3918 εὐρυχώρῳ
1436 3839 1533 3910 τῆς
1562 3838 1820 3909 ἀληθείας

224 3926 557 3999 ἑστήκασιν,
609 3926 703 3982 καὶ
763 3928 912 4000 ότην
973 3927 1214 4000 πτέρναν
1239 3930 1423 4001 τηρῶν
1464 3933 1562 4000 τῆς
1593 3933 1822 4005 καρδίας

225 4020 352 4087 δφις
403 4020 906 4092 καταπεπάτηταιέ
961 4025 1056 4076 καὶ
1097 4022 1195 4093 μία
1241 4024 1465 4092 γέγονεν
1527 4025 1819 4096 Ἐκκλησία

225 4112 423 4179 κοινῶς
448 4112 808 4180 δοξολογοῦσα
841 4113 933 4167 τὸν
962 4113 1186 4185 Κύριον.

297 4206 353 4262 9.
415 4205 512 4260 Διὸ
560 4206 624 4276 δὴ
680 4207 831 4279 καὶὴ
868 4207 1113 4280 βασιλεία
1161 4209 1319 4279 ἡμῶν
1365 4211 1456 4264 καὶ
1498 4210 1593 4265 νῦν
1627 4212 1816 4267 ἐπικυσ

225 4299 399 4371 ροῦσα
457 4298 526 4352 τὰ
586 4298 736 4370 παρὰ
787 4300 894 4354 τῶν
954 4299 1276 4370 ἁγιωτάτων
1327 4297 1683 4376 πατριάρχῶν
1723 4306 1817 4360 καὶ

215 4388 322 4461 ’τῆς
353 4390 780 4462 συνειλεγμένης
825 4391 975 4455 θείας
1035 4393 1129 4446 καὶ
1170 4393 1322 4463 ἱερᾶς
1347 4392 1549 4465 ταύτης
1596 4398 1814 4452 συνόδου

222 4465 644 4556 όροθετηθέντα,
670 4487 764 4538 καὶ
792 4485 1116 4555 βεϐαιότατα
1142 4486 1421 4556 διαμένειν
1442 4487 1721 4554 ἐθέλουσα,
1753 4493 1814 4545 τὸ

1917 1968 2168 2025 inventus
2185 1970 2439 2027 estdolus
2468 1971 2639 2027 inore
2669 1974 2787 2044 ejus
2820 1991 2835 2027 :
2863 1975 2961 2032 hos
2985 1991 3223 2047 quoque,
3250 1977 3496 2049 inquam,

1917 2077 2105 2118 omnes
2153 2065 2418 2120 sententia
2472 2066 2836 2125 anathematis
2894 2071 3263 2138 perculerunt.
3320 2072 3498 2144 Super

1920 2155 2229 2227 huiusmodi
2276 2166 2459 2215 autem
2522 2160 2729 2230 scripto
2777 2162 3051 2218 conditum
3078 2165 3493 2237 estsynodicum

1915 2249 2217 2319 decretum,
2265 2250 2409 2322 quod
2451 2253 2632 2309 omnia
2661 2254 2953 2311 constituta
2987 2257 3270 2329 perspicuo
3302 2259 3496 2317 ordine

1918 2342 2179 2400 continet.

1989 2517 2044 2574 8.
2102 2518 2164 2575 Et
2194 2535 2338 2576 nunc
2391 2536 2537 2583 ecce,
2599 2532 2768 2578 .nstar
2837 2539 3049 2595 sponsae
3107 2526 3498 2606 Canticorum,

1919 2608 2125 2666 Christi
2184 2611 2430 2668 Ecclesia
2486 2613 2789 2683 spiritalem
2839 2631 2994 2672 suam
3053 2633 3166 2689 pra:
3213 2634 3274 2677 se
3319 2620 3499 2682 ferens

1920 2703 2398 2774 pulchritudinem,
2425 2705 2630 2770 Hiems,
2654 2707 2846 2778 inquit,
2878 2712 3109 2778 transiit,
3134 2727 3243 2784 qua
3263 2715 3500 2774 Charitas

1922 2796 2218 2853 multorum
2268 2800 2594 2868 refrixerat;
2650 2801 2815 2854 imber
2859 2803 3009 2868 abiit,
3040 2805 3261 2862 violenti
3295 2810 3503 2867 scilicet

1920 2887 2412 2945 controversiarum
2462 2890 2731 2960 impetus;
2791 2892 2945 2954 ﬂores
2985 2894 3228 2954 veritatis
3278 2898 3331 2952 in
3362 2909 3501 2956 terra

1919 2991 2279 3052 apparuerunt
2312 2981 2352 3036 ’.
2397 2981 2596 3036 Vocem
2652 2983 2849 3052 quippe
2882 2981 3078 3055 Sponsi
3104 2985 3353 3056 inaudiit,
3383 3006 3502 3062 quae

1919 3089 2052 3132 sane
2111 3074 2281 3130 dulcis
2344 3084 2445 3132 est.
2507 3075 2716 3131 Etenim
2770 3076 2981 3136 Domini
3042 3097 3167 3148 vox,
3208 3084 3272 3140 de
3301 3085 3503 3157 qualis

1923 3168 2119 3238 fuerat,
2159 3170 2320 3225 rectis
2351 3169 2593 3226 veritatis
2629 3171 2969 3240 praeconibus
3004 3174 3278 3244 roborata,
3307 3180 3498 3236 tradita

1922 3270 2002 3316 est
2053 3260 2284 3318 alumnis
2333 3261 2446 3317 suis
2475 3272 2538 3315 ut
2588 3279 2708 3317 cum
2760 3280 2890 3319 sana
2934 3264 3134 3336 pietate
3162 3269 3494 3338 prmdicctur.

1921 3356 1986 3410 Et
2031 3369 2159 3411 ecce
2211 3353 2325 3423 jam
2379 3355 2549 3410 nubes
2615 3356 2953 3414 transierunt
3005 3359 3074 3412 oh
3132 3360 3242 3414 veri
3280 3360 3504 3420 luminis

1920 3447 2292 3518 splendorem,
2351 3460 2458 3516 quo
2523 3445 2842 3517 ignorantiae
2912 3448 3146 3504 tenebrze
3222 3449 3505 3507 solvuntur

1921 3557 1983 3596 ac
2033 3541 2386 3611 dissipantur.
2440 3539 2829 3596 Scandalorum
2868 3539 3074 3609 lapides
3106 3555 3137 3596 e
3178 3542 3279 3597 viis
3303 3543 3504 3598 nostris

1920 3633 2075 3700 ejecti
2132 3639 2292 3701 sunt;
2339 3635 2503 3702 pedes
2544 3635 2713 3689 nostri
2803 3632 2858 3686 in
2919 3632 3200 3688 latitudine
3261 3633 3508 3690 veritatis

1922 3724 2261 3791 consistunt;
2318 3734 2372 3781 et
2405 3725 2495 3796 qui
2546 3726 2727 3780 cordis
2774 3727 3084 3781 ealeaneum
3115 3727 3504 3782 ohservatser-

1921 3833 2055 3888 pens
2105 3819 2346 3872 calcatus
2383 3819 2516 3885 fuit;
2571 3833 2782 3889 unaque
2810 3817 2948 3874 facta
2973 3828 3056 3874 est
3079 3818 3501 3878 collaudantium

1925 3912 2211 3966 Doruiuum
2246 3909 2510 3966 Ecclesia.

1997 4194 2050 4249 9.
2090 4191 2452 4261 Quamobrem
2527 4200 2708 4245 nostra
2747 4205 2964 4260 quoque
3003 4191 3259 4261 majestas
3288 4201 3340 4248 et
3363 4209 3506 4250 nunc

1921 4287 2176 4344 sanciens
2227 4300 2296 4339 ea
2350 4299 2468 4352 qua:
2523 4297 2550 4336 a
2605 4281 2966 4337 sanctissimis
3016 4282 3341 4350 patriarchis
3372 4298 3507 4340 con-

1879 4425 1882 4428 .
1921 4391 2248 4452 gregataque
2270 4378 2356 4432 dia
2389 4387 2442 4433 et
2472 4376 2841 4433 sacratissima
2876 4375 3087 4447 synodo
3126 4376 3349 4432 deﬁnita
3385 4377 3504 4434 iue—

1921 4490 2068 4538 runt,
2129 4474 2425 4542 eademque
2478 4468 2788 4523 ﬁrmissima
2865 4481 3090 4523 manere
3136 4468 3344 4535 volens,
3404 4470 3505 4526 hoc

225 4579 404 4651 παρόν
472 4577 691 4641 εὐσεϐὲς
723 4577 998 4632 ἐκτίθεται
1040 4578 1261 4645 ῐδικτον,
1317 4579 1386 4632 δι’
1444 4574 1506 4635 οὗ
1539 4584 1631 4636 καὶ
1673 4585 1806 4635 πᾶσι

1919 4567 2066 4636 pium
2129 4565 2408 4638 proposuit
2461 4562 2718 4617 edictum.
2756 4559 2908 4615 Unde
2937 4569 2991 4615 et
3015 4561 3223 4617 cunctis
3267 4563 3358 4631 qui
3390 4562 3503 4618 Ro-

224 4674 335 4737 τοῖς
368 4671 479 4726 ὑπο
504 4670 600 4744 τὴν
615 4671 930 4743 Ῥωμαϊκὴν
963 4672 1323 4743 ἐπικράτειαν
1357 4675 1558 4746 ταύτης
1586 4674 1806 4746 ἔχεσθαι

224 4765 320 4836 τῆς
362 4763 650 4836 όρθοδόξου
714 4763 942 4836 γνώμης
991 4765 1450 4837 παρακελεύεται.
1512 4768 1576 4821 Ei
1631 4770 1686 4821 δέ
1732 4787 1812 4835 τις

225 4857 662 4928 ἐναντιοφρονῶν
694 4859 876 4922 αὐτοῖς
913 4858 1303 4929 φωραθήσεται
1334 4859 1429 4913 καὶ
1469 4859 1568 4930 τὴν
1599 4862 1810 4933 παροῦ-

223 4969 322 5005 σαν
355 4951 519 5022 ἡμῶν
551 4949 795 5023 [εὐσεϐῆ]
817 4951 1037 5023 γραφὴν
1066 4951 1589 5022 παραλογιζόμενος,
1620 4955 1667 5006 εί
1711 4954 1809 5023 μὲν

222 5042 529 5106 ἐπίσκοπος
562 5043 710 5095 ἐστιν
747 5043 776 5112 ἣ
808 5041 1068 5114 κληρικὸς
1101 5043 1131 5112 ἢ
1165 5043 1418 5114 μοναχδς,
1451 5046 1542 5098 τὸν
1567 5045 1808 5100 τοιοῦτον

223 5134 561 5205 θεσπίςομεν
590 5135 667 5205 τῷ
702 5135 801 5205 τῆς
849 5133 1228 5202 καθαιρέσεως
1261 5136 1524 5206 ἐπιτιμίῳ
1562 5136 1801 5190 καθυπο-

224 5226 552 5280 6άλλεσθαι’
591 5226 725 5280 εἰδὲ
772 5225 878 5278 τῶν
917 5228 975 5280 ὲν
1006 5226 1276 5296 ἀξιώμασι
1309 5230 1401 5282 καὶ
1450 5230 1557 5282 τῶν
1597 5231 1805 5284 ἐντελε-

226 5328 438 5396 στέρων
461 5323 619 5385 τελεῖ.
653 5323 915 5395 δημεύσει
945 5340 1001 5376 τε
1031 5324 1371 5389 ὑποκεῖσθαι,
1415 5335 1508 5378 καὶ
1546 5330 1608 5397 τῇ
1645 5329 1780 5396 ἀφαι

226 5402 375 5489 ρέσει
405 5417 499 5471 τοῦ
553 5416 862 5490 ἀξιώματος
887 5433 903 5447 ⁸
943 5421 989 5472 εἰ
1022 5419 1078 5474 δὲ
1114 5419 1213 5489 τῆς
1245 5419 1355 5472 τῶν
1396 5420 1620 5474 ἱδιωτων
1651 5423 1809 5494 μερί-

218 5493 308 5577 δος
345 5511 710 5580 καθέστηκεν,
767 5511 1068 5584 ὑπερορίαν
1091 5512 1254 5582 τῆσδε
1280 5515 1376 5584 τῆς
1404 5493 1670 5585 βασιλίδος
1697 5515 1806 5569 τῶν

225 5606 437 5659 πόλεων
482 5605 580 5657 καὶ
628 5604 808 5676 πάσης
858 5604 1045 5671 ἁπλῶς
1091 5606 1515 5677 κατακρίνεσθαι
1572 5609 1802 5674 πόλεως,

222 5699 317 5752 καὶ
353 5698 451 5750 ἐπὶ
482 5698 618 5750 πᾶσι
656 5695 914 5770 [τούτοιςῖ
963 5701 1030 5769 τῇ
1087 5699 1449 5772 αὐστηρότητι
1484 5701 1590 5754 τῶν
1643 5702 1805 5772 ἱερῶν

223 5792 319 5844 καὶ
362 5790 525 5844 θείων
549 5791 786 5846 κανόνων
812 5792 1139 5861 ὑπάγεσθαι.

294 5883 444 5950 Μηνὶ
488 5884 748 5956 Ἀπριλίῳ
799 5885 1127 5951 ἰνδικτιῶνος
1183 5885 1238 5942 ιδ’
1271 5886 1385 5956 τοῦ,
1432 5888 1576 5961 ς’χοὸ’
1624 5888 1804 5954 ἔτους.

299 5981 318 6008 ³
350 5977 508 6034 Cant.
549 5993 611 6044 ιι,
646 5980 734 6034 ll.

1922 4674 2082 4715 mano
2139 4669 2332 4731 parent
2377 4655 2623 4725 imperio,
2686 4660 2743 4707 ut
2794 4654 2936 4707 hanc
2987 4655 3257 4708 retineant
3287 4669 3499 4711 sacram

1918 4754 2077 4807 tidem
2113 4751 2446 4806 mandamus.
2488 4749 2542 4803 Si
2571 4749 2693 4817 quis
2723 4759 2900 4801 autem
2947 4749 3274 4802 contrarium
3299 4749 3500 4803 sentire

1919 4846 2180 4914 deinceps
2237 4843 2667 4912 deprehendetur
2743 4850 2794 4894 et
2847 4840 2984 4894 hanc
3065 4847 3303 4893 nostram
3355 4841 3496 4907 piam

1914 4940 2239 5008 scripturam
2295 4937 2532 5001 violare,
2580 4935 2624 4990 si
2675 4935 2890 5005 quidem
2943 4949 3223 5003 episcOpus
3309 4933 3493 5000 fuerit,

1915 5034 2318 5097 autclericns,
2368 5040 2464 5085 aut
2539 5038 2890 5084 consecratus
2963 5028 3282 5088 monachus.
3355 5030 3498 5082 hunc.

1913 5129 2234 5182 mandamus
2260 5125 2615 5196 depositionis
2665 5122 2870 5189 judicio
2923 5135 3040 5175 esse
3082 5119 3497 5185 subjiciendum.

1913 5222 2008 5275 Sin
2033 5236 2212 5277 autem
2246 5238 2276 5277 e
2309 5223 2605 5292 majoribus
2672 5214 3020 5284 dignitatibus
3065 5211 3356 5282 quispiam,
3399 5213 3499 5266 h0-

1915 5330 2103 5369 nnrem
2160 5315 2208 5369 ei
2261 5316 2507 5383 bonaque
2561 5323 2742 5381 erepta
2801 5311 3067 5367 volumus.
3116 5306 3210 5359 Sin
3264 5305 3501 5375 denique

1916 5409 2158 5481 privatus
2215 5409 2378 5464 homo
2437 5407 2624 5473 fuerit,
2685 5404 2877 5459 exsilio
2922 5421 2984 5461 cx
3020 5404 3149 5459 urbe
3169 5409 3286 5460 'non
3322 5400 3496 5458 solum

1921 5509 2088 5579 regia,
2141 5524 2333 5563 verum
2360 5505 2507 5559 omni
2560 5516 2779 5571 prorsus
2802 5500 3057 5555 multetur
3088 5519 3102 5556 :
3137 5509 3190 5554 et
3234 5510 3492 5569 prmterea

1915 5605 2258 5660 severitatem
2282 5613 2562 5654 sacrorum
2593 5597 3008 5663 divinorumque
3033 5608 3300 5650 canonum
3324 5609 3492 5664 expc-

1916 5700 2109 5755 riatur.

1986 5883 2169 5941 Mense
2200 5879 2395 5952 Aprili,
2434 5874 2728 5934 indictione
2755 5874 2843 5941 ii,
2869 5892 3006 5931 anno
3034 5873 3196 5930 6674.
