3788 6196
497 361 602 427 783

1653 364 2056 429 MANUELIS
2093 364 2437 428 COMNEN’I

3605 368 3689 441 ’184

2035 485 2220 546 XVII.

1197 639 1366 680 suam
1389 639 1563 680 sum
1595 637 1926 678 CONFIBIANS
1953 636 2366 678 convenrtouau
2404 636 2504 676 cun
2527 634 2876 676 CERUENSIBUB
2905 617 3042 692 (50).

563 734 1006 808 Quandoquidem
1069 735 1570 792 ueneraliilissimus
1609 733 2069 807 Archiepiscopus
2099 745 2144 798 Α
2173 732 2364 788 debent
2394 734 2516 787 illas
2545 734 2846 804 deff‘endere
2874 747 2922 790 et
2957 737 3226 793 custodire
3267 738 3339 792 aa.’
3363 737 3594 794 honorem
3620 747 3692 796 do'

501 831 736 886 civitatis
760 829 930 885 tanue
958 836 1012 882 et
1040 829 1426 899 sapientissimi
1453 828 1721 886 Consules
1751 840 1804 886 et
1838 829 2065 886 univer-

491 939 612 979 sum
669 924 970 979 Commune
1041 924 1284 992 ejusdem
1359 922 1596 979 civitatis
1657 924 1936 980 mittentes
1993 922 2064 978 ad

489 1017 779 1088 Imperium
815 1029 990 1068 meum
1028 1013 1326 1081 sapientem
1372 1012 1631 1068 nuncium
1677 1025 1864 1068 eorum
1913 1012 2063 1066 Ami-

485 1126 610 1166 cum
638 1110 706 1165 de
750 1107 923 1162 Murta
955 1105 1223 1160 dederunt
1264 1109 1312 1160 ei
1353 1113 1674 1178 potestatem
1725 1115 1964 1162 tractare
2009 1115 2064 1162 et

485 1209 815 1256 conventare
840 1213 960 1252 cum
993 1198 1223 1267 Imperio
1261 1209 1380 1252 meo
1411 1198 1479 1253 de
1512 1200 1709 1269 quibus
1744 1200 2010 1256 voluerint
2039 1217 2056 1255 :

476 1293 580 1351 ille
607 1300 785 1346 autem
817 1291 880 1344 ad
915 1291 1208 1360 Imperium
1248 1307 1420 1345 meum
1451 1293 1770 1362 perveniens
1799 1303 1852 1347 et
1880 1293 1944 1347 de
1975 1293 2060 1348 his

478 1387 728 1456 negociis
766 1382 1096 1440 sulliaieuter
1136 1394 1376 1439 tractans
1438 1385 1575 1439 lianc
1628 1387 2056 1442 convencionem

488 1479 575 1532 hic
604 1488 881 1531 ostensam
914 1477 1061 1539 fecit,
1088 1487 1139 1529 et
1163 1486 1504 1531 sacramento
1533 1493 1652 1532 eam
1685 1479 2053 1544 confirmavit,

487 1585 589 1640 que
615 1580 663 1623 et
693 1570 828 1624 sicut
867 1571 1130 1623 habentur
1159 1570 1224 1623 de
1254 1569 1420 1623 verbo
1454 1571 1504 1624 in
1541 1571 1760 1624 verbum
1787 1583 1805 1625 9

556 1664 620 1721 In
648 1663 852 1717 nomine
879 1661 1060 1716 Patris
1082 1671 1130 1715 et
1156 1661 1283 1718 Filii
1313 1673 1361 1716 et
1391 1662 1625 1732 Spiritus
1654 1662 1840 1718 Sancti
1868 1679 2042 1720 auten.

477 1757 588 1826 Ego
643 1757 858 1809 Amicus
909 1756 973 1809 de
1032 1754 1238 1822 Μανία,
1290 1756 1418 1810 civis
1458 1754 1657 1823 Janue,
1717 1755 1925 1828 legatus
1986 1758 2052 1812 ab

480 1849 883 1920 Archiepiscopo
919 1849 1144 1902 civitatis
1174 1847 1349 1903 Janue
1383 1859 1429 1902 et
1474 1866 1506 1902 a
1547 1847 1862 1904 Consulibus
1893 1859 1942 1904 et
1983 1851 2051 1905 ab

481 1943 622 1995 astuti
660 1941 939 1997 Communi
964 1943 1194 1996 civitatis
1224 1940 1424 2007 Janue,
1453 1942 1714 2012 accipiens
1737 1951 2050 2012 potestatem

467 2045 524 2087 et
559 2033 856 2103 injunctnm
899 2037 964 2086 ab
999 2035 1075 2087 eis
1110 2045 1185 2100 ut,
1217 2034 1468 2105 quicquid
1499 2035 1753 2104 juravero
1781 2045 1829 2090 et
1861 2051 2050 2091 conve-

2171 827 2298 880 mini
2335 825 2676 895 Imperatoris
2705 836 2755 881 et
2794 827 3042 881 heredum
3085 829 3272 896 ipsius.
3303 827 3384 909 Si.
3408 845 3521 884 vero
3543 830 3696 902 aliquis

2164 911 2393 983 alicujus
2425 915 2630 968 inimici
2653 930 2717 968 ea:
2747 927 2898 984 parte
2931 910 3114 986 aliqua
3135 917 3429 985 aliquando
3457 933 3696 988 pervenerit

2166 1006 2455 1063 Christiani
2501 1011 2580 1063 uel
2640 1010 2900 1064 Saraceni
2926 1010 3032 1065 sive
3079 1013 3269 1080 pagani
3317 1028 3491 1066 uersus
3533 1012 3697 1083 aliqua:

2162 1110 2340 1172 partes
2373 1101 2717 1172 Imperatoris
2761 1121 2923 1174 usque
2970 1107 3039 1158 ad
3087 1121 3357 1159 numerum
3404 1117 3595 1160 centum
3624 1125 3698 1177 ga-

2163 1193 2366 1247 learum
2433 1196 2510 1248 vel
2578 1196 2737 1265 plus,
2812 1197 3042 1250 universi
3114 1196 3409 1252 Januenses
3469 1199 3549 1266 qui
3602 1211 3695 1252 tunc

2161 1287 2355 1342 inventi
2418 1289 2615 1358 fuerint
2677 1289 2732 1342 in
2780 1289 2932 1342 terris
2995 1287 3265 1354 Romanic,
3323 1292 3500 1344 debent
3538 1293 3696 1344 intrare

2160 1382 2212 1437 in
2240 1383 2434 1452 galeris
2477 1383 2676 1437 domini
2721 1383 3062 1449 Imperatoris
3107 1402 3223 1439 cunt
3271 1386 3530 1440 consuetis
3560 1387 3695 1439 soldis

2159 1476 2306 1528 curie
2327 1475 2527 1529 domini
2551 1475 2894 1542 Imperatoris
2916 1494 3046 1548 quos
3070 1479 3335 1532 consueuit:
3365 1481 3491 1532 dare
3512 1477 3693 1544 Latinis,

2157 1576 2208 1620 et
2237 1565 2313 1620 ire
2346 1579 2535 1622 contra
2564 1569 2926 1634 supradiclum
2954 1570 3147 1622 stolam
3177 1572 3296 1624 eum
3346 1571 3533 1639 galeris
3597 1569 3696 1624 Cre-

2155 1675 2342 1714 corum
2379 1701 2393 1723 ,
2430 1670 2479 1715 et
2520 1677 2623 1715 non
2655 1672 2978 1715 revertentur
3009 1703 3025 1726 ,
3057 1664 3220 1717 donec
3275 1664 3411 1717 illud
3454 1666 3692 1718 servitium

2155 1754 2478 1822 compleatur
2527 1765 2574 1807 et
2621 1754 2905 1810 Grecorum
2941 1755 3120 1825 galere
3177 1767 3508 1811 reuertantur
3551 1759 3614 1811 rel
3655 1760 3695 1811 in

2156 1843 2672 1916 Constantinopolim
2701 1847 2776 1902 vel
2803 1849 2854 1901 in
2886 1849 3051 1901 aliam
3086 1860 3282 1903 terram
3313 1851 3512 1904 domini
3559 1850 3696 1916 Impe-

2154 1941 2375 1993 ratoris.
2419 1937 2772 1994 Venantamen
2796 1941 3008 2008 quando
3055 1943 3272 2010 predicti
3324 1943 3605 1998 .Ianuenses
3626 1944 3698 1998 de-

2155 2035 2272 2084 bent
2308 2033 2522 2094 moveri,
2553 2032 2815 2087 habebunt
2842 2033 3110 2087 licentiam
3139 2036 3471 2104 relinquendi
3487 2038 3533 2089 in
3560 2047 3697 2090 casto.

468 2127 630 2179 .niero
659 2125 770 2179 vice
811 2125 985 2180 Janue
1015 2143 1132 2179 cum
1162 2129 1496 2182 sanctissimo
1533 2143 1580 2182 et
1613 2129 2051 2184 excellentissimo
2081 2097 2125 2152 Β
2156 2125 2247 2178 dia
2301 2127 2511 2179 navium
2567 2137 2612 2180 et
2670 2142 2850 2180 rerum
2895 2142 3116 2181 suarum
3166 2127 3404 2182 homines
3451 2125 3548 2181 XX
3593 2144 3695 2198 quos

477 2215 804 2284 Imperatore
827 2216 1052 2272 Itonteon
1073 2216 1460 2288 Por/irogenito
1481 2219 1704 2274 Domino
1734 2219 2054 2276 Ilemanuele

479 2311 720 2374 Comino,
744 2310 956 2380 ﬁrmum
984 2323 1029 2365 et
1069 2321 1246 2366 ratum
1274 2313 1375 2366 erit
1400 2316 1496 2368 hoc
1528 2315 1594 2368 ab
1620 2315 1696 2367 eis
1721 2330 1740 2368 :
1772 2315 1909 2368 hanc
1930 2333 2050 2385 pre-

479 2413 672 2457 sentem
731 2405 1129 2459 convencionem
1187 2405 1326 2469 facio
1381 2416 1431 2460 et
1478 2408 1607 2477 juro
1659 2423 1724 2460 ea:
1782 2407 2052 2461 voluntate

475 2496 860 2566 Archiepiscopi
889 2506 935 2550 et
977 2495 1263 2552 Consulatu
1304 2508 1353 2552 et
1381 2499 1548 2553 tocius
1580 2496 1887 2552 Communis
1919 2498 2049 2552 ciri-

474 2587 599 2641 tatis
624 2586 812 2643 Janue
841 2589 910 2642 ad
936 2590 1332 2646 sanctissimum
1364 2590 1646 2644 Dominum
1668 2589 2049 2660 Imperatorem

476 2679 920 2752 Porﬁrogenitum
984 2683 1266 2738 Dominum
1325 2683 1703 2738 Hemanuelem
1773 2684 2046 2739 Cominons

474 2783 524 2826 et
558 2772 627 2826 ad
663 2787 840 2826 omnes
883 2773 1095 2828 heredes
1129 2783 1180 2828 et
1236 2790 1564 2829 successores
1597 2774 1815 2846 Imperii
1856 2775 1969 2846 ejus
1999 2786 2047 2832 et

472 2861 786 2919 Romaniam
823 2866 954 2918 sicut
987 2865 1396 2935 significabitur.

549 2957 722 3024 Quum
754 2955 864 3028 (5i)
896 2958 962 3012 ab
991 2959 1146 3013 hodie
1176 2968 1225 3011 et
1275 2959 1330 3012 in
1361 2967 1516 3012 antea
1562 2975 1724 3029 usque
1752 2961 1813 3014 in
1855 2961 2048 3032 sempio

479 3057 682 3104 ternum
725 3053 888 3105 donec
935 3052 1159 3106 mundus
1188 3055 1386 3106 steterit
1426 3068 1528 3106 non
1559 3067 1711 3109 erunt
1752 3051 2045 3110 Januenses

475 3154 655 3197 contra
686 3141 976 3210 Imperium
1006 3143 1119 3213 ejus
1148 3143 1224 3199 uel
1253 3156 1438 3199 contra
1462 3147 1575 3214 ejus
1603 3147 1815 3202 heredes
1846 3157 1895 3201 et
1924 3163 2045 3201 suc-

473 3252 697 3291 cessores
748 3236 825 3290 rel
866 3247 1048 3291 contra
1099 3237 1417 3292 Romaniam
1450 3240 1528 3292 rel
1572 3249 1760 3293 contra
1808 3241 2042 3310 aliquam

472 3341 666 3383 terram
713 3329 876 3399 ipsius
913 3327 1164 3395 Imperii,
1200 3347 1357 3399 quam
1411 3347 1549 3384 nunc
1594 3330 1746 3386 habet
1781 3334 1856 3387 vel
1883 3349 2041 3402 quam

471 3425 528 3476 in
558 3432 714 3477 antea
745 3421 966 3476 Domino
1013 3421 1300 3491 adjuvante
1352 3423 1691 3492 acquisierit,
1742 3439 1901 3494 neque
1950 3439 2042 3492 per

472 3515 751 3570 consilium
805 3531 964 3582 neque
1013 3531 1105 3582 per
1151 3515 1428 3584 pecuniam
1478 3531 1640 3586 neque
1698 3531 1791 3583 per
1838 3515 2037 3570 stolum

469 3603 604 3654 idem
638 3600 748 3672 (ὅθ)
786 3618 877 3670 per
909 3602 1146 3656 naualem
1193 3606 1480 3657 exercitum
1519 3619 1683 3673 neque
1722 3604 1827 3659 ullo
1860 3606 2038 3675 aliquo

471 3696 669 3758 modo,
723 3710 883 3764 neque
935 3695 1228 3749 Januenses
1277 3695 1372 3748 hoc
1411 3695 1605 3764 facient
1648 3711 1809 3767 neque
1859 3697 2038 3766 aliqua

467 3787 850 3856 conjungentur
885 3786 1041 3857 justa
1075 3788 1147 3840 vel
1180 3786 1378 3854 iniusta
1411 3788 1684 3842 occasione
1731 3789 1890 3841 alicui
1938 3789 2037 3842 ho-

469 3879 596 3930 mini
646 3888 892 3932 coronato
942 3879 1016 3932 uel
1062 3894 1164 3932 non
1212 3889 1461 3932 coronato
1495 3919 1513 3944 ,
1565 3880 1653 3950 qui
1715 3882 1785 3936 sit
1829 3881 1906 3937 vel
1946 3884 2040 3954 qui

467 3972 587 4036 erit,
619 3971 906 4026 christiano
941 3972 1018 4026 vel
1062 3989 1291 4043 pagano,
1344 3974 1457 4027 viro
1497 3975 1577 4028 uel
1619 3974 1855 4028 mulieris
1898 3977 2036 4047 (53),

465 4065 556 4133 qui
594 4064 730 4117 mori
767 4063 845 4117 uel
875 4065 1039 4117 vivere
1087 4065 1247 4133 possit
1285 4079 1306 4119 :
1343 4065 1480 4120 sicut
1510 4068 1573 4119 de
1604 4065 1837 4134 capitulo
1881 4082 2039 4120 coro-

466 4157 580 4210 nati
613 4164 897 4210 tractatum
932 4165 1008 4209 est
1041 4158 1096 4208 in
1141 4158 1287 4210 curia
1327 4157 1543 4211 Domini
1577 4155 1946 4227 Imperatoris,
1985 4170 2034 4214 et

464 4246 782 4301 intellectum
813 4257 862 4300 et
893 4247 1293 4315 interpretatum
1321 4259 1396 4303 est
1445 4249 1574 4303 mihi
1610 4259 1658 4304 et
1704 4267 1737 4305 a
1777 4269 1854 4306 me
1901 4269 2029 4308 con-

463 4342 739 4409 ﬁrmatum
776 4339 1122 4394 adhonorem
1176 4350 1222 4394 et
1247 4342 1543 4410 proﬁcuum
1573 4342 1684 4412 ejus
1728 4343 1945 4413 Imperii
1981 4355 2031 4400 et

467 4433 793 4497 Romaniae,
833 4433 967 4486 sicut
1014 4444 1060 4486 et
1108 4449 1199 4502 ego
1230 4434 1386 4488 debeo
1431 4435 1526 4488 hoc
1559 4435 1893 4506 interpretari
1930 4437 2030 4492 la-
2074 4417 2084 4427 ⁸

465 4527 743 4578 riuensibus
778 4535 831 4577 ut
861 4536 907 4577 et
949 4525 1002 4577 in
1033 4538 1188 4578 antea
1222 4526 1296 4578 sic
1333 4525 1476 4578 istud
1507 4527 1794 4596 capitulum
1830 4531 2026 4584 intelli-

463 4629 619 4684 gatur
649 4627 698 4670 et
727 4616 1044 4670 obsert'etur.

537 4708 602 4761 Et
631 4726 892 4779 nunquam
925 4709 1116 4777 facient
1145 4707 1440 4765 Januenses
1473 4710 1756 4782 dampnata
1799 4714 2027 4784 alicujus

2153 2217 2434 2272 maluerint
2461 2217 2538 2272 vel
2565 2217 2832 2288 elegerint.
2867 2217 2932 2273 In
2957 2205 3186 2290 propriis
3210 2237 3328 2276 vero
3358 2224 3548 2292 galeris
3576 2223 3695 2275 ibant

2148 2309 2447 2365 Januenses
2475 2322 2600 2381 quot
2627 2327 2840 2364 armare
2885 2314 3142 2380 poterint.
3173 2311 3238 2369 Si
3269 2331 3388 2368 vero
3434 2312 3696 2368 Ianuenses

2150 2405 2203 2456 in
2262 2403 2445 2473 aliqua
2497 2411 2642 2455 terra
2689 2403 2892 2456 domini
2949 2401 3301 2473 Imperatoris
3342 2423 3508 2476 neque
3563 2422 3695 2459 unam

2149 2497 2383 2566 galerum
2418 2512 2628 2550 armare
2653 2497 2903 2564 poterint,
2937 2514 3108 2552 omnes
3147 2499 3200 2552 in
3233 2515 3347 2552 eam
3376 2499 3633 2552 intrabunt
3658 2508 3695 2550 et

2150 2588 2502 2658 complebitur
2552 2605 2801 2644 numerus
2861 2591 3035 2661 galere
3085 2606 3152 2646 ex
3199 2590 3310 2645 alia
3369 2602 3517 2662 gente
3563 2591 3695 2660 sufﬁo

2149 2681 2367 2737 cienter.

2224 2772 2658 2844 Quandocunque
2708 2793 2830 2829 vero
2872 2774 3117 2829 dominus
3168 2774 3474 2844 Imperator
3502 2776 3697 2830 voluerit

2145 2866 2380 2922 Januam
2405 2867 2610 2923 mittere
2644 2871 2920 2937 pecuniam
2946 2869 3024 2924 vel
3065 2886 3145 2924 res
3189 2870 3266 2924 vel
3309 2870 3540 2924 homines
3579 2872 3695 2938 ejus,

2145 2959 2354 3031 galeras
2401 2961 2510 3015 sive
2554 2977 2734 3027 naves,
2765 2976 2952 3017 contra
2997 2979 3370 3034 quemcumque
3424 2964 3614 3018 miserit
3645 2978 3696 3016 ea

2146 3052 2511 3109 Christianum
2541 3056 2648 3110 sive
2671 3071 2938 3125 paganum
2975 3069 3284 3112 coronatum
3319 3057 3396 3111 vel
3437 3075 3539 3112 non
3570 3072 3697 3112 cora-

2147 3153 2353 3209 natum,
2398 3156 2456 3201 ut
2500 3157 2568 3200 ex
2612 3145 2788 3200 debito
2829 3148 3050 3202 debeant
3099 3144 3396 3203 Janueuses
3441 3148 3695 3216 honoriﬁce

2145 3252 2261 3289 eam
2303 3236 2415 3308 (35)
2470 3239 2720 3306 recipere,
2776 3248 2827 3294 et
2880 3240 3179 3308 deffendere
3226 3242 3281 3296 in
3335 3249 3480 3294 terra
3518 3257 3606 3294 sua
3654 3251 3694 3293 et

2145 3331 2411 3384 custodire
2456 3333 2743 3398 secundum
2806 3335 3134 3389 uoluntatem
3197 3335 3470 3390 hominum
3521 3336 3695 3389 domini

2071 3451 2115 3510 α
2155 3417 2524 3491 Imperatoris,
2551 3424 2643 3494 qui
2667 3441 2787 3478 cum
2817 3426 2895 3482 eis
2924 3437 3102 3491 erunt,
3131 3443 3337 3481 omnem
3364 3429 3627 3497 pecuniam
3655 3434 3694 3478 et

2153 3528 2237 3568 res
2285 3514 2495 3582 missas,
2547 3516 2814 3580 homines,
2847 3517 3071 3585 «galeros
3118 3526 3167 3572 et
3207 3533 3384 3586 nares,
3421 3533 3609 3590 quanta
3655 3529 3694 3571 et

2146 3605 2329 3673 qualia
2359 3616 2512 3661 erunt
2540 3647 2558 3673 ,
2602 3607 2666 3661 ab
2695 3609 2839 3662 omni
2879 3611 3085 3664 homine
3113 3622 3361 3665 coronato
3395 3621 3444 3665 et
3487 3629 3583 3665 non
3620 3627 3697 3663 eoo

2146 3709 2333 3752 ronato
2374 3712 2396 3756 .'
2446 3699 2688 3754 debentes
2745 3708 2794 3753 et
2847 3700 2936 3758 hic
2987 3700 3273 3771 intelligere
3321 3704 3604 3770 capitulum
3643 3704 3696 3755 de

2145 3799 2395 3843 coronato
2428 3789 2563 3846 sicut
2605 3791 2847 3860 superius
2879 3792 3284 3862 interpretatum
3317 3801 3418 3860 est,
3456 3795 3523 3848 ad
3558 3794 3697 3847 servi-

2143 3882 2282 3936 cium
2311 3893 2356 3935 et
2385 3882 2634 3936 honorem
2661 3882 2869 3937 dontini
2898 3881 3245 3955 Imperatoris
3275 3896 3325 3940 et
3353 3884 3618 3942 Romanie.

2217 3967 2282 4022 Et
2329 3987 2433 4024 non
2481 3970 2764 4040 impedient
2808 3987 3054 4044 umquam
3100 3970 3400 4026 Januenses
3444 3973 3692 4027 dominum

2143 4058 2527 4128 Imperatorem
2554 4070 2602 4114 et
2628 4061 2842 4116 heredes
2870 4062 2948 4117 vel
2975 4077 3296 4117 successores
3335 4065 3450 4134 ejus
3482 4066 3550 4119 ad
3584 4080 3670 4118 con

2141 4151 2421 4223 quirendas
2458 4162 2628 4207 terras
2655 4154 2889 4224 aliquas,
2940 4163 3115 4221 preter
3131 4155 3222 4223 jus
3255 4157 3396 4226 quod
3435 4157 3616 4212 habent
3649 4159 3693 4208 in

2142 4255 2285 4300 terra
2321 4244 2478 4301 Surie
2504 4246 2612 4301 sive
2638 4263 2702 4301 ex
2733 4246 2868 4301 bello
2902 4248 3010 4303 sire
3042 4264 3108 4302 eo:
3128 4249 3388 4318 emptione
3416 4267 3503 4304 seu
3537 4251 3694 4319 aliquo

2142 4335 2251 4391 alio
2293 4339 2469 4392 modo.
2513 4336 2573 4390 Si
2599 4353 2718 4392 vero
2749 4345 2799 4392 et
2855 4339 2910 4392 in
2943 4339 3023 4394 his
3058 4354 3122 4393 ex
3187 4351 3337 4408 parte
3374 4341 3572 4394 domini
3605 4337 3696 4392 Isn-

2141 4430 2398 4498 peratoris
2434 4431 2760 4484 custodietur
2811 4429 3174 4485 Ianuensibas
3235 4431 3455 4501 justitia
3490 4446 3688 4491 eorum.

2139 4535 2300 4588 neque
2331 4522 2385 4573 in
2409 4522 2488 4572 his
2516 4520 2704 4573 debent
2725 4521 2982 4590 impedire
3024 4521 3298 4576 dominum
3332 4521 3687 4595 Imperatorem

2137 4609 2313 4678 facere
2336 4611 2387 4662 in
2403 4610 2480 4662 his
2514 4610 2796 4679 quincquid
2827 4611 3072 4666 voluerit.
3343 4671 3346 4673 Α

2210 4699 2288 4756 De
2344 4700 2719 4768 offensionibus
2785 4718 2902 4756 vero
2952 4721 3084 4771 quas
3133 4704 3360 4774 fortasse
3415 4705 3688 4760 Januenses

463 4813 594 4852 terre
624 4799 965 4871 Imperatoris
996 4811 1042 4853 et
1077 4817 1292 4868 persone
1321 4801 1433 4868 ejus
1465 4801 1540 4854 vel
1567 4802 1814 4855 heredum
1841 4815 1887 4856 et
1912 4821 2028 4857 sac-

2153 4791 2356 4846 Iecerint
2395 4795 2447 4845 in
2483 4793 2637 4847 terris
2665 4795 2866 4848 domini
2888 4793 3235 4865 Imperatoris
3261 4795 3438 4854 Grecis
3468 4800 3545 4853 vel
3582 4799 3684 4851 aliis

462 4905 722 4942 cessurum
753 4890 887 4960 ejus.
933 4890 1108 4957 Neque
1141 4890 1332 4960 facient
1367 4889 1771 4944 diminucionem
1822 4893 2028 4961 imperii

461 4982 544 5033 sui
581 4986 653 5033 ret
693 4984 879 5035 honori
910 4981 1021 5052 (54)
1048 4984 1160 5051 ejus
1198 4998 1356 5051 neque
1381 4983 1642 5051 inquirent
1669 4985 1804 5037 hanc
1844 5001 1934 5053 per
1972 5001 2030 5039 se

460 5074 536 5126 rel
567 5076 742 5139 aliter,
769 5075 855 5128 sed
892 5076 1114 5128 maxime
1145 5075 1190 5127 si
1223 5075 1428 5144 aliquid
1458 5076 1562 5128 tale
1593 5075 1945 5129 intellexerint
1973 5076 2027 5130 in

461 5176 602 5218 terra
637 5167 831 5232 Janue,
875 5167 1089 5220 debeant
1131 5170 1228 5220 hoc
1269 5167 1592 5222 disturbare.
1631 5167 1698 5219 Et
1743 5169 1788 5219 si
1817 5167 1881 5219 ab
1924 5168 2028 5221 ali-

457 5253 646 5322 quibus
676 5254 834 5322 fuerit
872 5255 1104 5308 assultus
1147 5253 1318 5322 factus
1350 5255 1423 5307 uel
1455 5255 1678 5308 obsessio
1715 5267 1894 5310 contra
1927 5257 2030 5310 ali-

459 5359 616 5414 quam
660 5358 851 5400 terram
903 5344 1270 5416 Imperatoris,
1310 5343 1604 5399 Januenses
1647 5349 1734 5416 qui
1793 5349 1846 5402 in
1873 5352 2028 5402 terris

462 5435 569 5490 illis
616 5437 813 5506 fuerint
860 5438 1077 5503 inventi,
1121 5437 1253 5489 bona
1303 5435 1407 5504 ﬁde
1441 5438 1551 5490 sine
1592 5439 1712 5491 dolo
1751 5448 1798 5492 et
1844 5441 2031 5508 fraude

535 5665 644 5735 (30)
685 5663 840 5717 Anno
874 5660 1034 5735 “70.
1070 5688 1142 5735 τ-τ
1182 5659 1358 5735 Edidit
1408 5673 1471 5735 es
1511 5661 1732 5735 archiva
1751 5659 2024 5735 Cannensi

467 5731 614 5795 Sauli
656 5735 794 5790 detla
827 5733 1033 5804 colonia
1058 5731 1144 5787 dei
1177 5732 1384 5787 Geuor.
1419 5731 1471 5790 in
1503 5731 1692 5790 Galate
1727 5731 1767 5789 II
1801 5749 1854 5804 ρ.
1900 5732 2023 5790 188.

537 5808 649 5879 (51)
691 5805 909 5879 Malim:
948 5803 1123 5879 Quod.

537 5873 652 5953 (32)
694 5878 802 5932 Itno
830 5874 1120 5944 legendum
1153 5888 1168 5926 ε
1193 5873 1254 5925 id
1280 5881 1377 5927 est.

2137 4885 2372 4954 gentibus
2404 4901 2499 4955 que
2539 4901 2641 4938 non
2677 4886 2781 4938 sint
2807 4884 3134 4951 Januenses,
3183 4890 3367 4942 debent
3391 4890 3616 4959 judicari
3642 4888 3683 4938 in

2137 4978 2287 5029 curia
2334 4975 2532 5032 domini
2582 4976 2948 5047 Imperatoris,
2999 4979 3134 5033 sicut
3193 4977 3422 5035 Venetici
3468 4991 3516 5035 et
3543 4993 3686 5034 cetere

2138 5067 2326 5122 Latine
2356 5080 2552 5137 gentes.
2595 5069 2655 5123 Si
2688 5086 2810 5123 vero
2842 5072 3120 5140 contigerit
3162 5070 3456 5127 Januenses
3496 5075 3681 5141 aliquos

2135 5160 2415 5229 depretiari
2439 5163 2729 5232 aliquando
2758 5161 2838 5216 uel
2859 5162 3019 5215 aliter
3045 5163 3217 5218 ledere
3238 5163 3475 5235 aliquant
3505 5174 3679 5218 terram

2137 5253 2332 5307 domini
2364 5251 2717 5320 Imperatoris
2752 5256 2830 5308 vel
2860 5255 3097 5310 homines
3141 5257 3277 5328 ejus,
3314 5258 3518 5311 dabitur
3546 5265 3684 5320 super

2137 5347 2234 5401 hoc
2278 5347 2531 5400 noticiam
2562 5348 2672 5419 (36)
2711 5347 2886 5404 Janue
2919 5352 3122 5404 civitati
3147 5352 3211 5404 ab
3241 5349 3556 5418 Insperato"
3582 5346 3679 5402 sive

2138 5457 2232 5511 per
2257 5439 2466 5495 litteras
2495 5442 2601 5496 sive
2636 5458 2729 5511 per
2759 5443 3029 5513 nuncium,
3056 5453 3101 5498 et
3127 5445 3331 5504 dabunt
3359 5455 3554 5516 operata
3575 5440 3678 5493 sine

2209 5661 2321 5734 (ᾧ)
2361 5660 2606 5734 Legerim
2641 5679 2655 5718 :
2692 5662 2926 5722 mulieri.

2208 5729 2323 5801 (34)
2364 5729 2503 5801 Lege
2537 5750 2550 5786 :
2579 5736 2815 5788 honoris.

2207 5803 2321 5868 (55)
2365 5803 2540 5856 Malim
2573 5822 2586 5856 :
2615 5821 2697 5857 ea.

2211 5875 2324 5945 (36)
2358 5871 2505 5943 Lege
2535 5890 2547 5925 :
2582 5876 2799 5928 nottcia.
