3932 6190
192 247 276 310 793
1233 257 1618 321 DIALOGUS
1659 259 1960 321 CONTRA
1999 257 2333 320 JUDZEOS-
3290 249 3394 313 ’194

189 365 366 419 Παύλου
391 365 457 416 τὰ
485 362 792 437 ἐπιστόλια)
827 362 944 438 εἶχε
981 368 1193 435 πάντας
1241 374 1308 444 τῇ
1347 373 1511 428 αὐτοῦ
1542 373 1737 446 γνώμῃ
1769 372 2262 444 προστιθεμένους.
2296 371 2409 427 Hoc
2458 378 2575 434 est,
2610 369 2737 424 Haec
2791 367 3134 423 Andronicus
3189 368 3369 422 incre-

187 452 310 506 dibili
333 453 673 520 persuadendi
704 454 877 510 studio
906 467 952 510 et
983 459 1206 527 artiﬁcio
1241 462 1494 517 orationis
1522 463 1736 532 loquens
1783 481 1847 518 ac
1887 463 2132 518 scribens
2188 466 2323 531 (erat
2358 462 2495 517 enim
2528 460 2849 526 litterarum,
2883 469 2940 514 ut
2965 459 3180 530 quilibet
3215 460 3381 524 alius,

185 541 371 609 peritus,
394 550 438 593 et
473 536 682 608 Spiritu
709 556 889 598 saneto
915 545 1092 616 afflati
1126 551 1350 605 oratoris
1379 548 1543 605 Pauli
1572 549 1840 620 Epistolas
1869 567 2069 620 semper
2099 551 2153 605 in
2181 566 2271 604 ore
2301 548 2570 618 habebat),
2602 564 2779 604 omnes
2808 549 2862 603 in
2889 563 3041 602 suam
3071 548 3388 601 sententiam

185 627 430 696 pertraxit.
465 626 755 700 [lucusque
792 630 1008 690 Nicetes
1035 634 1349 693 Choniates.
1390 638 1618 709 Scripsit
1645 651 1826 696 autem
1855 638 2136 709 DiaIOgum
2195 645 2381 691 contra
2423 635 2679 701 Judaeos,
2709 635 2803 706 qui
2839 650 2943 690 ms.
2992 642 3171 688 exstat
3213 633 3267 686 in
3304 633 3393 686 Βίε-

194 714 426 770 bliotheca
458 713 706 772 Caesarea
744 716 1170 788 Vindobonensi,
1195 725 1396 782 Codice
1425 742 1528 781 ms.
1569 727 1880 798 theologica
1911 727 2099 784 Graeco
2128 723 2234 781 255
2255 767 2272 792 ,
2314 735 2370 780 ut
2405 726 2563 779 habet
2594 723 2787 779 Petrus
2815 722 3138 776 Lambecius
3169 721 3308 777 libro
3351 736 3383 776 ν

183 801 671 859 Commentariorum
708 805 870 876 hujus
899 808 1260 878 Bibliotheca,
1295 828 1416 883 pag.
1451 813 1574 878 169,
1610 814 1697 869 his
1726 816 1906 872 verbis
1939 834 1955 872 :
1997 832 2016 868 s
2056 813 2237 870 Codex
2294 813 2402 869 255
2433 813 2837 882 tnanuscriptus
2876 809 3210 880 theologicus
3240 809 3387 865 Crte»

182 904 259 945 cus
280 902 354 946 est
376 890 706 948 ehartaceus
733 894 990 965 antiquus
1011 937 1028 964 ,
1058 907 1112 952 et
1145 900 1364 968 optima:
1393 910 1532 956 notze
1572 903 1625 956 in
1662 901 1812 967 folio,
1851 913 2110 959 constans
2144 900 2288 956 foliis
2327 901 2452 966 158,
2480 901 2569 970 qui
2607 900 2736 956 olim
2788 899 2856 955 ad
2890 897 3172 968 _Joannom
3229 897 3382 951 Sam-

180 979 340 1032 bucum
367 980 648 1049 pertinuit.
676 979 770 1037 Illo
803 983 1110 1040 continetur
1141 985 1482 1053 Imperatoris
1533 991 1819 1047 Andronici
1870 992 2127 1048 Comneni
2155 1031 2171 1058 ,
2203 991 2296 1061 qui
2349 989 2483 1062 imp.
2533 991 2779 1047 Alexium
2813 991 3144 1046 Comnenum
3192 988 3238 1044 li
3271 988 3388 1043 sive

177 1062 443 1131 Juniorem,
481 1081 623 1122 anno
678 1068 836 1131 118⁸5,
859 1071 1065 1127 nefarie
1096 1074 1319 1140 occidit,
1351 1085 1405 1130 et
1440 1092 1581 1132 anno
1609 1079 1747 1134 1185
1780 1096 1807 1134 a
1845 1081 2100 1136 seditiosa
2143 1078 2300 1150 plebe
2334 1078 2937 1151 Constantinopolitana
2972 1076 3212 1134 vicissim
3239 1077 3381 1132 occi-

177 1166 252 1208 sus
277 1161 382 1222 est,
423 1153 676 1229 Dialogus
704 1168 888 1214 contra
918 1159 1160 1227 Judtzos,
1225 1163 1382 1233 cujus
1415 1165 1605 1223 titulus
1632 1177 1680 1222 et
1716 1169 2043 1240 principium
2081 1186 2096 1224 :

855 1298 921 1386 ’11
947 1300 1250 1426 δοχὲιατιέιῂ
1283 1305 1446 1360 τῶνδε
1475 1306 1585 1362 τῶν
1610 1307 1786 1376 λόγων
1823 1311 2006 1382 χάρις,

855 1371 958 1426 Inv
1068 1373 1303 1426 6amth
1332 1377 1696 1426 ἐξελέγγουσα.
1735 1381 1965 1426 πλάνην-

1000 1371 1303 1451 ’ξζὸριιῖγὶιὴν
1332 1371 1696 1451 ξξελέγχουσαί
1735 1371 1970 1451 πλῖνήνς

851 1442 963 1520 [ἃς
997 1442 1243 1520 ερσὲβ-εῖς
1260 1442 1648 1520 ξδε-ίιινυσιῖτοῖς
1686 1442 1912 1514 πιστοῖς’
1933 1442 2178 1520 τρίϐους.

840 1512 1096 1591 ξβῖραψα
1125 1516 1181 1568 δὲ
1213 1517 1382 1591 αυτὴν
1440 1518 1779 1591 Ἀνδρόνικος
1804 1512 2088 1591 ὲκ-πόδου,

848 1581 1487 1659 ξᾼδὲλφήότιιις-ἇναὶιτος.
1516 1581 1771 1643 Αὖσόνων
1793 1591 1986 1659 γένους

847 1654 1292 1731 δὀμνῌηνοφυοῦς,
1322 1660 1389 1731 Δὲιιι
1425 1654 1932 1731 σεϐαστοκράτὸρος
1967 1654 1981 1688 ί

838 1723 933 1789 Εἰς
953 1723 1058 1797 γῆν
1080 1723 1396 1800 προαχθεὶς,
1440 1730 1536 1783 καὶ
1565 1723 1738 1800 γλυκῦ
1770 1723 1972 1804 sttuit;
1995 1734 2154 1805 φάος.

843 1843 1040 1920 ροεὶἰις
1071 1856 1405 1915 venustoque
1435 1849 1594 1905 libelli
1627 1851 1823 1920 gratia,

844 1915 1086 1986 νει·ροω
1135 1920 1372 1973 retundit
1407 1920 1599 1976 efﬁcax
1631 1915 1922 1982 insaniam.

843 1984 1075 2058 Biasque
1104 1989 1210 2042 rite
1234 1991 1466 2046 credulis
1503 2004 1763 2047 monstrat
1796 1995 1939 2052 vias.

843 2057 1352 2128 liuic’Andronicus
1387 2072 1576 2115 auctor
1608 2072 1719 2128 est,
1754 2079 1909 2119 sacer
1937 2067 2102 2123 studii

844 2127 1032 2185 Frater
1069 2132 1306 2197 potentis
1334 2130 1616 2186 Ausonum
1653 2133 1760 2188 late
1798 2137 1899 2191 soli

839 2197 1268 2269 Proimperator,
1307 2215 1466 2270 quem
1503 2212 1623 2256 satu
1657 2204 2026 2265 Cumnenides

839 2269 1037 2325 Eduxit
1066 2270 1220 2335 orbi,
1253 2281 1306 2326 et
1326 2269 1474 2330 solis
1515 2274 1908 2342 almo,lumini.

167 2408 477 2482 Ἐπειδήπερ
503 2410 693 2466 πολλοὶ
723 2413 825 2484 τὴν
850 2412 959 2467 τῶν
1004 2413 1342 2485 παρανόμων
1384 2417 1656 2471 Ἰουδαίων
1703 2419 2074 2496 ἐπεχείρησαν
2119 2423 2472 2497 παραστῆσαι
2504 2422 2850 2491 δυσσέϐειαν,
2881 2422 2977 2478 καὶ
3007 2421 3160 2484 ὅπως
3198 2419 3297 2492 μὶν
3344 2422 3376 2474 ὁ

161 2502 524 2573 φιλάνθρωπος
554 2503 837 2574 Δεσπόσης
867 2505 962 2558 καὶ
994 2505 1271 2575 κηδεμὼν,
1296 2506 1357 2560 οὐ
1389 2507 1476 2560 διὰ
1515 2509 1761 2580 σημείων
1793 2510 1974 2579 μόνον,
2006 2511 2037 2581 ἢ
2074 2513 2401 2584 Προφητῶν,
2435 2511 2572 2564 ἀλλὰ
2611 2512 2664 2564 δὶ
2706 2510 3048 2582 ἀμφοτέρων
3064 2509 3183 2580 ἅμα
3215 2509 3383 2564 πολυ-

160 2589 346 2669 μερῶς,
384 2591 478 2644 καὶ
507 2589 866 2663 πολυτροπῶς
893 2591 994 2665 τὴν
1024 2593 1302 2665 σωτηρίαν
1329 2595 1538 2650 τούτων
1571 2614 1713 2667 πραγ

1823 2599 2102 2669 τευόμενος
2128 2642 2142 2666 ,
2178 2613 2284 2656 etc.
2322 2601 2425 2657 Ubi
2479 2601 2774 2655 notandum
2823 2609 2905 2654 est
2951 2598 3194 2653 codicem
3235 2599 3376 2653 hunc

163 2667 409 2736 tractatus
439 2681 634 2746 istius,
669 2683 969 2737 secundum
1007 2682 1230 2738 Joannis
1261 2681 1511 2741 Sambuci
1542 2687 1848 2755 Opinionem
1878 2729 1891 2751 ,
1928 2667 2046 2744 esse
2085 2689 2459 2759 idiographum
2489 2728 2506 2755 ,
2579 2689 2694 2742 sive
2732 2689 2945 2758 propria
2979 2687 3148 2757 ipsius
3173 2686 3384 2740 Andros

161 2765 252 2820 nici
283 2784 442 2821 manu
475 2778 755 2823 exaratum
855 2769 944 2838 qui
970 2771 1080 2841 jam
1110 2786 1138 2824 a
1172 2772 1331 2828 Petro
1381 2771 1659 2829 Stevartio
1695 2775 2017 2842 Leodiensi,
2052 2778 2150 2833 sed
2194 2775 2386 2832 Latine
2440 2787 2648 2832 tantum
2701 2777 2996 2845 interprete
3046 2773 3257 2828 Joanne
3286 2771 3381 2828 Li-

168 2855 330 2912 vineio
357 2899 372 2923 ,
409 2858 587 2912 editus
618 2867 700 2911 est
729 2858 780 2911 in
810 2867 957 2913 tomo
986 2859 1240 2930 singulari
1273 2859 1606 2917 Lectionibus
1650 2863 1892 2931 Antiquis
1939 2863 2158 2920 Henrici
2212 2864 2419 2921 Canisii
2450 2864 2636 2920 addito
2663 2905 2678 2930 ,
2715 2862 3029 2931 lngolstadii
3067 2863 3212 2932 typis
3243 2861 3384 2916 Ede-

158 2943 304 3000 rianis
334 2961 481 3000 anno
517 2944 675 3012 1616,
711 2946 852 3001 iit-4.
885 2945 982 3001 Cui
1017 2946 1266 3004 Livineio
1316 2951 1611 3005 cardinalis
1643 2952 1906 3018 Sirletus,
1942 2953 2026 3007 vir
2052 2952 2397 3008 doctissimus
2423 2993 2439 3019 ,
2494 2968 2597 3007 ms.
2645 2967 2802 3007 suum
2855 2951 3098 3005 codicem
3130 2949 3378 3004 Graecum

161 3030 611 3097 commodaverat.
645 3040 783 3097 Hinc
811 3053 989 3097 autem
1021 3043 1302 3099 manifeste
1335 3046 1521 3112 liquet,
1553 3056 1811 3116 quantum
1846 3047 2064 3102 fallatur
2097 3063 2260 3118 supra
2298 3061 2624 3104 memoratus
2649 3047 2886 3102 Joannes
2919 3043 3214 3113 Livineius,
3275 3044 3373 3115 qui

159 3127 204 3181 in
237 3129 562 3186 Prml‘atione
596 3147 709 3186 sua:
761 3133 1025 3188 versionis
1079 3132 1284 3189 Latinae
1337 3134 1544 3206 Dialogi
1606 3137 1898 3192 Andronici
1945 3148 2129 3191 contra
2160 3137 2400 3202 Iudaeos,
2462 3137 2608 3198 illum
2668 3151 2810 3191 anno
2850 3134 3048 3190 Chrisﬁ
3081 3133 3215 3189 i327
3247 3149 3370 3188 esse

153 3218 494 3287 compositum
539 3221 756 3276 asserit.
791 3240 811 3274 ι
851 3221 1021 3288 Quem
1054 3231 1273 3279 secutus
1316 3222 1525 3279 fueram
1562 3225 1614 3279 in
1645 3223 2011 3294 Supplementa
2064 3239 2184 3279 meo
2225 3223 2537 3278 Bellarmini
2561 3263 2577 3290 ,
2617 3223 2682 3278 sd
2719 3237 2917 3291 annum
2950 3221 3120 3286 1320,
3154 3236 3206 3289 p.
3256 3221 3380 3277 595.

154 3300 243 3358 Sed
269 3307 411 3362 hunc
434 3306 711 3378 Dialogum
739 3309 1047 3366 Andronico
1072 3309 1348 3367 Comneno
1388 3313 1698 3383 imperatori
1730 3312 1771 3367 ll
1831 3327 1924 3368 seu
1957 3311 2166 3368 Juniori
2200 3313 2534 3376 adscribens,
2577 3312 2667 3382 qui
2728 3325 2872 3364 anno
2926 3310 3063 3365 43%7
3097 3309 3378 3379 imperium

153 3407 421 3452 assecutus
449 3407 558 3452 est.
589 3384 810 3453 Minime
839 3413 1052 3470 quoque
1080 3399 1379 3455 audiendus
1409 3410 1514 3467 est,
1557 3401 1852 3457 cardinalis
1887 3401 2119 3456 Sirletus
2139 3441 2153 3467 ,
2195 3400 2286 3470 qui
2317 3398 2630 3456 utJoannes
2660 3397 2938 3469 Livinejus
2962 3397 3160 3453 ibidem
3192 3396 3379 3459 refert,

150 3496 413 3552 perperam
449 3486 680 3541 credidit
713 3498 989 3542 auctorem
1023 3488 1170 3543 illum
1206 3487 1438 3561 Dialogi,
1470 3505 1572 3545 non
1601 3505 1722 3546 esse
1750 3490 1926 3564 ipsum
1948 3490 2311 3545 Andronicunt
2342 3488 2685 3555 Comnenum,
2717 3489 2812 3543 sed
2845 3502 2908 3543 eo
2931 3485 3384 3556 tantumjubente

152 3586 272 3640 opus
300 3574 443 3630 istud
473 3575 541 3630 ab
571 3573 865 3647 Euthymio
897 3573 1170 3647 Zigabeno
1196 3575 1364 3634 fuisse
1395 3579 1780 3648 compositum.
1835 3578 1989 3644 Quod
2017 3578 2159 3632 enim
2197 3578 2311 3647 ipse
2357 3577 2706 3632 Andronicus
2739 3574 3022 3645 Dialogunt
3056 3575 3216 3630 istum
3253 3589 3382 3644 pro-

151 3662 255 3729 prio
287 3672 464 3719 marte
497 3665 908 3734 composuerit,
945 3664 1256 3720 luculenter
1287 3675 1510 3736 apparet
1557 3682 1623 3722 ex
1663 3665 1999 3721 carminibus
2052 3680 2213 3734 supra
2265 3664 2525 3720 exhibitis
2551 3703 2567 3732 ,
2617 3663 2708 3731 qui
2744 3664 2792 3718 ei
2841 3662 2981 3716 tituli
3017 3661 3135 3717 loco
3173 3660 3379 3732 pra-[ixi

151 3759 304 3806 sunt:
343 3753 487 3808 sicut
516 3760 571 3807 et
605 3767 672 3807 ex
705 3750 912 3808 Nicetas
945 3753 1224 3809 Choniata:
1261 3755 1570 3810 testimonio
1601 3755 1788 3820 allato,
1821 3755 1887 3810 de
1919 3751 2215 3809 Andronici
2238 3752 2479 3823 ejusdem
2513 3752 2714 3808 eximia
2748 3749 3082 3818 eruditione,
3114 3752 3377 3820 singulari

149 3840 474 3912 eloquentia,
508 3852 565 3898 et
599 3843 871 3914 exquisita
906 3859 1076 3900 sacrae
1107 3843 1404 3914 Scriptura:
1435 3843 1652 3900 notitia.
1704 3844 1894 3900 Exstat
1923 3856 2140 3914 quoque
2167 3839 2356 3896 Graece
2410 3856 2516 3926 ms.
2549 3842 2600 3894 in
2633 3840 2972 3896 Bibliotheca
3031 3839 3378 3926 Serenissimi

149 3926 372 3987 Bavarize
407 3931 589 4000 Ducis,
625 3932 810 3988 codice
841 3931 968 3998 128,
1006 3942 1063 3988 ιιι
1092 3941 1238 4003 patet
1269 3946 1335 3988 ex
1369 3933 1487 4001 ejus
1517 3934 1784 4004 catalogo,
1817 3930 1887 3986 ad
1920 3929 2123 3985 calcem
2159 3929 2290 3984 torni
2339 3927 2383 3984 ll
2415 3925 2718 3998 Apparatus
2751 3930 2890 3984 sacri
2920 3928 3139 3984 Antonii
3184 3925 3378 3983 Posse--

147 4017 268 4074 vini.
305 4019 671 4076 Andronicum
698 4019 1040 4076 Camaterum
1073 4029 1352 4076 auctorem
1380 4022 1580 4078 habere
1612 4021 1898 4075 videntur:
1928 4017 2185 4088 Dialogus
2227 4019 2484 4072 adversus
2515 4016 2736 4072 Latinos
2785 4017 2850 4073 de
2879 4018 3211 4083 processione
3249 4015 3378 4084 δρία

146 4108 273 4164 ritus
300 4115 493 4176 sancti,
531 4119 587 4166 et
616 4111 923 4180 Disputatio
955 4112 1286 4181 imperatoris
1316 4128 1430 4165 eum
1461 4111 1672 4167 doctore
1717 4110 2087 4167 Armeniorum
2121 4107 2302 4170 Petro.
2337 4107 2412 4162 De
2451 4108 2662 4163 duabus
2709 4110 2764 4162 in
2819 4107 3032 4163 Christo
3062 4111 3292 4171 naturis,
3323 4116 3374 4161 et

144 4198 250 4251 alii;
274 4198 553 4265 capitibus.
593 4198 700 4255 Sed
727 4215 830 4254 non
860 4197 1183 4267 Opusculum
1209 4208 1392 4255 contra
1423 4197 1681 4254 Joannem
1723 4197 1946 4255 Veccum
1991 4198 2347 4268 patriarcham
2374 4196 3013 4265 Constantinopolitanum
3037 4237 3052 4263 ,
3087 4211 3210 4266 qua:
3243 4211 3373 4250 mss.

150 4297 488 4341 asservantur
521 4287 573 4342 in
625 4288 814 4342 eadem
869 4286 1130 4343 Bavariea
1175 4287 1509 4344 Bibliotheca
1538 4327 1555 4354 ,
1600 4289 1787 4345 codice
1821 4288 1964 4354 120,
2021 4296 2156 4342 teste
2205 4287 2392 4342 eodem
2434 4285 2772 4352 Possevino,
2811 4288 2864 4342 in
2899 4287 3160 4357 Catalogo
3212 4287 3371 4341 istius

145 4371 504 4441 Bibliotheca,
537 4389 658 4444 pag.
697 4374 783 4429 62.
817 4375 1057 4446 Denique
1084 4377 1382 4432 notandum
1415 4387 1500 4434 est
1533 4379 1585 4432 in
1618 4391 1781 4450 supra
1812 4385 2112 4433 memorata
2157 4375 2371 4446 Dialogi
2403 4377 2638 4432 editione
2670 4376 2862 4433 Latina
2902 4378 3134 4433 Livineii
3167 4387 3219 4432 et
3247 4375 3370 4431 Ste-

144 4463 328 4530 vartii,
362 4463 641 4531 Dialogum
671 4463 818 4518 illum
854 4479 974 4520 esse
1005 4464 1240 4520 divisum
1307 4466 1360 4520 in
1392 4465 1462 4521 64
1487 4467 1660 4535 capita
1683 4504 1698 4531 ,
1744 4468 1944 4521 nullum
1977 4475 2160 4520 autem
2213 4465 2264 4518 in
2307 4465 2492 4520 codice
2535 4466 2636 4520 hoc
2681 4467 3050 4535 manuscripto
3098 4466 3370 4527 Ctesareo,

143 4551 289 4608 istius
320 4537 597 4609 divisionis
623 4564 837 4610 exstare
867 4555 1172 4625 vestigium.
1200 4554 1324 4611 Haec
1362 4555 1429 4611 de
1460 4570 1526 4611 eo
1559 4555 1879 4610 Lambecius
1943 4554 2082 4609 libro
2111 4569 2143 4609 v
2167 4553 2690 4609 Commentariorum
2738 4553 3082 4609 Bibliotheca:
3113 4553 3373 4609 Caesarme

145 4634 596 4707 Vindobonensis,
631 4656 686 4710 p.
715 4640 815 4697 169
849 4649 904 4696 et
934 4639 1068 4706 170,
1097 4651 1151 4695 et
1176 4640 1228 4697 in
1259 4641 1517 4713 Catalogo
1553 4643 1876 4713 scriptorum
1930 4642 2094 4713 hujus
2152 4643 2318 4709 torni,
2372 4656 2492 4712 pag.
2526 4641 2630 4696 305
2656 4650 2709 4695 et
2736 4640 2858 4696 565.
2888 4639 3152 4697 Henricus
3180 4639 3375 4696 Whar-

142 4734 225 4780 ton
255 4727 313 4784 in
347 4729 736 4800 Supplementa
792 4730 1053 4784 Historia
1095 4729 1368 4785 litterariae
1427 4730 1699 4786 Guillelmi
1741 4729 1905 4794 Cavi,
1946 4731 2035 4784 ubi
2071 4746 2190 4800 pag.
2223 4729 2331 4794 Ἡ,
2386 4730 2525 4784 hunc
2564 4728 2934 4785 Andronicum
2986 4730 3372 4786 Constantino-

143 4813 423 4879 politanum
453 4815 622 4872 refert
647 4816 714 4871 ad
739 4831 939 4871 annum
966 4815 1105 4871 {527
1137 4831 1258 4871 eum
1295 4814 1560 4873 Livineio.
1593 4816 1784 4873 Omnia
1819 4828 1995 4872 autem
2028 4820 2140 4873 haec
2176 4816 2440 4887 Opuscula
2471 4818 2694 4873 ascribit
2729 4817 3038 4874 Andronico
3083 4818 3373 4875 Camatero

141 4899 735 4974 Constantinopolitanae:
761 4905 909 4960 urbis
937 4902 1193 4973 prmiecto
1228 4903 1544 4958 Guillelmus
1589 4903 1766 4962 Cavus
1797 4906 1850 4961 in
1888 4907 2127 4960 Historia
2160 4910 2232 4960 rei
2273 4906 2572 4971 litterariae,
2606 4916 2756 4974 parte
2795 4924 2831 4973 ι,
2872 4909 2937 4961 ad
2971 4923 3168 4963 annum
3201 4904 3364 4970 1156,

144 5004 257 5062 pag.
291 4992 428 5060 676;
460 5003 516 5049 et
546 5003 698 5063 parte
732 5008 770 5050 ιι
808 4991 1064 5048 Historia:
1091 4993 1373 5048 litterario:
1423 4991 1492 5046 ad
1543 5007 1742 5046 annum
1772 4993 1945 5062 1185,
1983 5009 2108 5064 pag.
2142 4993 2274 5059 597,
2323 4992 2429 5047 398
2456 5033 2469 5060 ,
2501 5007 2618 5064 quae
2649 4996 2734 5050 vix
2786 4995 3065 5053 conciliari
3144 5001 3371 5067 possunt

145 5091 258 5135 cum
293 5081 358 5140 iis
386 5097 503 5155 qua
532 5082 728 5142 scribit
761 5083 880 5154 ejus
913 5084 1265 5140 continuator
1293 5081 1561 5138 Warthon
1591 5080 1658 5134 ad
1686 5095 1887 5137 annum
1923 5083 2083 5151 15°27,
2115 5097 2238 5154 pag.
2278 5082 2373 5138 9.4.
