3932 6190
526 214 630 279 799

1736 220 2171 285 ANDRONICI
2211 221 2556 286 COMNENI

3654 227 3739 290 800

528 329 747 396 gionem
793 340 1221 404 propugnarent,
1247 347 1359 389 non
1399 330 1474 390 illi
1517 332 1732 405 quidem
1771 350 1902 392 vera
1945 333 2111 390 divini
2140 337 2192 400 Α
2286 335 2409 396 ιω.
2440 335 2553 393 Hoc
2583 334 2680 393 tibi
2711 335 2874 392 etiam
2899 344 3066 407 atque
3086 336 3250 393 etiam
3279 333 3658 402 conﬁrmamus,
3683 339 3740 394 ita

529 421 764 492 Spiritus
805 422 921 477 luce
964 431 1020 478 et
1062 422 1357 490 instinctu;
1398 427 1491 480 sed
1532 425 1626 496 qui
1666 425 1899 498 pingue,
1933 435 1993 482 ut
2031 424 2112 482 sic

527 513 860 581 dixerint,“
889 514 1268 572 obumbratum
1308 531 1583 574 sacrarum
1626 514 1951 575 Litterarum
1993 528 2120 593 stus

528 607 676 662 dium
726 607 1022 678 agitarent,
1056 623 1156 663 nec
1189 607 1489 678 suspicere.
1517 608 1676 681 proni
1711 607 1876 680 inque
1909 615 2109 664 terram

534 699 724 766 deliri,
750 708 993 770 possent.
1025 699 1158 766 Eos.
1189 702 1438 771 inquam,
1469 716 1592 757 cum
1627 701 1991 768 oﬂ'endissem,
2017 701 2111 774 qui

529 791 778 847 audirent
817 792 1030 863 quidem
1096 809 1214 866 qua:
1255 803 1488 867 oportet,
1552 795 1646 850 sed
1686 793 1962 851 en‘utirent
1990 810 2112 867 quas

529 898 636 938 non
681 893 927 954 oportet,
957 899 1063 941 non
1100 886 1170 940 ita
1204 885 1432 942 docente
1464 897 1559 942 eos
1592 885 1710 953 lege
1745 886 1980 959 (apage),
2016 886 2112 943 sed

530 975 624 1039 qui
673 973 848 1044 legem
891 990 1084 1048 capere
1128 978 1444 1046 nequirent;
1487 973 1715 1050 (scilicet
1755 978 1906 1049 quasi
1952 977 2116 1034 lumi-

533 1079 660 1118 uum
706 1065 960 1136 princeps
1003 1064 1141 1136 sol,)
1189 1081 1311 1120 eum
1358 1065 1448 1121 hic
1498 1067 1861 1138 progreditur,
1892 1077 1947 1124 et
1992 1067 2113 1125 aliis

533 1154 813 1225 praelucet.
843 1165 954 1211 tum
996 1157 1405 1214 creentientibus
1449 1173 1602 1230 a'que
1641 1159 1823 1215 radios
1861 1176 1968 1214 non
2012 1160 2114 1215 im-

535 1246 732 1311 mittit;
771 1246 956 1303 itidem
992 1263 1125 1304 sane
1156 1259 1208 1303 et
1241 1247 1372 1320 legis
1403 1248 1689 1305 difﬁcultas
1723 1251 1810 1316 iis,
1839 1251 1928 1321 qui
1966 1252 2113 1322 inge-

537 1347 631 1395 nlo
664 1352 788 1395 sunt
819 1352 1078 1412 purgato,
1111 1342 1333 1398 evidens
1366 1358 1429 1399 ac
1463 1345 1751 1414 perspicua
1784 1354 1902 1413 est;
1941 1345 2112 1416 torpi-

536 1433 620 1486 dis
650 1433 832 1488 nubila
869 1443 1030 1504 atque
1068 1435 1306 1490 turbida.
1332 1432 1466 1490 Nam
1505 1435 1663 1503 legis,
1690 1438 1766 1493 uti
1806 1437 1981 1494 Moses
2015 1453 2114 1508 apo

537 1524 727 1594 pellat,
755 1525 1001 1580 velamen
1023 1525 1067 1592 ',
1098 1542 1207 1582 non
1250 1526 1304 1584 in
1347 1528 1668 1598 scriptione,
1699 1531 1792 1585 sed
1835 1530 2112 1586 hominum

540 1629 745 1683 mente,
783 1619 1053 1690 hodieque
1085 1631 1288 1676 manet.
1325 1621 1452 1677 Eam
1487 1638 1609 1677 cum
1645 1623 1972 1694 imperitiam
2014 1625 2113 1679 ad.

541 1709 854 1776 vertissem,
881 1721 940 1765 ut
971 1714 1219 1784 egregius
1251 1713 1472 1786 quidam
1507 1729 1694 1781 senex,
1725 1716 1928 1773 oblitus
1961 1731 2119 1774 sene-

540 1803 726 1870 ctutis,
760 1803 828 1859 ad
859 1804 1058 1860 iactam
1088 1821 1209 1861 cum
1231 1806 1666 1865 adolescentibus
1689 1808 1979 1866 ineundam
1993 1826 2122 1884 pro-

540 1897 683 1965 silit;
730 1898 803 1953 ita
844 1897 1118 1969 equidem,
1146 1899 1450 1956 timiditatis
1482 1915 1697 1972 quoque
1730 1902 1986 1958 amolitus
2020 1919 2123 1960 no-

543 1998 676 2052 tam,
713 1990 834 2046 dedi
881 2003 1102 2063 operam
1171 2000 1229 2047 ut
1273 2001 1627 2064 utrorumque
1674 1994 2123 2067 interrogationes

547 2097 612 2137 ac
663 2083 1042 2152 responsiones
1095 2085 1461 2140 monumentis
1513 2086 1824 2141 mandarem
1879 2104 1894 2142 :
1944 2097 2126 2160 potest

542 2178 684 2233 enim
719 2177 932 2232 animus
965 2192 1212 2248 magnus,
1248 2177 1337 2232 Dei
1376 2178 1614 2234 studium
1655 2179 1936 2249 proﬁtens,
1959 2181 2122 2238 etiam

545 2286 666 2339 quae
702 2285 862 2340 supra
899 2270 1043 2327 vires
1075 2282 1204 2326 sunt
1239 2279 1468 2327 tentare.
1495 2271 1684 2342 itaque
1727 2274 1868 2328 nuda
1916 2274 1967 2328 in
2012 2274 2125 2347 pri-

545 2362 652 2416 mis
684 2360 1171 2433 interrogationum
1203 2377 1266 2418 ac
1295 2364 1710 2434 responsionum
1741 2365 1901 2421 verba
1932 2383 2126 2437 propo-

545 2463 769 2510 nantur.

622 2543 1009 2602 CHRISTIANUB.
1045 2545 1184 2614 Quid
1230 2555 1347 2614 est,
1382 2548 1524 2618 quod
1574 2565 1701 2613 vos,
1734 2551 1824 2618 qui
1873 2549 2125 2608 Mosaicae

548 2637 686 2708 legis
727 2638 900 2694 zelum
946 2639 1178 2704 habetis,
1212 2642 1306 2696 sed
1344 2657 1448 2696 non
1484 2643 1783 2699 secundum
1819 2644 2122 2715 scientiam,

549 2732 614 2786 ad
647 2747 732 2786 mu
762 2732 923 2787 hodie
953 2732 1318 2788 convenistis?
1708 2749 1719 2753 '

617 2821 818 2882 Juoszt.
855 2823 964 2881 Nos
1007 2825 1315 2892 enimvero,
1355 2825 1656 2892 intellecto,
1691 2827 2124 2885 Christianarum

551 2926 605 2969 te
646 2917 900 2970 aemulum
950 2932 1169 2980 rerum,
1206 2916 1440 2974 Mosaica
1491 2928 1868 2988 contemnere,
1905 2936 2120 2988 coram,

548 3024 668 3078 qua:
703 3008 1035 3075 dicerentur,
1065 3011 1305 3066 audituri
1335 3011 1598 3067 venimus.

621 3100 846 3157 Cnntsr.
883 3099 976 3155 Dei
1013 3101 1229 3170 quidem
1267 3113 1552 3172 praecepta,
1585 3103 1808 3173 ejusque
1844 3119 1940 3174 pro
1976 3105 2131 3161 nobis

552 3193 872 3250 mortalibus
914 3195 1205 3250 salutarem
1252 3195 1684 3250 incarnationem
1733 3198 1872 3252 tueri
1912 3207 1964 3252 et
2004 3213 2132 3266 pro-

553 3286 728 3342 fessus
781 3303 934 3352 sum,
969 3297 1022 3343 et
1070 3288 1359 3359 profiteor,
1392 3296 1448 3343 et
1495 3289 1560 3342 ad
1609 3299 1909 3343 extremum
1959 3304 2132 3360 usque

557 3381 804 3449 spiritum
839 3381 1152 3451 proﬁtebor.
1179 3381 1446 3436 Caeterum
1472 3380 1759 3437 Mosaicam
1796 3380 1986 3451 legem,
2015 3397 2135 3448 quae

557 3481 639 3522 est
691 3471 838 3525 velut
895 3472 1084 3525 umbra
1148 3479 1201 3524 et
1255 3471 1425 3540 ﬁgura
1481 3481 1679 3525 nostra:
1733 3471 1920 3527 salutis
1974 3480 2134 3538 atque

558 3559 986 3628 iustauratiouis,
1012 3562 1146 3617 adeo
1178 3577 1281 3617 non
1313 3572 1618 3630 contemno,
1649 3571 1703 3616 ut
1733 3564 1896 3618 etiam
1959 3563 2133 3619 colam

557 3661 607 3705 et
637 3651 953 3721 amplectar.

626 3741 750 3801 ιυυ.
781 3747 849 3799 At
873 3745 918 3800 si
952 3745 1241 3808 Mosaicam
1277 3747 1452 3817 legem
1489 3747 1850 3817 amplecteris,
1876 3763 2048 3820 neque
2073 3766 2134 3804 ea

561 3837 662 3890 tibi
696 3838 963 3893 sententia
995 3839 1150 3893 labiis
1185 3841 1344 3893 modo
1374 3853 1626 3907 expressa
1656 3855 1718 3894 ac
1746 3839 1975 3896 formata
2003 3841 2137 3897 falso

559 3927 793 3990 excidit,
830 3927 1182 3997 quamobrem
1231 3942 1362 3992 nos,
1400 3928 1490 3996 qui
1540 3942 1656 3982 eam
1707 3943 2135 3998 propugnamus,

556 4019 851 4076 violatores
889 4019 1022 4090 legis
1053 4019 1284 4075 ducitis?

628 4113 850 4169 Cunts'r.
884 4111 939 4168 Si
972 4112 1185 4182 quidem
1223 4110 1390 4180 frugis
1427 4112 1600 4181 gratia
1637 4112 1966 4182 quaamiones
2005 4128 2126 4168 mo-

558 4205 716 4269 vetis,
750 4219 814 4260 ac
845 4204 1114 4272 satagitis,
1142 4203 1233 4273 qui
1270 4203 1566 4272 iniquiores
1599 4215 1780 4271 partes
1807 4202 2139 4273 mquioribus

560 4297 909 4361 submittatis,
941 4298 1212 4366 expediet,
1243 4297 1459 4375 opinor,
1491 4296 1750 4364 principis
1802 4311 1985 4351 rerum
2042 4310 2136 4351 sa-

563 4390 779 4459 pientia:
813 4390 866 4444 in
904 4405 1191 4444 commune
1229 4373 1467 4443 rationes
1500 4387 1794 4458 inquirere,
1823 4403 1971 4458 spem
2014 4404 2136 4444 cer-
2165 4373 2210 4430 Ῐ)

563 4481 824 4535 tissimam
873 4482 925 4534 in
970 4478 1195 4548 iustitia:
1243 4488 1403 4550 atque
1452 4480 1621 4548 ipsius
1666 4479 1908 4534 veritatis
1953 4479 2135 4536 stabili

562 4573 759 4626 trutina
799 4573 1145 4628 collocantes.
1184 4573 1278 4628 Sin
1320 4569 1681 4627 contendendi
1723 4586 1888 4626 causa
1943 4572 2131 4627 dicen-

567 4667 730 4735 dique
768 4669 1131 4721 ostentatione
1167 4665 1498 4734 colloquiqu
1545 4665 1766 4735 urgetis,
1797 4662 1876 4719 sic
1921 4663 2134 4731 habete,

565 4753 800 4811 Ecclesia
843 4762 1086 4812 nosuate
1129 4754 1308 4820 censi,
1346 4755 1486 4810 haud
1531 4770 1590 4808 se
1637 4754 2026 4810 consuetudine
2067 4771 2130 4810 ea

563 4847 907 4901 venditant'.
942 4847 1218 4917 Siquidem
1256 4855 1456 4901 nostrae
1490 4846 1846 4916 professionis
1879 4847 1955 4900 ait
1982 4846 2138 4915 quis-

563 4941 705 5006 piam
742 4939 818 5011 (5)
860 4955 877 4997 :
913 4939 1004 5010 qui
1039 4942 1094 4994 in
1127 4939 1492 5008 disputatione
1532 4939 1773 4993 stabilire
1808 4941 2132 4995 sententiam

563 5047 718 5087 suam
750 5041 983 5106 pugnat,
1017 5032 1315 5105 quamlibet
1343 5048 1470 5089 vera
1503 5032 1669 5099 dicat,
1720 5032 1918 5088 diaboli
1954 5034 2141 5091 morbo

563 5122 796 5181 laborat.

631 5263 723 5338 '_ll
749 5268 868 5322 Cor.
898 5283 980 5330 ιιι,
1009 5268 1103 5335 15;;
1135 5266 1302 5322 Exod.
1330 5281 1514 5329 xxxrv.
1537 5267 1624 5322 55.
1701 5266 1720 5298 ⁸
1746 5266 1766 5322 1
1793 5265 1919 5322 Cor.
1944 5269 2132 5335 1516.
2208 5271 2402 5327 'Joan.
2429 5287 2537 5338 xiv,
2563 5270 2616 5326 6.
2691 5270 2712 5302 ⁸
2761 5270 2928 5324 Exod.
3001 5284 3083 5336 ιιι,
3138 5269 3224 5322 14.
3297 5268 3318 5300 ⁸
3355 5263 3531 5320 Exod.

567 5333 610 5368 ¹⁶
644 5334 781 5395 Psal.
808 5338 1046 5406 xvu,12.

638 5497 714 5568 (εἰ)
742 5497 997 5552 Nazianz.
1027 5507 1172 5551 orat.
1197 5495 1234 5550 2
1269 5495 1343 5548 De
1372 5494 1604 5568 tltcoiog,

639 5565 714 5639 (6)
751 5569 992 5625 Pessima
1025 5576 1202 5622 tamen
1242 5566 1857 5639 haec_methodu_s_.‘qu_:e
1892 5581 1918 5616 a
1953 5565 2137 5639 Trinif

569 5634 676 5693 tate
699 5634 895 5712 incipit
919 5641 1163 5712 {quippe
1198 5653 1318 5690 cum
1347 5635 1584 5690 Trinitas
1615 5634 1884 5689 dillicilius
1919 5636 2137 5712 probari

570 5711 737 5781 possit
769 5753 782 5776 ,
816 5707 869 5767 et
896 5712 948 5765 in
984 5707 1176 5765 messis
1206 5715 1449 5762 versatur
1476 5713 1617 5761 tutus
1648 5707 2138 5762 controversiarum

2217 445 2317 487 nos
2362 432 2504 487 Deus
2547 429 2716 488 lsrael
2760 429 3030 503 gloriosus
3071 437 3254 498 amet;
3297 442 3397 485 nos
3444 441 3740 499 nequaquam

2215 520 2348 578 rixa
2394 536 2460 578 ac
2505 521 2866 579 contendendi
2911 521 3091 578 studio
3132 521 3244 576 huc
3287 519 3520 586 venisse,
3551 520 3634 575 sed
3672 522 3742 591 qui

2213 613 2500 672 veritatem
2547 614 2837 679 illustrem,
2875 614 3106 686 ejusque
3143 611 3641 670 demonstrationem
3677 612 3745 668 in-

2215 715 2331 764 star
2359 708 2462 764 via.-
2489 708 2649 780 regiae
2681 709 2864 766 tritam
2894 711 3238 778 superemus,
3266 719 3362 779 per
3389 719 3546 776 quam
3571 705 3748 761 deducti

2213 799 2280 853 ad
2310 798 2480 854 lucem
2507 799 2743 857 caelestis
2770 799 2895 857 vitai
2923 797 3166 854 haeredes
3192 797 3470 854 ﬁeremus.

2281 889 2506 947 Custs'r.
2534 890 2689 950 Meus~
2716 905 2871 948 amor
2893 890 3052 947 Iesus
3077 891 3129 945 iu
3163 889 3454 961 Evangelio
3479 889 3588 944 ait:
3619 906 3638 942 ι
3665 887 3751 959 Ege

2212 999 2332 1042 sum
2373 983 2483 1048 lux,
2510 993 2566 1040 et
2597 985 2823 1051 veritas,
2849 991 2905 1039 et
2939 983 3056 1037 vita
3082 983 3126 1041 ’.
3166 1000 3186 1035 ι
3234 979 3364 1038 Haec
3393 981 3438 1037 si
3472 982 3663 1036 animus
3689 993 3752 1036 est

2213 1093 2340 1132 vere
2363 1077 2498 1132 bona
2527 1076 2770 1146 adipisci,
2799 1075 3101 1132 aecumbite
3123 1085 3178 1132 et
3204 1089 3386 1131 aurem
3423 1076 3660 1145 prabete.

2289 1170 2561 1236 Duorum,
2593 1167 2800 1236 Judai,
2841 1185 2871 1224 a
2926 1169 3084 1226 nobis
3135 1168 3464 1225 Christianis
3509 1166 3750 1220 criminum

2223 1260 2506 1330 postulati,
2538 1272 2718 1316 utrum
2743 1259 2947 1333 jubetis
2972 1261 3129 1317 vobis
3157 1262 3220 1315 ad
3244 1260 3513 1331 judicium
3540 1259 3755 1327 proponi!

2218 1351 2446 1424 Legisue
2481 1351 2824 1409 violationcm
2869 1369 2992 1410 cum
3036 1367 3169 1408 nece
3208 1352 3592 1424 prophetarum
3628 1361 3753 1419 atque

2217 1445 2614 1501 insectatione?
2635 1460 2704 1500 an
2738 1445 2879 1502 lucis
2917 1444 3224 1515 repudium,
3252 1458 3315 1497 ac
3348 1457 3456 1497 uon
3489 1441 3648 1498 solum
3673 1456 3752 1496 non

2223 1541 2501 1603 receptum
2526 1545 2649 1585 eum
2678 1529 2768 1600 qui
2799 1529 3219 1600 praedicabatur,
3244 1528 3338 1584 sed
3368 1527 3566 1593 injuste
3585 1541 3610 1579 a
3631 1527 3750 1582 vobis

2221 1615 2274 1672 iu
2285 1626 2452 1673 terem
2461 1626 2613 1687 ptum
2634 1616 2889 1687 quoque?
2911 1615 3014 1670 etsi
3035 1614 3271 1684 majores
3288 1616 3458 1670 vestri
3478 1629 3540 1668 eo
3559 1623 3755 1667 mactan-

2147 1683 2189 1739 Β
2225 1699 2297 1752 do
2321 1683 2593 1767 negabant
2614 1683 2718 1752 sibi
2750 1683 2777 1746 si
2801 1694 2962 1751 licere
2989 1683 3294 1750 interﬁcere
3319 1709 3659 1765 quemquam.
3684 1711 3700 1744 ι

2293 1779 2416 1836 Jun.
2446 1781 2712 1847 Quoniam
2742 1779 2971 1834 alterum
2999 1791 3083 1835 est
3108 1791 3269 1848 caput
3293 1777 3463 1847 Legis
3482 1787 3532 1832 et
3556 1776 3757 1847 Prophe-

2227 1868 2406 1916 tarum
2417 1875 2674 1931 ,propera
2693 1861 2973 1916 veritatem
2995 1863 3135 1915 bane
3150 1862 3222 1915 ob
3237 1855 3436 1913 oculos
3452 1856 3758 1911 constituere.

2223 1940 2360 1997 Nam
2391 1941 2437 1996 si
2464 1940 2570 1996 hoc
2590 1942 3020 2006 demonstrabis,
3041 1941 3097 1996 in
3115 1951 3348 2011 utroque
3373 1951 3502 1993 reos
3523 1950 3616 1991 nos
3632 1935 3760 1990 dede-

2226 2037 2384 2087 mus;
2426 2033 2638 2078 tantum
2669 2023 2782 2078 haec
2809 2021 3060 2094 probatio
3091 2037 3200 2078 non
3234 2028 3457 2093 petatur
3489 2034 3555 2074 ex
3581 2019 3762 2081 vestris,

2231 2103 2326 2158 sed
2359 2117 2426 2156 ex
2455 2105 2660 2159 nostris
2693 2104 2995 2174 prophetis.

2301 2189 2524 2245 Cuntsr.
2550 2187 2706 2256 Quod
2736 2188 2782 2243 si
2812 2203 2877 2243 ex
2910 2186 3241 2258 propheticis
3269 2185 3694 2258 praedictionibus
3719 2183 3766 2238 li~

2227 2272 2350 2326 dem
2385 2270 2606 2339 iaciam,
2631 2270 2824 2340 ecquid
2851 2284 2944 2324 vos
2968 2283 3184 2324 errasse
3213 2267 3561 2323 fatebituini?

2277 2351 2422 2406 'Juo.
2447 2352 2702 2406 Maxime.
2720 2351 2877 2405 Prius
2895 2361 3073 2404 tamen
3095 2354 3414 2418 scrupulum
3438 2363 3593 2402 unum
3613 2361 3669 2400 ex
3683 2346 3766 2400 ani-

2231 2435 2336 2487 mis
2359 2433 2556 2488 nostris
2575 2431 2874 2503 (rogamus)
2891 2432 3071 2486 exime
3095 2449 3107 2484 :
3134 2430 3234 2496 Qui
3262 2446 3290 2483 a
3314 2429 3471 2484 vobis
3491 2427 3766 2483 Cbrisdanis

2236 2523 2346 2568 tres
2370 2513 2441 2566 dii
2467 2513 2801 2566 honorentur
2823 2521 2876 2565 et
2898 2511 3232 2565 noscantur?
3250 2523 3371 2564 cum
3401 2509 3454 2561 id
3479 2508 3560 2560 lex
3579 2506 3766 2561 Mosaica

2235 2608 2340 2648 non
2367 2592 2662 2661 permittat;
2688 2591 2814 2660 quin
2839 2600 2890 2646 et
2921 2591 3124 2658 liquido
3147 2590 3386 2645 clamet:
3416 2606 3434 2638 ι
3453 2586 3558 2654 Ego
3577 2601 3680 2639 sunt
3697 2587 3769 2654 qui

2234 2688 2357 2727 sum
2378 2672 2421 2726 ⁸.
2454 2690 2472 2722 ι
2503 2671 2581 2725 Ac
2605 2686 2818 2724 rursum
2844 2685 2858 2723 :
2891 2687 2908 2720 t
2939 2669 3054 2723 Non
3079 2670 3327 2724 adorabis
3351 2668 3522 2722 Deum
3547 2665 3767 2730 alienum;

2240 2769 2338 2825 ego
2368 2754 2511 2808 enim
2543 2767 2661 2806 sum
2695 2751 2954 2805 Dominus
2985 2752 3125 2804 Deus
3159 2759 3306 2813 tuus,
3344 2752 3551 2806 zelotes
3574 2750 3630 2805 ’i
3659 2767 3677 2801 ι

2872 2832 3101 2888 CAPUT
3139 2833 3178 2887 l.

2723 2905 2797 2960 De
2833 2906 2938 2960 Deo
2967 2920 3071 2958 uno
3099 2917 3143 2958 et
3179 2905 3338 2961 trino.

2159 3024 2201 3081 ο
2309 3011 2535 3067 Cuntsr.
2571 3005 2684 3060 Hac
2709 3004 2980 3068 doctrina,
3010 3017 3042 3057 ο
3067 2999 3233 3056 Judaei
3267 2999 3363 3071 (6),
3403 3006 3571 3053 totum
3603 2993 3770 3050 theolo-

2234 3104 2333 3177 giae
2388 3116 2645 3156 arcanum
2699 3096 3020 3152 absolvitur.
3072 3092 3177 3147 Sed
3230 3092 3516 3146 enimvero
3561 3086 3769 3142 Ecclesiae

2234 3206 2432 3252 nostrae
2484 3196 2757 3255 doctores,
2795 3201 2907 3244 tum
2959 3187 3159 3255 lingua,
3199 3195 3305 3238 tum
3354 3196 3543 3239 mente
3591 3183 3771 3236 horrere

2235 3297 2333 3339 nos
2365 3282 2580 3346 docent,
2614 3280 2658 3334 si
2695 3277 2910 3349 quando
2940 3277 3008 3336 de
3043 3273 3152 3329 Deo
3183 3273 3390 3343 aliquid
3425 3271 3574 3326 ell‘ari
3605 3270 3769 3323 audea-

2236 3390 2381 3430 mus.
2416 3374 2549 3429 Nam
2593 3373 2696 3427 etsi
2740 3379 3083 3437 cunctorum,
3121 3382 3239 3436 quae
3283 3366 3385 3420 sub
3433 3368 3568 3421 cmlo
3603 3373 3768 3422 creata.

2236 3467 2680 3540 augustissimum
2714 3465 2879 3521 homo
2912 3471 3027 3529 est;
3071 3471 3126 3515 at
3162 3462 3393 3516 nimium
3437 3475 3594 3530 quam
3635 3459 3774 3523 impar

2235 3569 2319 3616 est
2345 3561 2538 3615 divina:
2564 3559 2669 3614 luci
2695 3555 3146 3626 contemplandre.
3177 3553 3399 3608 Scilicet
3425 3562 3631 3606 terrena
3655 3563 3772 3606 caro,

2237 3657 2288 3710 in
2341 3656 2665 3723 humumque
2712 3650 2954 3714 devexa,
2987 3662 3108 3717 qua?
3162 3659 3259 3715 pro
3309 3643 3561 3698 materia:
3604 3638 3772 3700 studio,

2239 3747 2422 3803 mundi
2459 3761 2519 3801 se
2551 3743 2785 3813 negotiis
2819 3741 3040 3804 miscet,
3070 3749 3124 3793 et
3155 3738 3375 3792 assidue
3417 3737 3486 3791 iis
3514 3749 3630 3805 quae
3653 3734 3780 3786 deor.

2238 3855 2357 3895 sum
2396 3847 2545 3902 sunt,
2573 3838 2877 3890 consuescit
2912 3848 2977 3887 ac
3015 3831 3336 3892 delectatur,
3367 3842 3514 3898 aegre
3558 3828 3608 3879 in
3643 3821 3778 3878 subli-

2239 3935 2406 3988 mium
2442 3945 2627 3986 curam
2662 3926 2926 3983 incumbit
2959 3943 2974 3979 :
3009 3932 3170 3992 atque
3205 3931 3262 3976 ut
3297 3923 3442 3976 inter
3479 3921 3712 3976 llebrreos
3737 3923 3779 3969 et

2237 4025 2525 4096 IEgyptios
2567 4021 2736 4078 nubes
2779 4029 3037 4090 tanquam
3081 4032 3268 4072 murus
3313 4013 3699 4074 intercedebat,
3724 4009 3778 4061 ita

2239 4117 2496 4173 nimirum
2541 4127 2803 4181 corporea
2846 4113 2962 4167 haec
3006 4109 3179 4180 caligo
3224 4107 3368 4162 inter
3409 4106 3576 4161 Deum
3615 4119 3672 4157 ac
3705 4113 3780 4154 nos

2241 4210 2413 4264 inedia
2445 4208 2719 4262 iuterstat.
2751 4203 2881 4259 Eam
2912 4202 2981 4258 ob
3013 4216 3148 4265 rem,
3181 4200 3396 4270 opinor,
3429 4197 3592 4253 etiam
3625 4191 3776 4254 David,

2240 4316 2380 4356 unus
2409 4315 2439 4355 e
2470 4297 2764 4367 majoribus
2793 4295 3017 4360 Christi,
3049 4290 3258 4347 homini
3294 4289 3582 4360 prmcinuit
3609 4305 3622 4342 :
3655 4304 3671 4337 ι
3702 4284 3782 4340 Ρο·

2241 4392 2347 4446 suit
2393 4388 2646 4443 tenebras
2689 4383 2965 4439 latibulum
3011 4396 3168 4436 suum
3189 4381 3256 4435 ¹⁹.
3291 4398 3311 4432 ι
3366 4380 3650 4448 Stuporem
3685 4374 3780 4426 hinc

2243 4494 2485 4537 nostrum
2521 4478 2826 4547 declarans,
2859 4478 2928 4531 ob
2961 4490 3120 4545 quem
3164 4473 3320 4543 pauci
3357 4472 3472 4536 vix,
3504 4468 3584 4523 vel
3628 4478 3777 4536 parum

2242 4574 2522 4647 superiora
2565 4571 2892 4640 suspiciunt.
2928 4568 2997 4624 Et
3031 4568 3252 4639 quinam
3303 4565 3417 4620 illi?
3463 4564 3662 4631 Quibus
3699 4571 3778 4647 non

2241 4644 2469 4736 corpora
2493 4663 2857 4720 maceratione
2882 4671 3087 4718 tantum
3119 4659 3433 4731 jejunioque
3459 4661 3690 4727 purgata.
3709 4644 3783 4702 sed

2243 4759 2372 4829 ipsa:
2397 4757 2533 4812 adeo
2559 4765 2767 4812 mentes
2788 4754 2869 4811 sic
2893 4762 3216 4822 comparatas
3239 4760 3384 4815 sunt,
3407 4759 3469 4803 ut
3490 4762 3608 4803 cum
3635 4743 3782 4798 divina

2246 4867 2458 4921 semper
2476 4850 2751 4906 voluntate
2768 4849 3070 4918 conjunctae
3088 4846 3212 4902 siut.
3233 4844 3310 4900 lta
3331 4843 3481 4899 enim
3505 4853 3704 4900 censeo,
3720 4832 3785 4888 di-

2245 4948 2370 5008 vina
2389 4959 2481 5000 eos
2498 4943 2617 5000 luce
2635 4943 2770 4998 allici
2792 4942 3058 5008 vicissim,
3073 4940 3161 5009 qui
3181 4938 3234 4994 id
3252 4937 3402 5008 quod
3422 4940 3477 4990 in
3497 4935 3624 5005 ipsis
3639 4937 3708 4984 est
3722 4925 3785 4979 di-

2248 5039 2432 5091 vinum
2459 5036 2745 5108 (rationem
2764 5034 2886 5089 dico
2909 5044 3074 5104 atque
3096 5031 3354 5100 mentem)
3376 5029 3473 5084 Dei
3498 5025 3664 5083 studio
3685 5033 3784 5089 per-

2250 5128 2692 5200 miscent,ell‘tgie
2710 5131 2777 5183 ad
2804 5127 3178 5197 primigetrium
3204 5123 3484 5193 exemplar
3507 5137 3564 5178 se
3585 5120 3781 5174 levante.

3615 5273 3694 5320 ιι,
3738 5253 3780 5306 5.

2239 5495 2424 5559 cardo,
2475 5496 2617 5549 hunc
2661 5494 2890 5558 venisse,
2927 5492 3126 5548 Judmis
3166 5502 3291 5546 ante
3335 5487 3522 5542 omnia
3568 5483 3770 5559 probam

2242 5568 2392 5622 dum.
2412 5556 2550 5620 lude
2579 5566 2643 5618 ad
2678 5556 3221 5620 cretcratlhristiauze
3256 5559 3536 5631 religionis
3563 5556 3778 5625 dogma“

2244 5635 2454 5693 facilius
2490 5637 2884 5707 progredimur.
2915 5634 3073 5689 Baga.
