3932 6190
165 357 250 418 301
1263 353 1651 420 DiALOGUS
1687 359 1981 424 CONTRA
2022 362 2349 428 IUDdiOS.

3313 361 3420 426 802

165 467 285 523 Nam
325 468 462 538 quod
510 468 678 524 Deum
721 469 934 525 noverit
973 469 1288 541 quisquam,
1323 479 1418 526 aut
1459 485 1654 536 nosse,
1695 484 1726 524 a
1751 464 1805 528 Α
1830 471 1996 527 maris
2027 489 2043 528 :
2079 472 2144 529 Et
2176 472 2519 544 przscedehat
2549 471 2815 546 sapientia
2853 469 3160 532 Salomonis
3194 475 3417 547 sapien-

162 577 418 633 qnoquam
463 562 830 617 testimonium
884 562 1101 629 tulerit,
1143 563 1404 644 hactenus
1454 563 1632 629 novit,
1673 572 1735 618 ut

159 656 256 710 alio
286 670 391 708 non
435 671 464 708 a
483 668 590 724 que
626 655 897 710 illustrato
934 655 1168 711 lucidior
1195 666 1504 726 appareret,
1533 657 1732 726 quippe

157 746 301 802 alteri
354 758 613 815 praestare
664 747 962 817 perfectum
1005 747 1260 818 quiddam
1309 747 1574 802 creditum
1623 756 1730 813 est,

160 853 257 893 non
308 826 522 909 reipsa,
553 840 648 895 sed
692 840 997 894 alienarum
1050 841 1460 912 comparatione
1506 841 1728 898 virium.

156 928 440 986 Enimvero
466 929 614 988 Enos
646 951 666 984 ι
697 931 915 988 Primus
947 933 1024 1003 (7)
1058 934 1224 1002 cmpit
1252 933 1504 988 invocare
1533 948 1728 989 nomen

156 1023 356 1078 Domini
378 1022 462 1090 ";
498 1042 518 1076 ι
550 1026 692 1093 (ιυού
723 1025 842 1094 ejus
871 1024 1108 1080 studium
1135 1024 1375 1096 aequales
1410 1043 1431 1076 ι
1468 1025 1556 1080 Dei
1589 1026 1731 1080 noti-

156 1115 272 1170 tiam
324 1134 344 1167 ι
397 1117 607 1171 dixere.
640 1116 705 1169 Et
750 1115 970 1172 merito.
1003 1117 1107 1183 Qui
1151 1118 1293 1172 enim
1338 1117 1531 1188 possis,
1563 1132 1725 1188 quem

152 1210 358 1279 ignoras
397 1212 454 1263 in
497 1220 618 1264 vota
662 1221 748 1263 tua
793 1213 1036 1266 rocare?-
1063 1211 1268 1274 Enoch,
1300 1210 1388 1281 qui
1432 1210 1727 1268 translatus

149 1300 335 1362 fuerat,
369 1303 638 1355 incertum
667 1318 734 1357 an
767 1301 933 1357 Deum
950 1303 1266 1372 praescierit.
1295 1302 1430 1371 Noe,
1463 1303 1726 1374 acceptis-

146 1396 301 1448 simus
326 1392 462 1462 Deo,
488 1395 708 1464 sospitas
733 1396 923 1465 peritia
951 1412 1093 1451 arcte
1115 1397 1346 1452 donatur
1365 1396 1722 1453 ".Abrahatn

147 1485 227 1538 ille
258 1501 490 1558 magnus
520 1503 588 1542 ex
620 1487 726 1545 Dde
755 1488 1109 1556 justiﬁeatus,
1140 1493 1478 1562 peregrinam
1511 1490 1725 1562 jugulat

151 1578 398 1646 hostiam,
434 1580 485 1634 in
529 1590 712 1653 typum
747 1582 841 1636 Dei
881 1594 1102 1655 propter
1139 1597 1237 1638 nos
1277 1583 1631 1640 interﬁciendi
1654 1585 1718 1640 “.

144 1671 206 1725 At
246 1688 353 1727 non
413 1673 583 1728 Deum
635 1684 693 1729 ut
745 1671 913 1730 Deum
961 1678 1274 1746 conspexit,
1316 1678 1411 1732 sed
1464 1688 1719 1748 tanquam

144 1763 408 1821 hominem
462 1767 638 1839 epulis
682 1769 926 1840 accepit,
978 1769 1340 1840 laudatusque
1389 1771 1492 1825 fuit
1575 1775 1718 1842 quod

1839 565 1970 618 tiam
2008 567 2248 621 omnium
2289 564 2645 622 Orientalium
2683 575 2738 622 et
2771 566 3175 638 Egyptiorum,
3199 577 3256 622 et
3291 576 3412 623 erat

1834 658 2134 727 sapientior
2167 657 2380 714 eunetis
2423 657 2740 714 hominibus
2757 661 2838 727 '°;
2885 677 2903 712 ι
2943 675 3051 730 quo
3083 660 3248 716 altius
3282 676 3415 732 pro-

1833 748 2001 804 funda
2033 758 2300 820 penetrat,
2332 764 2398 806 eo
2429 751 2643 807 haesitat
2673 752 2869 822 magis,
2903 751 3174 822 finemque
3202 755 3416 821 sapien-

1834 841 1922 895 tize
1956 841 2165 906 statttit,
2194 842 2382 896 conari
2415 842 2684 906 invenire,
2713 853 2973 911 quantum
2999 842 3270 913 eﬂttgerit.

1904 932 2092 998 David,
2131 952 2151 987 ‹
2185 935 2268 990 vir
2293 934 2589 990 secundum
2623 949 2716 989 cor
2754 933 2848 988 Dei
2873 936 2939 1002 ¹¹,
2971 951 2988 984 ι
3026 934 3293 989 interdum
3319 936 3414 1006 jn-

1829 1025 1972 1081 dicia
2010 1027 2102 1082 Dei
2133 1045 2153 1079 ι
2183 1028 2437 1098 abyssum
2467 1027 2687 1081 multam
2714 1030 2790 1079 η»
2826 1027 3087 1084 nominat.
3121 1028 3262 1084 Alibi
3314 1030 3409 1094 ait,

1832 1117 2124 1174 rlilirabilis
2147 1118 2285 1173 facta
2315 1127 2400 1174 est
2422 1117 2651 1175 scientia
2683 1128 2773 1174 tua
2802 1134 2868 1174 ex
2895 1118 3272 1189 seipsa"(8).r
3299 1117 3412 1173 Mo-

1829 1226 1938 1277 ses,
1961 1223 2140 1265 ratum
2161 1210 2251 1266 ille
2277 1220 2478 1276 vertex,
2496 1210 2775 1281 quietDeo
2802 1211 3023 1275 charus,
3051 1227 3264 1282 praeque
3290 1228 3412 1267 om-

1827 1303 1986 1358 nibus
2046 1317 2144 1358 sua
2201 1310 2522 1373 tempestate
2570 1301 2826 1368 celebris,
2877 1311 2999 1372 post
3046 1299 3408 1374 quadraginta

1826 1395 2034 1449 dierum
2084 1394 2292 1463 piacula
2341 1408 2406 1449 ac
2455 1392 2854 1458 lustrationem,
2903 1392 3220 1462 caliginem,
3258 1394 3400 1448 toni-

1827 1496 1968 1552 trua,
1995 1494 2158 1555 atque
2181 1486 2360 1552 tubas,
2394 1487 2482 1539 vix
2520 1485 2816 1556 posteriora
2848 1485 3048 1540 intueri
3076 1483 3167 1541 Dei
3195 1485 3408 1556 potuit:

1823 1580 1937 1634 sive
1968 1593 2030 1634 ea
2062 1577 2372 1635 moiitiones
2404 1587 2459 1633 et
2503 1577 2718 1649 opiﬁcis
2766 1579 2856 1634 Dei
2888 1593 3141 1643 censeas,
3187 1594 3281 1634 seu
3323 1579 3411 1634 in-

1823 1672 2194 1736 carnationem
2231 1669 2391 1727 Verbi
2417 1681 2583 1742 atque
2621 1669 2740 1726 Filii
2783 1671 2903 1741 ejus
2938 1673 3087 1727 dicas
3119 1712 3134 1738 ,
3165 1672 3237 1726 ob
3264 1688 3412 1726 mor-

1825 1763 2010 1818 talium
2042 1764 2272 1820 salutem
2297 1765 2588 1835 postremis
2611 1763 2940 1834 temporibus
2966 1763 3222 1821 ineffabili
3250 1764 3410 1820 modo

141 1874 252 1914 eum
281 1873 554 1929 quantum
593 1870 914 1932 perceperat
965 1863 1246 1919 coluisset.
1274 1863 1448 1919 Jacob
1514 1866 1713 1921 scalam

1823 1859 2249 1927 procurandam.
2303 1856 2568 1912 Caeterum
2621 1872 2798 1928 neque
2839 1857 2912 1924 hi,
2956 1873 3131 1928 neque
3183 1857 3268 1913 his
3316 1871 3414 1927 par

140 1958 187 2005 et
225 1951 592 2008 ascendentes
637 1967 736 2024 per
781 1967 901 2008 eam
953 1964 1006 2008 et
1050 1955 1446 2012 descendentes
1495 1954 1718 2027 angelos

140 2051 328 2111 tuetur,
367 2045 608 2116 lapidem
656 2056 901 2102 erectum
946 2047 1002 2103 in
1057 2048 1271 2103 titulum
1317 2049 1439 2105 oleo
1483 2050 1718 2120 perfudit

140 2136 396 2210 mystice,
429 2139 665 2195 fortasse
688 2139 781 2210 qui
817 2149 1000 2196 nostra
1029 2156 1193 2197 causa
1226 2151 1448 2197 unctum
1480 2142 1714 2212 lapidem

137 2242 370 2298 notaret;
408 2241 465 2287 et
487 2230 607 2286 loco
632 2233 866 2301 cuipiam
896 2248 926 2286 a
960 2229 1173 2288 Visione
1206 2233 1303 2288 Dei
1329 2250 1526 2292 nomen
1557 2237 1717 2304 indit,

137 2328 194 2380 ad
218 2325 482 2381 honorem
517 2323 690 2395 ipsius
716 2323 852 2392 Visi,
879 2342 1001 2381 cum
1032 2327 1142 2382 Deo
1170 2329 1317 2384 velut
1341 2345 1465 2385 cum
1494 2330 1715 2387 homine

136 2415 449 2470 colluctatur
477 2417 520 2447 ”
551 2417 912 2489 (quaecunque
959 2417 1178 2472 tandem
1224 2419 1320 2473 Dei
1364 2433 1488 2476 cum
1536 2419 1712 2476 homi-

136 2511 278 2565 nibus
314 2509 462 2565 lucta
505 2523 611 2564 est.
647 2513 726 2564 An
775 2511 1021 2566 humanae
1061 2509 1290 2568 forsitan
1331 2513 1548 2571 virtutis
1587 2531 1710 2571 cum

138 2602 308 2657 divina
363 2602 719 2672 contentio?)
777 2602 933 2658 lucta:
982 2606 1037 2660 in
1085 2619 1316 2675 corpore
1364 2618 1713 2664 monumenta

137 2693 248 2758 fert,
284 2710 412 2764 quae
460 2694 752 2762 genitalem
796 2697 991 2751 vietam
1044 2707 1294 2752 naturam
1347 2699 1711 2769 designarent,

137 2787 363 2842 nominis
407 2787 897 2842 commutationem
946 2788 1164 2857 pietatis
1204 2790 1486 2860 praemium
1529 2792 1710 2862 capit,

135 2895 222 2950 pro
261 2878 472 2937 Iacobo
520 2879 689 2935 Israel
733 2890 1079 2949 nuncupatus
1097 2882 1164 2946 ",
1198 2889 1424 2951 augusta
1476 2898 1612 2939 sane
1657 2867 1712 2940 et

134 2971 319 3031 illustri
365 2974 812 3030 noinenclatura.
844 2970 1114 3030 Caeterum
1161 2974 1256 3031 Dei
1308 2984 1587 3042 naturam,
1615 2987 1713 3034 aut

1820 1950 2130 2019 quisquam,
2171 1949 2261 2006 Dei
2288 1951 2648 2006 substantiam
2690 1959 2746 2006 et
2785 1950 3076 2006 essentiam
3105 1950 3411 2021 apprehen-

1819 2045 1922 2109 dit,
1945 2055 2001 2098 ut
2022 2038 2284 2115 scriptum
2310 2056 2393 2100 est
2417 2044 2486 2112 “,
2520 2060 2692 2115 neque
2716 2044 2808 2100 Dei
2835 2054 3081 2098 naturam
3137 2047 3411 2114 perspexit

1819 2144 1914 2189 aut
1960 2136 2241 2203 exposuit;
2284 2132 2380 2191 sed
2412 2150 2600 2191 omnes
2649 2133 2845 2190 exinde
2901 2148 3071 2204 uSque
3120 2133 3246 2200 huc,
3284 2153 3303 2185 ι
3340 2150 3402 2188 (s

1817 2235 1971 2296 parte
2001 2236 2351 2298 cognOscunt,
2391 2235 2445 2282 et
2472 2243 2535 2283 ex
2579 2237 2730 2296 parte
2766 2227 3186 2297 prophetarit".
3221 2245 3238 2277 ι
3269 2224 3407 2282 Om-

1818 2334 1915 2375 nes
1947 2334 2098 2384 vero,
2134 2320 2378 2390 inquam,
2419 2320 2521 2373 illis
2544 2320 2736 2390 spiritu
2773 2335 2952 2389 pares.
2981 2321 3057 2374 Ac
3083 2319 3208 2387 quid
3236 2317 3405 2373 Deum

1816 2415 1885 2468 ab
1914 2411 2098 2482 aliquo
2122 2414 2398 2468 hominum
2439 2412 2614 2468 visum
2648 2412 2863 2468 dicam?
2895 2412 2986 2483 qui
3023 2427 3121 2466 nec
3154 2414 3220 2465 de
3246 2413 3406 2467 rebus

1815 2505 2036 2576 quidem
2073 2505 2307 2561 conditis
2337 2505 2617 2574 explorate
2641 2515 2836 2574 queant
2871 2507 3154 2561 disserere.
3189 2504 3406 2560 St-iln'et

1817 2599 1994 2670 magni
2078 2597 2298 2655 Davidis
2378 2598 2495 2655 hac
2557 2597 2826 2655 sententia
2875 2607 3003 2656 est:
3062 2617 3082 2651 ι
3135 2599 3400 2667 Quoniam

1815 2703 1944 2748 tunc
1970 2692 2160 2748 videbo
2184 2691 2353 2747 caelos
2378 2700 2521 2756 tuos,
2554 2706 2715 2762 opera
2742 2693 3031 2764 digitorum
3059 2701 3274 2747 tuorum
3295 2696 3396 2750 “es

1815 2785 1968 2840 Tunc
1995 2803 2010 2841 :
2035 2785 2295 2857 quando?
2319 2785 2455 2841 Cum
2487 2800 2552 2840 ex
2591 2786 2692 2840 hoc
2727 2785 3076 2841 tabernaculo
3092 2799 3400 2852 excessero,

1813 2888 1976 2948 atque
2012 2893 2040 2932 a
2072 2892 2257 2934 crassa
2310 2877 2612 2933 vitlositate
2671 2878 2978 2948 expeditus,
3038 2879 3399 2947 liquidissima

1813 2968 1936 3025 luce
2000 2967 2304 3024 illustratus
2364 2968 2538 3024 fuero.
2599 2967 2759 3023 Vides
2827 2971 3123 3035 ingenuum
3184 2968 3402 3023 vatem?

133 3078 476 3137 conspectum
526 3067 755 3136 cepisse,
789 3079 890 3121 nec
933 3067 1048 3135 ipse
1086 3067 1201 3132 ille,
1236 3082 1338 3124 nec
1378 3083 1540 3141 supra
1584 3084 1709 3126 eum
1809 3063 1992 3134 Atque
2040 3064 2154 3120 hac
2208 3062 2366 3119 inibi.
2419 3062 2538 3118 Alio
2592 3062 2761 3117 loco:
2794 3081 2812 3112 ι
2853 3061 3086 3125 incerta,
3121 3063 3318 3132 inquit,
3346 3071 3401 3118 et

133 3158 410 3229 quisquam
441 3157 712 3226 hodieque
743 3171 911 3211 ausus
943 3166 1022 3212 est
1046 3155 1279 3225 jactare.

195 3251 362 3305 Etiam
406 3265 536 3302 aura
580 3251 826 3320 quadam
869 3249 1030 3316 lenis,
1065 3261 1119 3305 et
1161 3251 1316 3325 ignea
1357 3253 1616 3325 quadriga
1654 3253 1709 3310 in

133 3341 314 3397 coelum
363 3340 648 3407 subducit,
685 3340 948 3411 majorem
997 3342 1219 3398 homine
1252 3343 1459 3412 justum
1500 3346 1708 3415 signiti-

134 3432 338 3488 cans“.
390 3432 627 3496 Manue,
675 3431 768 3502 qui
817 3432 1127 3503 apparentis
1173 3435 1418 3489 obtutum
1466 3437 1555 3492 Dei
1605 3453 1710 3491 non

133 3521 329 3580 ferret:
366 3545 387 3578 ε
421 3523 569 3578 Dixit
596 3524 660 3579 ad
693 3539 918 3579 uxorem
949 3540 1110 3580 suam
1144 3544 1160 3582 :
1193 3525 1363 3582 Morte
1393 3529 1708 3596 moriemur,

133 3617 243 3684 quia
285 3616 522 3673 vidimus
571 3615 947 3672 Dominum".
990 3636 1013 3670 ι
1061 3617 1247 3688 Neque
1286 3621 1428 3675 enim
1473 3622 1708 3678 divinam

132 3709 294 3765 solum
344 3719 594 3765 naturam
639 3723 832 3780 capere
880 3710 1188 3767 humanitas
1234 3728 1338 3767 non
1385 3723 1582 3782 potest,
1615 3716 1709 3771 sed

133 3817 222 3858 nec
256 3804 608 3875 splendorem
658 3803 856 3872 ipsum.
891 3801 1118 3859 Isaias"
1145 3813 1202 3860 et
1243 3805 1557 3861 Ezechiel"
1587 3823 1708 3863 ma-

133 3911 345 3966 gnarum
384 3913 567 3953 rerum
603 3906 938 3965 spectatores
973 3911 995 3952 ε
1041 3896 1134 3954 Ille
1174 3899 1317 3955 enim
1366 3901 1603 3956 Sabaoth
1653 3904 1709 3958 itt

134 3988 429 4060 maiestatis
478 3989 673 4044 divinae
719 3988 856 4044 solio
905 3989 1067 4056 videt,
1103 3991 1432 4061 stipantibus
1475 4008 1622 4061 eum,
1654 4006 1711 4052 et

129 4083 557 4139 collaudantibus
590 4097 653 4139 ac
687 4083 997 4154 tegentibus
1036 4082 1379 4155 Serapltinis,
1412 4089 1504 4158 qui
1543 4105 1708 4146 senas

129 4176 232 4232 alas
284 4177 586 4245 haberent;
644 4177 735 4232 ubi
786 4186 842 4233 et
901 4179 1017 4248 ipse
1071 4194 1244 4248 pruna
1305 4181 1592 4251 lustratus,
1639 4184 1709 4241 ad

132 4269 559 4336 prophetandutn
601 4269 858 4326 mittitur.
889 4271 987 4326 llic
1022 4287 1150 4327 vero
1182 4284 1239 4330 et
1271 4273 1365 4329 Dei
1404 4277 1707 4333 vehiculum

133 4361 466 4418 Cberubinos
497 4362 781 4431 describit,
807 4372 862 4418 et
890 4374 1206 4434 superstans
1241 4366 1291 4421 ei
1329 4369 1550 4437 solium,
1581 4372 1709 4427 hoc-

130 4469 227 4525 que
255 4456 591 4524 superiorem
627 4457 877 4523 aethram,
902 4465 955 4512 et
983 4458 1075 4527 qui
1111 4459 1163 4513 in
1196 4459 1311 4530 ipsa
1348 4472 1708 4532 repratsenta-

135 4557 293 4614 retur,
326 4557 438 4601 tum
479 4559 534 4602 et
571 4562 731 4602 voces
765 4549 1052 4617 quasdam,
1087 4559 1143 4604 et
1177 4552 1438 4618 impetus,
1469 4569 1535 4609 ac
1578 4554 1701 4610 l'un-

132 4638 351 4693 etianes.
394 4639 574 4708 Atque
628 4638 733 4693 ista
784 4640 1003 4704 omnia,
1038 4654 1132 4695 seu
1185 4641 1386 4698 fuerint
1437 4647 1703 4716 apparitio

132 4735 371 4800 quaedam
422 4735 648 4801 diurna,
695 4734 1046 4803 aspectabilis
1092 4739 1330 4800 sanctis,
1382 4753 1477 4793 seu
1526 4741 1700 4797 visum

137 4837 449 4879 nocturnum
497 4825 720 4880 minime
753 4825 938 4890 fallax,
976 4843 1070 4882 seu
1113 4827 1371 4898 eﬂigtatio
1410 4831 1462 4885 in
1500 4834 1701 4904 animo,

136 4930 244 4983 quae
286 4914 467 4970 futura
521 4931 617 4970 ceu
670 4920 956 4985 prmaentia
1012 4929 1386 4989 repraesentat,
1423 4938 1518 4977 seu
1561 4925 1704 4980 aliud

137 5021 382 5064 arcanum
412 5011 708 5080 prophetia:
739 5026 929 5089 genus,
958 5013 1102 5082 quod
1139 5014 1284 5068 solus
1315 5018 1696 5083 prophetarum

138 5099 268 5156 Deus
308 5101 480 5156 novit.
517 5100 775 5156 Salomon
823 5102 1005 5174 (verba
1055 5104 1393 5177 Scriptum),
1427 5109 1514 5164 cui
1558 5112 1705 5167 dedit

141 5189 271 5248 Deus
306 5211 326 5245 ι
363 5194 685 5264 sapientiam
719 5205 771 5250 et
803 5195 1148 5265 prudentiam
1183 5198 1404 5254 multam
1439 5201 1620 5272 nimis,
1651 5213 1707 5259 et

142 5280 470 5340 latitudinem
506 5285 710 5352 cordis,
738 5287 891 5355 quasi
928 5302 1148 5343 arenam
1176 5303 1296 5359 quae
1328 5303 1412 5348 est
1439 5293 1493 5347 in
1525 5293 1705 5351 littore

206 5457 245 5491 “
266 5459 398 5516 Gen.
424 5475 502 5526 tv,
521 5457 612 5515 26.

692 5462 738 5494 “
761 5461 896 5518 Gen.
923 5478 1081 5520 Vt-tx.
1130 5466 1204 5531 ,⁸⁸
1229 5465 1366 5527 Gen.
1395 5483 1534 5531 xxn,
1561 5467 1646 5524 l3.

1737 3209 1784 3273 G

1725 5469 1770 5502 “
1790 5466 1932 5525 Gen.
1955 5481 2148 5530 xxvnt,
2178 5463 2381 5523 l2.18.

1813 3157 2026 3212 occulta
2084 3155 2492 3226 sapientitctna‘.
2545 3155 2901 3211 titanil'estasti
2943 3157 3074 3210 mihi
3095 3156 3164 3210 ".
3198 3175 3218 3208 ι
3262 3155 3394 3211 Nam

1819 3251 2061 3322 profecto
2095 3249 2187 3306 Dei
2221 3250 2496 3321 opiﬁcium
2547 3264 2668 3306 esse
2720 3249 2910 3313 cmlos,
2945 3265 3067 3304 cum
3115 3259 3398 3320 perspecte

1817 3359 1963 3397 nunc
2009 3342 2284 3414 cognitum
2339 3341 2493 3403 Vati;
2545 3353 2656 3395 tum
2695 3357 2823 3397 vero
2878 3343 3116 3398 exactius
3169 3345 3392 3410 tenebit,

1815 3452 1939 3491 cum
1977 3449 2030 3492 et
2065 3451 2253 3492 eorum
2287 3436 2395 3491 vim
2425 3450 2488 3490 ac
2522 3443 2792 3499 naturam,
2831 3435 2922 3489 sed
2969 3444 3024 3489 et
3054 3450 3293 3498 causam,
3327 3435 3396 3489 oh

1813 3547 1975 3599 quam
2008 3529 2076 3584 ab
2106 3529 2298 3599 opilice
2339 3528 2446 3583 Deo
2488 3528 2745 3595 instituti,
2781 3537 3034 3584 accurate
3075 3529 3389 3596 perspiciet.

1814 3623 1951 3678 Tum
1983 3622 2126 3679 enim
2162 3636 2269 3677 non
2300 3619 2455 3689 pellis
2490 3620 2660 3675 instar
2710 3633 2965 3678 extensos
2985 3621 3052 3687 ",
3091 3622 3181 3676 scd
3212 3638 3392 3676 veram

1813 3727 2026 3774 natura;
2075 3715 2199 3786 ejus
2236 3716 2486 3770 uetitiam
2530 3723 2919 3783 consequetur.
2969 3715 3122 3781 Quod
3178 3716 3222 3770 si
3261 3717 3393 3770 tanti

1815 3810 1919 3864 viri
1948 3811 2014 3863 de
2053 3809 2214 3862 rebus
2245 3807 2446 3862 creatis
2479 3807 2747 3862 tantillum
2778 3808 3033 3877 quiddam
3086 3807 3136 3863 itt
3175 3808 3277 3863 hoc
3313 3817 3396 3864 ta-

1814 3899 2110 3955 bernaculo
2159 3899 2427 3970 agitantes
2468 3908 2597 3954 sunt
2651 3898 2911 3964 assecuti,
2948 3898 3076 3968 quid
3120 3898 3232 3968 iam
3289 3899 3395 3955 mei

1811 3991 1987 4049 instar
2021 3991 2311 4063 quispiam,
2343 3991 2532 4063 plenus
2567 3991 2830 4047 scelerum
2876 3991 3121 4058 maculis,
3159 3993 3396 4062 cogitare

1811 4096 1905 4143 aut
1937 4086 2090 4141 eﬂ'url
2121 4086 2304 4142 ausit?

1887 4179 2070 4234 Dicam
2104 4189 2284 4233 tamen
2321 4179 2496 4246 vobis,
2527 4194 2648 4249 qua:
2677 4188 2829 4234 certo
2857 4187 2912 4232 et
2948 4177 3152 4246 absque
3177 4185 3396 4231 contro-

1812 4275 1988 4328 versia
2060 4271 2445 4342 prophetarum
2516 4284 2638 4326 esse
2699 4270 2991 4326 credimus.
3071 4270 3391 4339 Expeditam

1808 4380 1972 4436 porro
2002 4363 2165 4421 iaciat
2195 4363 2494 4419 orationem
2537 4378 2565 4416 a
2605 4362 2884 4433 prophetis
2932 4362 3220 4431 prtedicata
3272 4360 3390 4416 Tri~

1811 4460 1972 4521 nitas,
2005 4472 2163 4512 verus
2218 4463 2379 4525 atque
2429 4454 2588 4509 unius
2641 4467 2844 4508 naturae
2894 4453 3063 4507 Deus.
3125 4451 3301 4506 Gredo
3335 4452 3391 4506 in

1812 4549 2051 4614 Patrem,
2101 4563 2166 4603 ac
2218 4546 2440 4610 Filium,
2475 4555 2528 4600 et
2584 4542 2843 4615 Spiritum
2904 4554 3172 4611 sanctum,
3234 4545 3392 4599 tutius

1811 4658 2039 4714 naturae,
2062 4653 2116 4699 et
2147 4641 2435 4697 indivisam
2465 4641 2819 4707 Trinitatem;
2853 4656 2956 4694 non
2994 4650 3052 4695 ut
3084 4651 3195 4695 tres
3235 4641 3388 4706 deos,

1810 4738 1904 4794 sed
1936 4752 2096 4790 unam
2122 4735 2375 4790 deitatem
2398 4734 2450 4787 in
2487 4733 2658 4788 tribus
2683 4733 2928 4803 personis
2947 4733 3344 4802 agnoscendam
3369 4750 3385 4786 :

1811 4833 1928 4885 sine.
1964 4828 2254 4900 principio,
2291 4826 2407 4880 sine
2442 4827 2568 4890 line,
2597 4834 2864 4888 aeternum
2913 4825 3146 4886 Patrem,
3183 4836 3390 4880 natura:

1811 4925 1984 4977 omnis
2019 4921 2384 4991 aspeclultilis,
2419 4931 2582 4989 atque
2621 4918 2970 4987 intelligentia
3003 4917 3384 4972 architectum.

1811 5015 2062 5070 (lenitum
2093 5029 2156 5068 ex
2191 5011 2347 5066 Patre
2398 5009 2618 5071 Filium,
2650 5011 2802 5077 quasi
2853 5010 3033 5062 lumen
3067 5010 3130 5061 de
3165 5009 3386 5074 lumine,

1813 5107 1981 5162 Deum
2023 5121 2202 5160 verum
2258 5121 2318 5158 ex
2352 5102 2462 5157 Deo
2519 5118 2664 5156 vero.
2712 5101 2963 5156 Genitutn
3010 5116 3114 5155 non
3163 5102 3388 5168 factum,

1813 5199 2220 5263 immortalem,
2306 5193 2865 5259 consubstantialem,
2958 5207 3176 5262 semper
3265 5207 3387 5247 cum

1813 5295 1976 5351 Patre
2002 5293 2313 5361 degentem,
2346 5289 2525 5344 throni
2558 5303 2610 5342 et
2642 5302 2862 5359 operum
2893 5295 3222 5351 consortem,
3242 5300 3390 5340 com-

2495 5463 2537 5496 ⁸³
2561 5459 2695 5518 Gen.
2724 5475 2894 5521 xxxtt,
2915 5455 3006 5512 28.
3085 5456 3130 5488 "
3152 5453 3218 5510 IV
3249 5455 3382 5524 Reg,

141 5529 321 5606 ξυμ.
393 5532 432 5563 ¹’
454 5529 632 5606 Jndie.
660 5533 891 5606 xnt.‘22.
971 5533 1014 5568 ⁸⁸
1035 5527 1138 5591 Ιθεξ
1164 5553 1237 5600 γι.
1261 5538 1313 5602 1,
1337 5537 1390 5600 2,
1418 5540 1470 5595 6.
1522 5527 1571 5572 δ’
1596 5540 1791 5595 Ezeeh.
1822 5555 1876 5606 x,
1902 5538 1926 5591 l
1961 5546 2017 5594 et
2041 5527 2195 5606 seqq.
2251 5535 2296 5567 "
2322 5534 2386 5588 lll
2418 5531 2552 5606 Reg.
2578 5531 2864 5606 κάρ-59.
2921 5531 2964 5562 ³⁸
2994 5528 3113 5606 Act.
3143 5527 3386 5606 lltl_,_2i.

144 5599 183 5630 "
207 5600 538 5677 ξωιᾳειν,
576 5602 627 5657 7.
702 5603 919 5677 “Psal.
951 5622 1183 5674 xxxvnt,
1225 5599 1307 5666 Β.
1370 5610 1418 5643 ³⁸
1440 5610 1614 5668 Exod.
1649 5599 1973 5677 nam?!»
2045 5610 2091 5642 “

147 5684 190 5737 ι,
213 5672 264 5727 8.
339 5673 384 5706 ’⁸
411 5673 558 5730 Psal.
587 5685 706 5742 ειη,
747 5676 801 5732 5.

209 5831 282 5914 (7)
320 5832 544 5914 §cili3et
586 5842 928 5914 ppsterornm
978 5834 1201 5914 Adami,
1237 5849 1358 5914 cum
1409 5835 1585 5896 Cainii
1634 5840 1703 5897 ab

147 5903 290 5961 unius
319 5903 407 5962 Dei
441 5907 562 5977 Opt.
590 5903 735 5963 Max.
772 5906 1029 5976 religione
1058 5908 1444 5968 descivissent.

2175 5606 2303 5662 Cor.
2341 5619 2462 5672 xttt,
2495 5598 2549 5658 9.
2625 5604 2671 5637 “
2702 5601 2848 5657 Psal.
2885 5615 3002 5668 vrtt,
3032 5599 3089 5654 4.
3165 5598 3208 5628 ⁸⁷
3237 5598 3383 5656 l’sal.

1998 5835 2073 5894 Ex
2105 5834 2378 5909 ,Nazianz.
2409 5840 2548 5890 orat.
2596 5830 2764 5888 altera
2800 5830 2865 5886 de
2901 5828 3067 5886 theol.
3102 5844 3225 5902 pag,
3268 5829 3377 5884 753,

1850 5929 1866 5968 l
1927 5926 1986 5968 tt.

1850 5926 1986 5968 lDlll.
