3788 6196
504 303 609 383 803
1733 302 2162 368 ANDRONICI
2198 306 2344 368 COM
2354 307 2541 373 NENI
3639 301 3719 364 804

510 435 805 499 perennem
827 427 884 477 et
918 417 1210 477 inﬁnitum.
1261 417 1441 477 Credo
1491 418 1751 491 Spiritum
1805 430 2080 486 sanctum,
2117 427 2162 486 Α
2189 437 2310 492 qum
2356 438 2516 494 supra
2556 423 2723 482 emlos
2751 430 2896 488 sunt,
2927 417 3180 491 quamvis
3212 426 3401 474 natura
3442 416 3591 475 nobis
3613 432 3718 489 pre-

513 531 618 572 non
665 513 908 585 genitum
967 514 1060 568 sed
1111 513 1493 583 procedentem
1543 529 1608 571 ex
1643 512 1823 583 Patre,
1854 515 2089 571 consub-
2199 527 2362 582 stent,
2382 515 2712 589 propiusque
2739 532 2770 573 a
2796 517 2904 573 Deo
2925 516 3137 580 absint;
3169 512 3384 583 longius
3403 523 3574 568 tamen
3591 512 3716 569 adhuc

512 607 840 672 Stantialem,
878 615 1228 670 coaeteruum,
1255 615 1308 660 et
1351 607 1674 662 immensum
1704 623 1717 672 ;
1749 622 1873 661 cum
1923 604 2088 669 Patre
2199 612 2360 665 etiam
2390 611 2505 681 ipsa
2538 610 2742 666 distant
2770 623 2799 664 a
2832 607 2966 674 Deo,
2995 605 3221 677 ejusque
3267 604 3502 675 perfecta
3527 617 3716 673 compre-

525 712 576 756 et
607 698 743 754 Filio
777 716 882 755 una
912 699 1241 755 adorandum
1275 709 1328 756 et
1354 700 1790 755 collaudandutn.
2201 702 2483 769 bensione,
2513 716 2678 772 quam
2715 715 2911 770 corpus
2959 699 3062 757 hoc
3104 709 3350 754 nostrum
3393 696 3718 766 compositum,

584 795 661 846 Ac
694 794 759 850 de
811 792 1059 864 principii
1116 802 1336 862 experte
1384 793 1513 858 Deo,
1555 800 1612 847 et
1653 791 1813 848 Patre
1845 791 1946 865 (9),
1984 807 2093 847 non
2202 796 2427 862 humile,
2457 807 2619 866 atque
2657 795 2804 852 humi
2833 793 3103 865 deiectum
3131 805 3164 847 a
3197 790 3512 850 cmlestibus
3537 787 3629 843 illis
3662 802 3724 844 ni-

517 888 688 944 solum
723 903 836 953 vos,
878 898 1039 957 atque
1073 903 1231 942 omne
1268 887 1546 942 hominum
1583 902 1754 958 genus
1783 889 1835 941 in
1873 898 2092 942 senteu-
2202 899 2438 960 peretur.
2493 890 2672 958 Quare
2731 887 2952 942 dubium
2998 900 3108 943 non
3151 889 3258 949 est,
3287 882 3423 953 quin
3461 895 3580 937 cum
3618 883 3725 942 socio

519 983 647 1036 tiam
672 981 789 1047 ibit,
815 983 906 1037 sed
941 983 1052 1050 ipsa
1087 982 1246 1034 etiam
1281 990 1568 1044 natura,ac
1599 991 1803 1035 naturae
1836 980 2095 1051 magistra
2199 982 2422 1052 opiﬁcii,
2456 982 2590 1038 Filio
2607 995 2799 1052 nempe
2842 993 2961 1046 suo,
2994 978 3135 1034 hunc
3155 977 3234 1052 (ut
3266 977 3339 1032 ita
3373 971 3566 1042 dicam)
3590 974 3728 1031 archi-

517 1072 620 1128 lex.
656 1073 773 1140 Quo
799 1073 939 1128 enim
970 1074 1132 1127 modo
1165 1083 1259 1126 aut
1288 1073 1584 1129 exstitisset
1614 1072 1727 1137 haec
1759 1089 1938 1128 rerum
1976 1073 2089 1128 uni-
2203 1075 2529 1131 teetouicum
2585 1075 2654 1130 de
2677 1075 2951 1130 creatione
2983 1083 3291 1130 sermonem
3328 1069 3608 1129 contulerit
3630 1068 3730 1124 Dein

516 1166 767 1230 versitas,
809 1163 902 1218 aut
959 1173 1253 1225 constaret,
1300 1163 1400 1217 nisi
1447 1163 1626 1217 omnia
1668 1161 1808 1220 Deus
1852 1171 1907 1218 et
1963 1179 2093 1234 pro-
2202 1166 2382 1224 Pater.

519 1260 793 1323 duxisset,
842 1267 896 1313 et
940 1258 1227 1312 tueretur?
1274 1255 1458 1326 Neque
1508 1258 1652 1314 enim
1698 1258 1791 1328 qui
1830 1258 2095 1312 citharam

517 1347 880 1417 ptiléherritiie
915 1347 1253 1411 instructam,
1287 1359 1341 1401 et
1375 1346 1720 1418 undiquaque
1754 1348 2095 1417 aptissimam

515 1438 691 1491 cernit
721 1447 812 1491 aut
845 1438 1204 1499 citharoedum
1232 1437 1406 1502 audit,
1437 1439 1580 1491 aliud
1612 1438 1938 1507 cogitatione
1963 1453 2090 1492 ver-

517 1530 680 1596 sabit,
717 1545 876 1600 quam
912 1529 1134 1584 cithara:
1167 1538 1464 1595 auctorem,
1508 1545 1572 1583 ac
1599 1529 1957 1584 citharoedum
1985 1545 2001 1596 ;
2029 1529 2097 1583 ad

515 1635 784 1692 eutnqne,
835 1620 933 1676 etsi
981 1622 1216 1674 nondum
1267 1620 1439 1676 oculis
1494 1628 1882 1691 conspectum,
1919 1629 2098 1674 mente

518 1713 774 1770 avolahit.

2274 1282 2396 1341 Jun.
2424 1284 2589 1339 Deum
2609 1283 2821 1352 quidem
2845 1296 3032 1338 verum
3089 1287 3468 1334 creaturarum
3500 1292 3624 1348 quas
3640 1292 3736 1331 con-

2203 1376 2339 1431 didit
2397 1391 2502 1446 ope
2537 1391 2601 1430 ac
2635 1377 2858 1430 consilio
2888 1390 2993 1429 non
3024 1371 3285 1441 indigere,
3312 1370 3506 1427 damus
3533 1379 3583 1424 et
3610 1369 3736 1423 conti-

2207 1477 2404 1532 temur,
2445 1481 2537 1521 seu
2609 1465 3034 1535 iutelligentem,
3071 1477 3167 1518 seu
3229 1461 3491 1516 sensiiem
3533 1469 3733 1515 naturam

2206 1561 2376 1616 dicas.
2407 1558 2518 1617 Deo
2559 1575 2678 1616 esse
2721 1558 2945 1627 Filium,
2976 1554 3461 1629 generationemve
3490 1552 3562 1607 illi
3587 1567 3738 1608 conve-

2206 1654 2349 1718 nire,
2407 1652 2582 1709 Moses
2627 1655 2696 1708 ad
2756 1668 2855 1708 nos
2909 1651 3051 1708 haud
3101 1647 3338 1719 prodidit
3375 1663 3394 1714 ;
3443 1646 3579 1702 sed:
3612 1665 3629 1698 ι
3661 1644 3744 1715 Ege

2207 1760 2325 1799 sum
2347 1744 2611 1799 Dominus
2644 1743 2786 1799 Deus
2815 1754 2939 1798 tuus
2966 1740 3063 1796 “.i
3105 1739 3174 1794 Et
3200 1756 3215 1793 :
3244 1754 3265 1790 ί
3302 1735 3500 1792 Videte
3527 1733 3650 1804 quod
3669 1747 3742 1802 ego

2197 1835 2296 1892 siin
2325 1836 2497 1902 solus,
2524 1845 2578 1891 et
2609 1851 2714 1890 non
2753 1836 2823 1891 sit
2851 1835 2984 1891 alius
3016 1832 3187 1899 Deus,
3218 1839 3419 1901 prater
3452 1843 3539 1887 me
3559 1829 3619 1886 ⁸⁸.
3639 1849 3655 1883 ι
3679 1827 3742 1894 Et,

2201 1947 2220 1980 ι
2254 1925 2373 1982 Noli
2405 1930 2627 1985 adorare
2658 1927 2827 1984 Deum
2855 1928 3089 1983 alienum
3109 1927 3177 1983 ⁸⁸.
3207 1946 3226 1980 ι

1144 1824 1371 1883 CAPUT
1411 1825 1476 1882 li.

787 1938 1094 1993 Animantia
1131 1949 1418 2011 agnoscunt
1445 1943 1604 1996 etiam
1635 1941 1818 1997 Deum.

2264 2041 2489 2098 Cuntsr.
2527 2040 2666 2096 ‘Dixi
2724 2041 2901 2108 vobis,
2963 2039 3326 2109 Jttdmi,:egre
3361 2038 3450 2096 vel
3479 2038 3643 2094 Mosen
3672 2052 3738 2092 vo-

2199 2133 2300 2198 bis,
2322 2133 2366 2188 si
2404 2133 2558 2187 vivus
2584 2140 2755 2199 esset,
2784 2132 3058 2188 silentium
3088 2130 3633 2202 impositurum.Nam
3648 2142 3738 2184 eum

2200 2224 2553 2282 exsecrabilis
2585 2226 2678 2293 sit,
2715 2226 2805 2293 qui
2836 2224 3024 2288 alium,
3057 2240 3218 2295 quam
3264 2223 3437 2280 Hosis
3465 2222 3620 2279 Deum
3644 2236 3745 2289 prte-

2203 2316 2384 2383 dicat;
2413 2325 2529 2370 tum
2582 2315 2798 2370 demum
2824 2313 2899 2379 id,
2931 2314 3073 2385 quod
3117 2312 3584 2379 sermocinantini,
3607 2311 3741 2365 locum

2204 2407 2470 2470 haberet,
2495 2405 2541 2461 si
2572 2405 2850 2461 dissimilis
2885 2415 3095 2460 natura:
3135 2403 3336 2460 Filium
3371 2404 3742 2477 promulgarent.

2202 2496 2356 2556 Nunc
2386 2515 2507 2554 cum
2540 2497 2781 2568 ejusdem
2811 2509 3015 2553 naturai
3043 2513 3166 2553 cum
3197 2497 3308 2553 Deo
3339 2509 3398 2554 et
3422 2497 3576 2554 Patre
3593 2495 3743 2551 Filium

591 2075 697 2131 Sed
720 2076 845 2145 quid
873 2086 1052 2133 autem
1081 2078 1364 2144 mortales,
1387 2089 1440 2132 et
1468 2077 1780 2135 universum
1818 2077 1920 2133 hoc
1937 2092 2098 2134 omne

520 2168 818 2224 recenseo?
856 2169 1069 2238 quando
1099 2169 1228 2238 ipsa:
1261 2169 1424 2224 etiam
1465 2179 1750 2226 terrestres
1777 2170 1903 2226 ferae
1942 2172 2100 2242 opili-

513 2276 637 2318 cem
683 2269 1005 2334 agnoscunt,
1043 2271 1097 2316 et
1137 2261 1256 2332 ejus
1293 2271 1554 2333 perpetuo
1587 2263 1829 2334 indigent
1867 2261 2100 2318 admini-

520 2353 665 2422 culo,
698 2354 772 2408 ita
806 2355 950 2410 enim
984 2362 1037 2409 el
1092 2353 1161 2411 de
1207 2355 1307 2410 hoc
1353 2355 1544 2410 scribit
1592 2354 1804 2410 David:
1861 2373 1880 2407 ι
1919 2355 2099 2410 Catuli

522 2451 736 2507 leonum
759 2448 1056 2518 rugientes,
1077 2457 1135 2501 ut
1159 2448 1373 2518 rapiant
1398 2458 1450 2504 et
1472 2458 1716 2519 quierant
1743 2465 1769 2504 a
1795 2449 1902 2504 Deo
1924 2463 2100 2504 escam

523 2543 624 2600 sibi
642 2543 712 2600 ”.
739 2561 758 2593 ι
795 2541 860 2600 Et
903 2542 1040 2599 idem
1083 2541 1207 2596 alibi
1240 2559 1254 2596 :
1295 2559 1314 2593 ‹
1352 2542 1451 2609 Qui
1502 2543 1591 2598 dat
1631 2542 1892 2616 jumcntis
1925 2557 2100 2600 escam

528 2636 804 2702 ipsorum;
840 2641 892 2686 et
920 2632 1082 2703 pullis
1128 2649 1414 2688 corvorum
1450 2633 1824 2689 invocantibus
1860 2635 2097 2690 eum".i

523 2725 667 2793 Quid
713 2724 872 2794 igitur
924 2723 990 2778 de
1038 2723 1147 2779 Deo
1191 2734 1244 2779 et
1293 2724 1453 2779 Patre
1507 2725 1622 2783 haec
1669 2723 1981 2780 sufﬁciunt?
2021 2727 2103 2780 An

524 2818 744 2889 ingenio
778 2819 908 2874 estis
935 2818 1098 2874 etiam
1126 2818 1316 2873 bardis
1341 2819 1529 2874 bestiis
1567 2819 1860 2878 bardiore?

1134 2951 1363 3009 CAPUT
1401 2950 1491 3006 lli.

1039 3065 1176 3121 Deus
1209 3064 1373 3120 Pater
1403 3067 1598 3137 genuit.

2205 2591 2404 2656 dicam,
2455 2605 2578 2662 qua:
2626 2589 2934 2646 dissensio?
2986 2589 3163 2658 Ipsum
3213 2591 3365 2645 enim
3417 2588 3580 2646 Hosis
3616 2588 3744 2642 Deum

2206 2685 2555 2751 conﬁtemur,
2584 2681 2802 2740 Patrem
2829 2683 2996 2752 geniti
3021 2681 3179 2750 Filii;
3211 2692 3266 2739 et
3301 2698 3527 2756 rursum
3552 2682 3744 2753 ejusdem

2209 2789 2412 2839 natura:
2433 2776 2782 2835 Filium"cum
2813 2773 2976 2832 Patre
3003 2777 3264 2847 genitore.
3299 2774 3470 2842 Nam,
3501 2777 3593 2832 etsi
3613 2775 3746 2832 Mores

2208 2867 2340 2922 dicit
2375 2882 2390 2920 :
2424 2882 2446 2917 ς
2474 2865 2730 2921 Dominus
2760 2863 2902 2921 Deus
2932 2874 3138 2932 noster,
3171 2865 3312 2923 Deus
3364 2882 3506 2923 unus
3547 2877 3623 2923 est
3647 2868 3699 2933 ⁸⁷,
3730 2884 3743 2917 i

2210 2973 2316 3014 non
2347 2958 2690 3029 hypostases,
2723 2957 2817 3012 sed
2851 2967 3099 3012 naturam
3133 2958 3198 3013 iis
3222 2960 3416 3015 verbis
3449 2957 3746 3030 signiﬁcavit;

2213 3067 2374 3106 unam
2409 3052 2610 3107 etenim
2651 3051 2835 3108 Patris
2860 3060 2914 3106 et
2952 3050 3070 3106 Filii
3107 3063 3363 3108 naturam
3409 3054 3746 3109 consentimus.

2281 3144 2405 3202 Jun.
2440 3144 2584 3200 Belle
2617 3143 2792 3200 Patris
2831 3145 2898 3200 de
2947 3143 3150 3199 fabrica
3198 3143 3532 3201 consultatio
3555 3157 3751 3213 compro-

2218 3241 2309 3295 bat
2354 3240 2510 3293 nobis
2553 3235 2672 3292 Filii
2719 3252 2842 3292 cum
2885 3250 2952 3292 eo
2993 3246 3200 3292 naturas
3226 3239 3649 3294 consensionem.
3673 3236 3749 3291 Sed

2216 3329 2428 3400 expedi,
2463 3343 2708 3390 oramus,
2746 3325 3101 3396 quamobrem
3130 3341 3162 3385 a
3194 3326 3346 3384 Diosc
3375 3327 3681 3385 luculentius
3705 3327 3754 3380 de

2219 3438 2282 3480 eo
2315 3438 2416 3478 non
2443 3424 2774 3490 accepimus.

595 3182 718 3238 Jun.
770 3179 911 3236 Nihil
945 3180 1032 3235 hic
1059 3180 1402 3252 ambigimus,
1453 3179 1546 3235 sed
1576 3180 1892 3251 genueritne
1939 3177 2102 3249 Deus,
2134 3173 2176 3232 C

529 3277 858 3333 dubitamus.

605 3370 832 3426 Cuais'r.
886 3367 1132 3432 Utinam,
1190 3365 1382 3434 Judaei,
1434 3367 1597 3438 hujus
1649 3367 1814 3424 vestri
1863 3372 2102 3442 scrupuli

528 3476 714 3524 causa,
747 3458 906 3514 hodie
950 3458 1005 3512 in
1041 3459 1180 3513 rivis
1215 3467 1355 3513 esset
1387 3458 1615 3529 Moyses.
1655 3458 1752 3514 Vix
1792 3459 1960 3526 enim,
1983 3461 2101 3533 opi-

526 3569 652 3618 nor,
686 3552 770 3608 vel
803 3552 892 3608 ille
924 3551 1078 3607 vobis
1106 3552 1377 3607 silentium
1411 3553 1734 3622 imponeret.

599 3647 722 3702 Jun.
759 3646 861 3702 Ubi
894 3662 1023 3701 vero
1053 3647 1171 3717 ejus
1203 3657 1412 3703 constat
1441 3647 1624 3705 Mosen
1653 3651 2003 3707 meminisse?

604 3740 818 3797 Camer.
851 3738 1242 3794 Circumcidite
1273 3740 1453 3806 modo,
1487 3741 1726 3811 inquam,
1763 3759 1879 3810 cor,
1906 3743 1958 3799 id
2000 3751 2104 3812 est,

534 3833 882 3888 immodicum
917 3831 1017 3887 hoc
1049 3832 1397 3901 supercilium
1439 3849 1502 3890 ex
1551 3835 1747 3891 animis
1781 3837 1978 3894 vestris
2008 3838 2106 3892 de-

534 3924 752 3994 ponite;
789 3939 887 3979 nec
916 3922 1097 3978 Mosen
1123 3922 1296 3979 solum
1334 3925 1641 3992 invenietis,
1667 3928 1762 3987 sed
1796 3928 1927 3985 alios
1944 3931 2104 3986 etiam

538 4016 735 4073 multos
763 4016 1076 4088 prophetas,
1096 4033 1200 4072 non
1229 4024 1434 4072 tantum
1462 4020 1793 4088 meminisse,
1817 4023 1911 4078 sed
1933 4023 2105 4094 palam

536 4111 672 4165 adeo
717 4109 972 4164 claritate.
1028 4107 1185 4175 Nam,
1238 4109 1289 4162 in
1339 4107 1433 4164 Dei
1477 4109 1716 4180 Opiﬁcio,
1757 4114 1833 4168 ait
1890 4113 2106 4170 Moses:

543 4221 564 4255 ι
601 4201 888 4258 Faciamus
943 4201 1212 4256 hominem
1247 4203 1311 4256 ad
1355 4201 1638 4272 imaginem
1687 4213 1740 4260 et
1803 4207 2112 4262 similitudi-

541 4314 660 4354 nem
705 4297 1072 4353 nostram“.i
1128 4295 1192 4352 Et
1235 4308 1355 4368 post
1405 4313 1572 4368 pauca
1625 4315 1639 4355 :
1696 4317 1715 4352 ι
1754 4300 1894 4357 Ecce
1942 4302 2110 4359 Adam

533 4390 693 4461 quasi
725 4407 861 4445 unus
899 4393 963 4444 ex
991 4391 1145 4446 nobis
1173 4390 1348 4446 factus
1376 4404 1458 4448 est
1476 4394 1573 4448 ⁸⁸.»
1607 4394 1672 4448 Et
1719 4394 1770 4449 in
1812 4394 2110 4466 linguarum

533 4485 789 4546 dissidio.
825 4485 901 4540 ait
931 4484 1073 4539 Deus
1106 4500 1121 4539 :
1156 4504 1174 4537 ‹
1209 4483 1423 4552 Venite,
1457 4489 1863 4552 descendamus,
1891 4496 1944 4544 et
1983 4503 2111 4543 con-

539 4578 830 4632 l'nndamus
856 4578 927 4632 ibi
956 4576 1193 4648 linguam
1225 4592 1411 4633 eorum
1433 4579 1531 4633 ³³.›
1563 4578 1918 4648 Quaerendum
1951 4580 2115 4650 igitur

537 4680 647 4735 cst,
684 4685 912 4740 quocum
955 4687 980 4722 a
1012 4686 1070 4726 se
1098 4681 1279 4726 creato
1316 4673 1599 4727 consilium
1635 4671 1970 4728 conferebat.

613 4759 733 4816 Jou.
762 4760 897 4816 Cum
930 4764 1134 4833 angelis
1187 4765 1492 4834 epinamur.

607 4854 832 4908 CUItlS'i‘.
866 4855 1066 4910 Amens
1091 4870 1152 4909 ea
1186 4865 1239 4909 et
1271 4856 1426 4926 plane
1463 4857 1693 4912 absurda
1723 4866 1804 4912 est
1861 4858 2120 4926 epiuatio.

547 4947 677 5011 Quis
707 4947 850 4998 enim
902 4944 1093 5014 ﬁgulus
1121 4962 1240 5001 cum
1293 4946 1441 5002 ﬁctili
1488 4964 1614 5003 vase
1644 4964 1944 5003 sermonem
1989 4966 2116 5004 con-

549 5039 694 5092 l'ert?
725 5040 856 5103 Quis
905 5039 1069 5105 faber,
1106 5057 1173 5095 ne
1214 5043 1430 5113 longum
1467 5041 1682 5103 iaciam,
1728 5057 1847 5095 cum
1885 5042 2027 5096 ferro
2056 5044 2122 5098 de

549 5149 616 5189 eo
663 5136 1010 5204 procudendo
1058 5144 1113 5191 et
1151 5136 1460 5207 apparando
1493 5135 1850 5204 colloquitur?
1901 5145 1952 5191 et
1997 5146 2124 5192 sunt

554 5239 732 5284 tamen
779 5232 952 5299 magis
984 5227 1295 5297 conjuncta,
1331 5239 1386 5285 et
1434 5240 1641 5284 naturae
1694 5238 1891 5284 nostra:
1918 5229 2118 5294 omnia,

552 5335 674 5390 quae
699 5336 794 5377 nos
829 5320 1180 5386 fabricantur,
1214 5327 1398 5391 utpote
1427 5335 1494 5374 ex
1522 5321 1706 5374 eodem
1737 5320 1872 5384 luto,
1900 5318 2120 5375 iisdem-

555 5430 663 5484 que
682 5415 965 5471 elementis
997 5417 1315 5471 constituta.
1346 5414 1601 5472 Caelestis
1627 5423 1804 5474 autem
1835 5425 2047 5481 cuncta,
2069 5422 2124 5471 et

2296 3535 2529 3590 Cumsr.
2585 3531 2755 3589 Nemo
2807 3532 3159 3590 scientiarum
3213 3534 3498 3606 perfectus
3548 3533 3753 3604 magister

2225 3643 2422 3699 pueros
2452 3627 2648 3682 docere
2685 3642 2973 3698 aggressus
2995 3666 3011 3694 ,
3040 3642 3251 3683 summa
3294 3642 3528 3698 quaeque
3565 3627 3752 3693 discipli-

2225 3739 2418 3778 narum
2457 3723 2643 3793 primis
2690 3723 3014 3780 rudimentis
3071 3734 3233 3794 atque
3278 3726 3480 3783 studiis
3524 3722 3752 3796 proponit:

2224 3815 2318 3870 sed
2353 3815 2498 3869 {acto
2534 3815 2600 3870 ab
2631 3813 3026 3872 elementorum
3057 3817 3299 3872 doctrina
3331 3818 3518 3879 initio.
3546 3814 3767 3889 paulatim:

2225 3923 2318 3963 eos
2367 3908 2434 3962 ad
2483 3907 2864 3978 perfectionem
2915 3910 3185 3966 subducit.
3216 3909 3400 3981 Atque
3435 3912 3488 3966 id
3517 3925 3615 3966 non
3652 3920 3753 3977 pra:-

2230 4000 2474 4069 ceptoris
2506 3999 2662 4064 vitio,
2705 4001 2801 4056 sed
2838 4001 3220 4073 discipulorum
3276 4003 3554 4074 imperitia
3593 4003 3662 4070 iit,
3690 4001 3753 4071 qui

2227 4108 2351 4146 cum
2384 4093 2518 4149 adeo
2546 4093 2657 4150 sint
2697 4094 2879 4160 rudes,
2923 4097 2990 4152 ad
3035 4097 3238 4168 majora
3281 4098 3546 4170 capienda
3576 4096 3752 4170 gradum

2227 4182 2407 4242 iacere
2442 4201 2546 4242 non
2584 4199 2831 4257 possunt.

2836 4327 3065 4386 CAPUT
3107 4330 3192 4386 ιν.

2589 4458 2794 4531 Moyses
2830 4464 3067 4531 agnoscit
3114 4461 3452 4521 Trinitatem.

2151 4542 2203 4603 Β
2301 4593 2380 4648 Ad
2424 4596 2671 4650 eumdem
2721 4598 2939 4652 modum
2982 4615 3078 4668 par
3120 4614 3224 4666 εει,
3261 4609 3316 4656 et
3347 4601 3752 4670 sapientissimum

2231 4682 2413 4737 Mosen
2443 4685 2697 4743 habuisse
2731 4698 3072 4758 perspectam
3118 4689 3220 4745 SS.
3271 4689 3592 4746 Trinitatem
3631 4699 3754 4756 atque

2239 4773 2542 4845 Unitatetn;
2573 4780 2666 4833 sed
2698 4780 2868 4849 vobis,
2900 4797 3034 4852 quos
3063 4791 3173 4839 tum
3197 4783 3266 4838 ob
3297 4786 3519 4840 deorum
3551 4785 3754 4852 frequen-

2237 4869 2389 4936 tiam,
2434 4879 2545 4925 tum
2592 4882 2812 4942 propter
2866 4876 3184 4947 idolothyta,
3223 4887 3276 4931 et
3324 4893 3539 4946 carnes,
3575 4876 3757 4933 habebat

2240 4977 2462 5030 prorsus
2490 4963 2739 5031 rebelles,
2771 4967 3062 5036 perfectam
3099 4969 3412 5040 religionem
3446 4987 3544 5026 non
3572 4971 3752 5039 aperuit:

2235 5065 2410 5120 neque
2443 5066 2574 5105 vero
2605 5068 2830 5122 prorsus
2862 5057 3101 5121 reticuit,
3133 5059 3226 5114 sed
3260 5069 3372 5114 tttm
3403 5059 3755 5130 quomodocum-

2237 5154 2344 5208 que
2371 5140 2437 5195 ad
2484 5141 2578 5196 Dei
2626 5143 2878 5198 notitiam
2931 5147 3141 5218 erigere
3185 5159 3268 5205 est
3304 5161 3547 5206 conatus.
3573 5147 3755 5216 Majorcs

2234 5230 2434 5302 quippe
2481 5244 2690 5290 vestros
2742 5237 2794 5290 in
2840 5239 3038 5306 pietate
3081 5239 3314 5298 infantes
3360 5245 3545 5299 videns
3587 5242 3754 5296 divinus

2239 5321 2436 5389 Moses,
2465 5324 2612 5381 velut
2649 5329 2833 5384 nutrix
2881 5332 3105 5402 Optima,
3136 5332 3204 5388 iis
3229 5341 3484 5405 tanquam
3510 5335 3583 5389 lac
3609 5331 3752 5403 quod-

2242 5416 2368 5469 dam
2429 5414 2522 5472 Dei
2568 5421 2773 5476 notitize
2811 5424 3146 5495 protiinavit;
3196 5427 3422 5484 solidam
3474 5442 3661 5486 omnem
3690 5424 3754 5477 do-

627 5598 672 5629 ”
702 5595 840 5650 Psal.
878 5611 994 5658 cm,
1018 5595 1109 5652 ei.

556 5668 758 5723 "Dent.
791 5683 939 5721 xxx”
992 5669 1080 5722 57.

1821 5595 1870 5636 ³¹.
1901 5593 2035 5653 (icn.
2067 5611 2104 5659 t,
2138 5595 2230 5649 26.

1830 5666 1872 5697 ³¹
1901 5662 2054 5722 Deut.
2085 5682 2158 5733 vi,
2181 5665 2233 5721 4.

1188 5597 1232 5627 ³⁰
1289 5595 1428 5650 Psal.
1464 5611 1642 5659 CXLVI,
1688 5595 1743 5651 7.

1271 5597 1428 5679 ‘Psall.
1464 5611 1642 5659 cstvt,
2067 5611 2100 5659 t,

2224 5630 2230 5648 ι
2309 5597 2352 5631 ³⁸
2383 5598 2515 5659 Gen.
2553 5615 2639 5671 in,
2667 5600 2758 5659 22.
2834 5603 2880 5636 ³⁸
2905 5603 3041 5661 Gen.
3072 5621 3147 5673 xi,
3173 5605 3227 5662 7.
3300 5605 3348 5640 ⁸⁸
3375 5607 3538 5665 Exod.
3556 5619 3634 5672 xx,
3655 5603 3698 5658 2.

1158 5667 1204 5700 “
1243 5667 1414 5721 Exod.
1448 5681 1632 5730 xxxiv,
1671 5665 1751 5721 l4.

631 5829 708 5901 (9)
737 5829 813 5884 Ex
846 5827 1102 5883 Nazianz.
1135 5837 1273 5885 orat.
1315 5829 1504 5895 altera,
1542 5828 1608 5884 de
1638 5825 1872 5896 theolog.
