3932 6190
179 382 265 450 805
1234 379 1619 444 DlALOGUS
1658 383 1959 445 CONTRA
2007 385 2336 451 IUD/EOS.

180 492 382 547 ttrinam
407 497 527 561 post
573 503 636 546 se
677 489 899 547 vatibus
951 481 1188 563 reliquit.
1217 493 1395 562 Atque
1422 493 1477 547 id
1521 508 1626 550 non
1671 492 1725 547 in
1752 492 1805 554 Λ

179 583 548 640 consultatione
574 591 807 652 tantum,
831 585 926 640 sed
956 587 1118 640 etiam
1144 587 1196 642 in
1227 586 1732 659 imagine,aliisque

180 677 306 734 fecit.
353 675 480 731 Nam
532 674 700 731 Deum
759 678 826 731 ad
887 676 1174 749 imaginem
1231 694 1386 735 suam
1456 680 1731 748 hominem

182 769 379 825 tinxisse
410 768 667 824 indicavit
687 768 752 836 ³⁶¹;
785 778 842 823 at
873 784 996 840 qua:
1028 783 1092 825 ea
1119 768 1258 827 foret
1289 773 1491 843 imago,
1519 772 1734 830 audito-

181 865 306 919 ribus
347 863 690 933 quaerendum
738 863 980 934 reliquit.
1014 863 1170 932 Quod
1221 867 1368 924 enim
1403 867 1518 939 (10)
1555 867 1737 926 studio

181 957 466 1025 paraveris,
518 955 570 1012 id
629 957 803 1011 tenaci
848 972 912 1013 ac
963 970 1223 1028 perpetuo
1283 961 1617 1015 monimento
1682 961 1735 1017 in

177 1047 333 1101 animo
364 1046 716 1116 circumfers;
752 1049 895 1118 quod
926 1049 1140 1118 leviter,
1169 1051 1218 1106 id
1249 1050 1428 1118 facile,
1457 1062 1514 1106 ut
1541 1054 1737 1123 quassi-

180 1148 272 1193 tum
296 1151 431 1203 erat,
469 1140 661 1196 ellluit.
693 1141 878 1212 Itaque
927 1141 1103 1199 Moses
1136 1147 1488 1214 quaestionem
1515 1146 1581 1200 ad
1614 1161 1736 1210 vos,

177 1230 561 1286 dissolutionem
614 1233 680 1288 ad
727 1243 879 1290 vates
925 1235 1206 1305 rejecit”.
1235 1236 1368 1292 Nam
1421 1238 1467 1295 si
1523 1238 1737 1309 cognito

175 1315 473 1388 etiam'Deo,
503 1323 571 1377 ab
613 1339 791 1394 eoque
824 1325 1054 1382 infinitis
1082 1328 1326 1396 acceptis
1359 1330 1654 1396 beneficiis,
1683 1340 1738 1387 et

177 1415 302 1472 Mose
328 1419 392 1471 ad
421 1416 591 1472 Deum
624 1419 1014 1491 aliquantisper
1041 1436 1070 1475 a
1095 1422 1250 1478 vobis
1268 1424 1534 1494 digresso,
1561 1434 1618 1479 ut
1644 1425 1733 1480 Dei

177 1507 487 1561 voluntatem
523 1508 575 1562 in
610 1509 873 1564 divinitus
902 1513 1142 1568 exaratis
1178 1514 1399 1585 scriptis
1431 1514 1735 1584 exhiberet,

173 1599 305 1655 alteri
382 1599 485 1656 deo
533 1603 762 1671 gratiam
816 1605 1102 1673 retulistis,
1156 1615 1212 1663 et
1265 1609 1587 1665 immortalis
1649 1612 1736 1666 Dei

177 1692 435 1762 «gloriam
486 1694 737 1750 mutaStis
793 1696 846 1750 in
901 1698 1313 1755 similitudinem
1365 1702 1514 1758 vituli
1559 1718 1740 1759 come-

173 1787 328 1841 dentis
392 1784 573 1841 fenum
594 1787 663 1853 ‘°;
697 1808 714 1840 ι
753 1790 805 1844 in
856 1803 1112 1860 quantum
1147 1792 1373 1849 deorum
1409 1795 1737 1865 multiplica-

175 1893 328 1937 torum
376 1883 739 1953 praecipitium
793 1886 1030 1953 majores
1065 1888 1230 1942 vestri
1279 1903 1386 1943 non
1423 1888 1732 1953 irruissent,

172 1975 258 2028 sia
288 1975 434 2031 Mose
468 1975 636 2032 Deum
669 1977 828 2034 trium
863 1976 1224 2047 hypostaseon
1281 1981 1632 2038 didicissent?

228 2063 339 2122 luo.
377 2065 497 2122 Non
523 2070 634 2136 jam
669 2067 736 2124 ad
763 2067 1035 2138 majorum
1060 2081 1371 2126 nostrorum
1397 2071 1628 2128 oﬂensas
1649 2073 1736 2127 in-

173 2158 474 2228 telligendas
511 2161 790 2216 adsumus.
835 2159 940 2217 Sed
971 2163 1164 2233 ecquid
1189 2203 1205 2229 ,
1234 2170 1292 2217 ut
1321 2163 1563 2230 dicebas,
1599 2163 1738 2219 Deus

173 2253 216 2306 in
245 2252 411 2308 tribus
433 2253 687 2326 personis
708 2254 1226 2327 comprehenditur?
1252 2255 1438 2326 Itaque
1471 2257 1559 2311 hic
1582 2257 1737 2312 nobis

173 2345 437 2400 veritatem
498 2355 890 2412 commonstra,
924 2355 980 2403 et
1030 2346 1208 2417 qualis
1262 2349 1522 2419 propheta
1565 2347 1743 2409 Deum,

170 2439 389 2510 genitum
424 2440 718 2511 significet.

227 2534 449 2596 Cuntsr.
474 2532 892 2590 Constabilitom
915 2534 1073 2591 vobis
1095 2544 1199 2602 est,
1227 2534 1420 2608 Judaei,
1464 2537 1740 2595 neminem

172 2639 388 2696 unquam
451 2637 763 2683 sanctorum
824 2635 1050 2696 vatum,
1107 2625 1200 2684 Dei
1266 2629 1582 2702 hypostasin
1645 2639 1739 2686 aut

171 2721 445 2779 isseutiam
472 2721 858 2792 imaginatione
883 2722 1377 2792 comprehendisse.
1402 2724 1567 2796 igitur
1587 2734 1742 2781 certo

172 2810 241 2869 sic
281 2812 503 2877 habete,
536 2827 640 2868 non
682 2812 856 2871 solum
905 2814 1012 2869 vim
1068 2828 1134 2870 ac
1181 2824 1448 2881 naturam,
1489 2815 1583 2872 sed
1639 2831 1739 2874 nec

175 2918 352 2964 nomen
372 2903 621 2976 proferre
639 2905 848 2978 (tantos
876 2908 1052 2979 vates)
1085 2923 1270 2980 posse,
1295 2909 1387 2964 Dei
1418 2910 1735 2975 essentiam,

173 3011 267 3051 non
310 2998 581 3059 actionem
614 3009 820 3056 tantum
849 3000 1164 3070 signiﬁcans
1200 3017 1217 3058 :
1249 3001 1332 3058 uti
1353 3003 1525 3057 etiam
1581 3002 1741 3069 illud,

175 3109 192 3142 ι
219 3089 400 3147 Manus
443 3100 548 3148 tuae
578 3091 825 3150 fecerunt
854 3109 940 3150 me
994 3104 1048 3151 et
1070 3094 1471 3167 plasmaverunt
1499 3111 1584 3150 me
1609 3095 1678 3161 “;
1713 3112 1732 3147 ι

175 3182 326 3240 David
355 3187 662 3257 usurpavit,
721 3204 828 3244 non
885 3189 1040 3259 quasi
1095 3205 1290 3245 manus
1325 3189 1549 3244 haberet
1596 3187 1740 3246 Deus

175 3282 267 3346 (est
294 3281 440 3337 enim
495 3280 705 3338 Numen
750 3283 1132 3356 incorporeum
1168 3293 1223 3339 et
1255 3284 1374 3340 sine
1395 3281 1611 3353 figura),
1647 3284 1742 3338 sed

176 3374 256 3432 Del
290 3375 568 3447 Opiﬁcium
627 3386 843 3432 notans.
882 3376 948 3433 Et
992 3393 1186 3432 rursus
1218 3395 1232 3433 :
1275 3396 1294 3430 ι
1323 3377 1478 3434 Oculi
1527 3375 1742 3434 Domini

174 3483 321 3537 super
340 3470 544 3540 justos,
580 3479 635 3525 et
662 3485 822 3526 aures
844 3471 961 3542 ejus
984 3473 1040 3526 in
1070 3486 1261 3543 preces
1296 3488 1485 3528 eorum
1515 3489 1532 3542 ;
1565 3472 1747 3536 vultus

174 3571 340 3617 autem
366 3560 584 3617 Domini
619 3576 779 3632 super
809 3563 1077 3620 facientes
1115 3564 1257 3620 mala
1278 3564 1346 3634 ";
1379 3583 1398 3617 ι
1441 3563 1549 3620 illis
1580 3565 1746 3620 bene-

177 3653 461 3727 ﬁcentiam,
489 3653 576 3715 his
601 3654 869 3716 vindicem
902 3655 997 3714 Dei
1028 3665 1351 3730 potestatem
1386 3658 1637 3718 innuens.
1669 3656 1746 3713 ita

175 3765 295 3806 sane
323 3762 378 3806 et
409 3751 466 3806 in
501 3749 813 3806 nomiriibus
860 3749 1003 3821 (Dei)
1054 3765 1159 3806 non
1207 3750 1442 3813 divinam
1475 3759 1746 3817 naturam,

176 3847 259 3899 sed
279 3844 636 3911 functionem,
657 3845 1034 3915 occultamque
1052 3844 1310 3914 operandi
1344 3842 1640 3900 eﬂlcaciam
1679 3859 1748 3899 ex

179 3927 294 4004 ipsis
347 3935 662 3992 nominibus
707 3935 1017 4006 exprimere
1063 3937 1240 3990 sancti
1282 3943 1571 3990 conantur.
1602 3931 1749 3998 .Nam

178 4027 258 4081 illa
291 4027 547 4083 Dominus
575 4027 806 4094 Adonai,
836 4038 890 4082 et
912 4027 1170 4091 Sabaoth,
1201 4027 1526 4096 omnipotens
1554 4033 1610 4083 et
1631 4024 1750 4082 Sal-

180 4134 336 4188 rator,
369 4123 669 4189 actionem,
697 4136 804 4176 non
831 4120 1224 4192 naturamsigni
1246 4120 1440 4179 ficant.

791 4214 1022 4272 CAPUT
1059 4213 1127 4271 V.

731 4308 825 4364 Dei
861 4309 1204 4380 signiﬁcatio.

240 4401 354 4457 iam
393 4417 524 4458 vero
553 4401 682 4472 quid
730 4412 1043 4457 sanctorum
1075 4414 1240 4457 voces
1280 4409 1596 4470 consector,
1629 4415 1751 4458 cum

179 4501 284 4571 ipse
312 4500 477 4553 etiam
516 4497 657 4552 Deus
705 4496 893 4551 eadem
928 4494 1113 4550 dicens
1150 4493 1501 4549 inveniatur?
1533 4493 1752 4552 Parenti

1769 3231 1816 3291 α

3308 374 3416 442 806

1905 493 2140 550 Rursum
2175 494 2372 562 Moses,
2402 494 2494 566 qui
2524 496 2589 553 ad
2620 493 2899 566 negetium
2928 491 3202 562 quoddam
3233 493 3415 562 populi

1835 595 1956 643 erat
1986 587 2217 656 legatus,
2254 604 2375 644 cum
2408 601 2719 660 quaereret.
2756 591 2800 647 si
2842 604 2907 645 ex
2934 603 2994 645 se
3023 595 3266 658 peterent
3297 585 3426 655 quis

1835 694 1897 736 se
1946 679 2208 747 misisset,
2266 681 2394 751 quid
2441 686 2830 755 responderet,
2866 684 2968 738 hoc
3000 697 3030 737 a
3067 681 3176 742 Deo
3220 679 3418 742 audit;

1842 790 1862 824 ι
1891 771 1995 838 Qui
2026 784 2108 828 est
2129 773 2207 828 “l
2247 792 2267 831 ρ
2305 773 2434 841 Qum
2467 791 2567 834 vox
2627 790 2735 831 non
2769 785 3018 830 naturam
3046 782 3419 844 repraesentat,

1835 865 1930 920 sed
1980 873 2187 921 statum
2217 864 2282 922 ac
2329 869 2790 939 permansionem.
2826 869 3013 937 Quare
3039 870 3205 926 etiam
3242 878 3419 934 vates,

1839 972 1944 1012 non
1999 973 2162 1028 puras
2207 968 2360 1028 putas
2415 959 2517 1016 SS.
2566 960 2851 1019 Trinitatis
2901 962 3286 1032 apparitiones,
3320 962 3422 1018 sed-

1839 1064 1938 1118 pro
1969 1065 2067 1105 suo
2099 1049 2336 1120 quisque
2385 1061 2546 1122 captu
2577 1051 3048 1122 conscripserunt.
3078 1050 3312 1108 Necesse
3339 1060 3426 1106 est

1838 1140 2004 1211 igitur
2037 1140 2150 1213 (ll)
2189 1142 2284 1196 Dei
2317 1144 2520 1198 notitia:
2545 1145 2820 1205 studiosos
2858 1144 2910 1198 iu
2954 1158 3162 1204 sacram
3206 1159 3426 1204 ormnem

1841 1231 2201 1302 Scripturam,
2235 1233 2380 1290 velut
2434 1237 2710 1306 speculum
2751 1236 3047 1308 inspicere,
3087 1247 3142 1294 et
3168 1237 3328 1296 aliam
3359 1253 3426 1293 ex

1841 1325 1946 1380 alio
1990 1327 2264 1382 notionem
2301 1330 2367 1382 ad
2393 1345 2554 1382 unum
2610 1328 2828 1398 aliquod
2883 1331 3127 1386 veri-tatis
3169 1339 3429 1400 tanquam

1843 1417 2192 1472 simulacrum
2252 1433 2564 1490 corrogare.
2600 1419 2655 1475 ld
2703 1421 2847 1475 enim
2904 1437 3001 1475 nos
3057 1420 3200 1477 Deus
3252 1432 3304 1478 et
3333 1439 3430 1492 per

1842 1509 2023 1564 Mosen
2057 1510 2260 1577 docuit,
2292 1513 2339 1565 ei
2374 1513 2549 1582 primo
2580 1527 2809 1568 ascensu
2843 1514 3052 1569 tabulas
3086 1530 3114 1567 a
3152 1530 3209 1569 se
3242 1529 3433 1570 exara-

1843 1611 1928 1659 tas
1964 1604 2182 1659 tradens
2211 1604 2276 1668 “,
2314 1605 2483 1660 altero
2515 1622 2622 1660 non
2668 1607 2816 1660 item.
2857 1606 2962 1661 Sed
2995 1607 3125 1678 quid
3154 1609 3203 1663 ei
3245 1607 3432 1678 jubet?

1850 1714 1870 1749 ι
1900 1696 2136 1752 Praecide
2162 1697 2258 1752 tibi
2290 1699 2422 1753 duas
2457 1699 2664 1754 tabulas
2686 1699 2931 1770 lapideas
2963 1700 3137 1756 instar
3158 1702 3426 1770 priorum,

1845 1801 1898 1844 et
1931 1790 2172 1848 scribam
2206 1806 2371 1860 super
2397 1805 2492 1847 eas
2522 1795 2706 1858 verba,
2748 1808 2867 1863 quae
2905 1792 3207 1849 habuerunt
3239 1794 3432 1855 tabula:

1845 1898 1980 1951 quas
2036 1881 2245 1953 fregisti
2273 1882 2340 1938 “.
2377 1903 2395 1935 ι
2443 1884 2634 1940 itidem
2681 1896 2736 1940 et
2788 1884 3062 1944 lsraelitas
3094 1904 3158 1944 ex
3195 1887 3434 1960 IEgypto

1845 1976 2102 2041 edocens,
2137 1974 2276 2031 Deus
2302 1975 2534 2047 ipsemet
2563 1992 2656 2032 eos
2684 1978 3056 2049 multipliciter
3079 1983 3280 2040 crassis
3304 1996 3433 2050 pro.

1846 2069 2006 2139 digiis
2063 2069 2339 2125 ductabat.
2369 2069 2506 2135 Quid
2557 2071 2705 2127 enim
2753 2071 3016 2137 crassius,
3068 2087 3230 2143 quam
3267 2082 3430 2131 noctu

1846 2160 1978 2231 igni,
2024 2159 2258 2216 interdiu
2297 2161 2440 2215 nube
2467 2161 2610 2216 viam
2663 2162 2904 2230 praeire?
2936 2162 3091 2235 Quid.
3121 2164 3250 2224 item
3283 2180 3435 2227 crase

1843 2253 1982 2318 sius,
2019 2267 2180 2323 quam
2238 2269 2386 2308 mare
2437 2253 2716 2320 dirimere,
2741 2263 2794 2309 et
2825 2271 3014 2327 rupem
3047 2255 3194 2316 velut
3222 2257 3431 2318 fontem

1846 2350 2076 2405 ubertim
2126 2364 2265 2420 aqua
2327 2352 2721 2407 scaturientem
2779 2353 3260 2420 monstrare‘lSed
3307 2371 3432 2414 cum

1845 2444 2022 2499 adhuc
2050 2443 2367 2499 ementireut
2398 2442 2630 2511 majores
2668 2444 2860 2510 vestri,
2890 2454 2945 2502 et
2972 2445 3198 2504 auribus
3233 2446 3431 2505 obsuro

1845 2537 2154 2602 descerent,
2183 2548 2290 2590 tum
2320 2551 2453 2598 vero
2486 2536 2783 2594 involucris
2812 2552 2906 2608 per
2933 2547 3089 2599 vates
3115 2540 3307 2611 placita
3332 2557 3431 2596 sua

1846 2629 2173 2687 denuntiare
2209 2630 2387 2697 Deus;
2419 2637 2477 2685 ut
2508 2629 2870 2702 intelligentes
2902 2646 3012 2701 qua.
3043 2647 3138 2689 vos
3166 2634 3430 2705 dignitate

1845 2719 2183 2790 dejeceritis,
2240 2721 2576 2778 laboriosiori
2654 2724 2897 2793 quadam.
2938 2725 3059 2789 via,
3108 2742 3434 2799 recuperare

1847 2815 2129 2886 antiquam
2161 2814 2502 2871 nobilitatem
2543 2817 2857 2876 studeretis.
2898 2817 3075 2888 Atque
3109 2821 3255 2873 idem
3286 2831 3343 2875 et
3376 2821 3433 2876 in

1846 2906 2174 2979 primigenio
2244 2916 2471 2979 parente
2527 2909 3073 2965 animadvertendum
3132 2911 3297 2965 venit.
3339 2911 3436 2967 Hio

1849 3015 2085 3072 namque
2123 3000 2446 3073 priusquam
2478 3001 2690 3073 iussum
2736 3002 3015 3069 violasset,
3050 3017 3158 3059 non
3193 3005 3432 3061 omnium

1849 3095 2008 3150 modo
2030 3094 2368 3150 terrestrium
2398 3103 2712 3150 naturarum
2738 3091 2895 3150 aDeo
2923 3096 3079 3152 datus
3105 3107 3188 3152 est
3209 3099 3430 3162 rex,sed

1848 3185 2011 3242 etiam
2041 3197 2213 3251 vates,
2249 3187 2456 3242 cunctis
2495 3195 2550 3243 et
2577 3186 2897 3243 volucribus
2924 3197 2979 3242 et
3000 3187 3191 3244 bestiis
3213 3189 3432 3247 nomina

1850 3284 2158 3349 imponens.
2182 3281 2254 3334 At
2276 3290 2402 3352 post
2424 3281 2658 3350 lapsum,
2688 3280 2890 3351 posteri
2923 3297 3033 3340 non
3066 3282 3238 3337 solum
3264 3299 3433 3355 regno

1847 3375 2190 3439 exciderunt,
2230 3374 2326 3430 sed
2369 3372 2534 3429 etiam
2563 3373 2722 3442 vulgo
2751 3390 2837 3429 res
2869 3383 3081 3431 creatas
3113 3377 3243 3431 deos
3283 3377 3431 3431 arbi-

1850 3469 1975 3526 trati
2004 3478 2152 3535 sunt,
2179 3477 2237 3522 ut
2279 3467 2355 3522 ait
2394 3466 2646 3524 Salomon
2682 3485 2696 3522 :
2737 3486 2756 3519 ι
2793 3467 2920 3523 Vani
2952 3478 3129 3524 autem
3155 3481 3282 3525 sunt
3317 3486 3434 3526 om.

1851 3579 1949 3618 nes
1979 3562 2248 3626 homines,
2282 3560 2336 3615 in
2381 3559 2578 3630 quibus
2606 3574 2712 3616 non
2746 3561 2929 3616 subest
2963 3562 3187 3618 scientia
3219 3562 3350 3630 Dei;
3381 3573 3436 3620 et

1850 3657 1916 3712 de
1949 3656 2032 3711 his
2063 3670 2181 3726 qum
2201 3653 2453 3710 videntur
2483 3651 2646 3719 bona,
2674 3669 2785 3709 non
2817 3665 3108 3725 potuerunt
3130 3654 3436 3727 intelligere

1851 3764 1998 3814 eum,
2032 3749 2123 3819 qui
2165 3755 2286 3816 est;
2336 3759 2514 3816 neque
2563 3747 2822 3815 operibus
2871 3748 3236 3818 attendentes,
3269 3763 3438 3818 agnov-

1852 3851 2048 3901 vcrunt
2080 3839 2208 3913 quis
2229 3849 2376 3896 esset
2405 3838 2600 3895 artifex
2631 3856 2646 3894 :
2684 3841 2777 3896 sed
2835 3850 2928 3896 aut
2977 3839 3174 3912 ignem,
3209 3851 3300 3898 aut
3327 3842 3437 3913 spi.

1851 3936 2039 4003 ritum,
2069 3943 2162 3990 aut
2187 3935 2414 3990 citatum
2441 3947 2648 3999 aerem,
2684 3942 2776 3988 aut
2804 3948 2992 4005 gyrum
3020 3933 3437 4000 stcllnrum,aut

1853 4027 2074 4083 nimiam
2102 4041 2323 4098 aquam,
2352 4035 2446 4080 aut
2475 4023 2644 4080 solem
2672 4035 2725 4081 et
2751 4026 2933 4080 lunam
2973 4067 2989 4093 ,
3016 4035 3260 4082 rectores
3287 4027 3438 4082 orbis

1855 4131 2125 4177 terrarum
2155 4121 2286 4197 deos
2347 4129 2692 4192 putaverunt.
2725 4121 2966 4186 Quorum
2997 4119 3039 4175 si
3076 4120 3255 4192 specie
3292 4121 3439 4175 dele-

1855 4215 1989 4273 ctati
2025 4218 2156 4271 deos
2179 4220 2534 4286 putaverunt,
2565 4211 2764 4279 sciant,
2786 4221 2990 4283 quanto
3025 4210 3110 4266 his
3136 4211 3440 4267 dominator

1855 4325 2043 4367 eorum
2073 4309 2370 4379 speciosior
2423 4315 2526 4362 est.
2554 4304 2766 4376 Speciei
2809 4303 2955 4360 enim
3006 4311 3293 4377 generator
3323 4303 3439 4359 haec

1855 4401 2040 4460 omnia
2095 4399 2396 4457 constituit.
2428 4398 2536 4454 Aut
2569 4399 2615 4456 si
2658 4398 2915 4455 virtutem
2959 4407 3015 4454 et
3045 4411 3209 4468 Opera
3247 4413 3436 4453 eorum

1861 4495 2044 4552 mirati
2091 4503 2252 4565 sunt,
2286 4491 2589 4563 intelligant
2633 4491 2701 4547 ab
2733 4490 2862 4559 illis,
2895 4491 3150 4561 quoniam
3189 4490 3281 4561 qui
3322 4491 3438 4546 haec

179 4608 401 4663 namque
434 4602 614 4647 vestro
634 4585 1013 4643 Ahrahamoin
1031 4584 1415 4656 Mesopotamia
1431 4599 1753 4657 conspectus
1785 4600 1831 4657 υ
1863 4587 1991 4644 fecit
2045 4585 2237 4640 fortior
2271 4592 2355 4639 est
2396 4581 2543 4640 illis:
2574 4597 2602 4634 a
2644 4580 3010 4648 magnitudine
3043 4579 3190 4634 enim
3233 4579 3437 4649 speciei

178 4682 380 4758 inquit:
411 4705 429 4738 ε
465 4686 576 4755 Ego
611 4700 728 4738 sum
780 4682 922 4738 Deus
953 4690 1074 4737 tuus
1099 4680 1234 4750 (ω’)
1277 4700 1290 4738 :
1324 4683 1537 4737 ambula
1567 4696 1748 4738 coram

182 4795 277 4841 mc,
312 4790 366 4834 et
394 4790 512 4834 esto
543 4777 814 4848 perfectus
844 4776 912 4830 ".
947 4794 966 4826 ι
1002 4773 1336 4830 Vocabulum
1373 4785 1552 4830 autem
1594 4774 1748 4839 Θεὸς,

183 4872 228 4924 id
253 4881 334 4926 est
374 4871 533 4934 Deus,
565 4884 668 4924 non
701 4877 971 4933 naturam,
1001 4867 1094 4922 sed
1137 4867 1255 4938 ejus
1295 4867 1627 4922 functionem
1656 4871 1757 4921 deo

184 4976 384 5026 notare,
431 4966 606 5034 palam
659 4971 742 5017 est
797 4961 1098 5016 omnibus:
1145 4961 1430 5016 deducitur
1483 4962 1679 5030 quippe
1719 4975 1748 5014 a

184 5060 302 5125 θέω,
331 5061 433 5115 hoc
481 5069 588 5124 est,
616 5073 793 5119 curro,
827 5064 922 5110 aut
946 5069 974 5107 a
1011 5053 1110 5122 θῶ,
1159 5055 1300 5124 quod
1349 5063 1451 5121 est,
1481 5054 1669 5108 moiior
1697 5062 1752 5108 et

188 5153 494 5207 nrchitector
527 5168 542 5207 :
575 5159 659 5205 est
689 5149 833 5204 enim
867 5146 1110 5202 omnium
1145 5145 1472 5200 architectus
1507 5158 1561 5200 ct
1591 5143 1752 5200 moli-

190 5248 343 5300 tionis
367 5245 604 5301 universi
652 5253 864 5298 auctor.
911 5237 1271 5295 Architectari
1308 5248 1487 5293 autem
1519 5238 1751 5294 functio-

192 5354 324 5404 nem,
359 5353 462 5392 non
499 5345 744 5391 naturatn
775 5334 1082 5403 designare,
1111 5327 1240 5384 nulli
1266 5326 1486 5383 dubium
1520 5339 1620 5385 est.

757 5573 803 5607 ”
837 5570 1012 5626 Exod.
1051 5583 1226 5629 xxx".
1263 5565 1317 5623 6.

254 5575 296 5608 ¹¹⁵
322 5576 456 5632 Gen.
501 5592 539 5642 t,
565 5574 656 5628 27.
757 5574 803 5607 ”
837 5574 1012 5626 Exod.
1051 5583 1226 5629 xxxii.

259 5647 385 5702 Gen.
430 5664 563 5702 xvu.
600 5647 650 5700 Ι.
728 5644 774 5676 “
799 5645 972 5699 Exod.
1019 5656 1102 5702 ιιι,
1146 5637 1233 5692 M.

195 5647 230 5680 ⁸³
259 5647 385 5704 Gen.
430 5664 563 5712 xvrt,
600 5647 650 5700 Ι.

260 5881 367 5946 (l0)
393 5876 644 5932 Nazianz.
687 5873 759 5930 De
791 5865 1182 5929 moderatione,
1216 5872 1271 5920 et
1318 5871 1461 5919 orat.
1493 5861 1659 5916 altera
1689 5861 1754 5916 de

202 5953 350 6005 iltt'ul.

1428 5563 1475 5598 δ’
1499 5563 1641 5619 Psal.
1703 5577 1792 5628 cv,
1823 5560 1916 5618 29.

1313 5636 1361 5669 "
1396 5635 1565 5692 Exod.
1606 5650 1761 5701 xxxt,
1792 5634 1880 5690 18.

1861 4691 1914 4736 et
1949 4689 2211 4734 creaturae
2263 4673 2709 4745 cognoscibiliter
2741 4673 2940 4744 poterit
2983 4669 3216 4726 Creator
3242 4673 3439 4732 horum

1862 4772 2031 4828 videri
2057 4769 2160 4825 ⁵⁷.»
2207 4767 2417 4834 Videte,
2447 4780 2505 4821 ut
2550 4773 2674 4835 post
2726 4774 3006 4836 peccatum
3038 4762 3182 4819 Deus
3213 4779 3319 4819 non
3347 4779 3439 4819 co-

1861 4881 1978 4921 ram
2011 4881 2133 4919 cmn
2165 4862 2500 4927 hominibus,
2530 4869 2588 4914 ut
2615 4875 2735 4915 cum
2763 4859 2991 4924 Adamo,
3025 4857 3325 4913 collocutus
3344 4857 3439 4925 sit,

1861 4958 1956 5014 sed
1995 4972 2087 5012 eos
2116 4972 2181 5011 ex
2232 4969 2456 5024 operum
2495 4949 2906 5022 pulchritudine
2950 4952 3015 5005 ad
3056 4951 3138 5006 sui
3187 4950 3437 5005 notitiam

1859 5053 1992 5123 erigi
2023 5050 2349 5122 permiserit.
2382 5048 2536 5115 Quod
2574 5049 2618 5102 si
2651 5061 2745 5102 eos
2771 5045 2964 5099 merito
2995 5059 3151 5097 ranos
3183 5042 3438 5099 Salomon

1863 5144 2175 5214 appellavit,
2204 5153 2405 5214 quanto
2431 5142 2600 5212 magis
2635 5140 2878 5194 vaniores
2914 5152 3007 5192 vos
3039 5137 3367 5206 appellaret,
3391 5137 3438 5191 si

1866 5237 2028 5292 hodie
2077 5244 2409 5308 superesset.
2461 5233 2594 5288 Nam
2650 5232 2726 5287 illi
2781 5231 3010 5286 fortasse
3063 5229 3282 5296 habent,
3329 5244 3441 5300 quo

1865 5327 2022 5384 venia
2058 5326 2203 5397 digni
2235 5327 2366 5381 sint.
2396 5324 2538 5392 Quid
2571 5324 2679 5378 ita?
2708 5320 2851 5392 quod
2879 5317 2976 5375 Dei
3000 5319 3243 5375 notitiam
3272 5324 3440 5377 vesti-

2017 5558 2064 5593 *ί
2099 5559 2243 5615 Psal.
2275 5572 2463 5625 cxvm,
2501 5559 2591 5615 T5.
2701 5557 2748 5591 δ’
2793 5554 2937 5612 Psal.
2996 5572 3197 5625 xxxtu,
3245 5555 3334 5623 l6,
3371 5557 3437 5612 l7

1961 5631 2008 5664 “
2039 5632 2212 5688 Exod.
2241 5645 2431 5694 xxxiv,
2461 5630 2514 5687 l.
2589 5630 2635 5665 ⁸⁷
2665 5630 2798 5700 Sap.
2827 5641 2948 5694 xm,
2987 5628 3013 5684 1
3045 5643 3200 5700 seqq.

1937 5857 2177 5932 (i0f)ilta
2198 5857 2418 5932 rltabent
2441 5855 2600 5932 EXX,
2638 5853 3057 5932 pro_.__Do_ntiuus
3085 5853 3434 5923 omnipotens.

1939 5927 1984 6000 (l
2005 5927 2059 6002 l)
2080 5930 2334 5986 Nazianz.
2368 5930 2420 5985 in
2445 5927 2691 5985 Natalem
2718 5927 2845 5994 221,
2871 5927 2962 5982 ‘26.
