4004 6206
557 360 657 424 8οἳ

1773 357 2198 441 ANDRONICI
2253 359 2595 422 conNENt
3665 365 3748 429 sos

557 492 766 550 gantes,
793 479 856 533 ad
881 478 1268 551 ignorationem
1295 478 1560 540 compulsi
1588 477 1882 547 sunt.Vos,
1915 479 1967 534 in
1990 486 2133 532 tanta
2165 478 2211 535 Α
2241 484 2418 538 etans,
2449 484 2612 544 atque
2663 471 2850 529 ordine
2899 487 3254 545 componens,
3291 470 3592 530 et'molienti
3633 473 3751 534 Patri

561 583 742 628 vatum
775 587 971 627 corona
1028 581 1082 627 et
1105 573 1428 642 scriptorum
1463 574 1824 636 multitudine,
1861 572 1994 625 adeo
2023 584 2128 623 non

561 666 858 736 vestigatis,
895 675 955 719 ut
993 666 1155 721 etiam
1188 682 1307 735 quae
1334 667 1533 735 scripta
1563 678 1687 721 sunt
1724 665 2057 719 adulterctis.

624 757 746 814 Jun.
775 757 1078 814 Pcr’Mosen
1105 760 1120 813 Ξ
1159 761 1246 828 qui
1272 775 1419 813 mare
1450 759 1690 815 Rubrum
1718 760 1900 813 dextra
1928 755 2129 822 divisit,

559 867 686 905 vera
739 851 918 904 omnia
972 865 1182 904 narras.
1227 850 1589 915 Quamobrem
1621 851 1749 905 dum
1795 849 1882 904 hic
1909 848 2047 917 apud
2081 858 2131 901 te

559 943 842 1006 adsumus,
884 941 1224 1010 Scripturam
1276 941 1608 998 evolvamus.
1660 941 1760 1006 Tu,
1813 943 1955 1010 quod
2007 949 2131 992 ante

557 1035 892 1099 dicebamus,
927 1035 1085 1089 nobis
1115 1045 1506 1100 commonstra,
1536 1035 1656 1105 quis
1706 1043 2013 1089 nostrorum
2039 1046 2134 1084 va-

557 1138 667 1183 tum
704 1131 1106 1198 generationem
1165 1129 1278 1192 Dei,
1315 1127 1621 1197 genitumve
1670 1124 1837 1182 Deum
1886 1130 2128 1192 usurpet.

556 1220 610 1274 id
643 1220 786 1273 enim
835 1219 1005 1287 magis
1048 1219 1255 1274 animos
1300 1226 1516 1274 nostros
1564 1220 1617 1274 in
1663 1226 1940 1288 stuporem
1968 1226 2130 1284 atque

555 1311 950 1365 dubitationem
987 1311 1147 1380 rapit.

1171 1445 1398 1504 CAPUT
1441 1445 1530 1501 VI.

557 1563 638 1618 Ex
666 1565 931 1634 prophetis
979 1563 1272 1618 ostenditur
1304 1563 1571 1618 Christum
1607 1580 1637 1616 ο
1668 1561 1828 1616 Patre
1868 1563 2120 1634 genitum.

621 1675 847 1732 Cumsr.
877 1675 1070 1731 Audite
1101 1690 1263 1744 porro
1316 1674 1622 1731 Salomonis
1655 1675 1839 1731 verba.
1870 1673 2028 1740 Quod
2080 1673 2124 1728 si

550 1771 676 1839 quid
712 1769 908 1823 melius
955 1769 1127 1834 scitis,
1160 1770 1346 1824 docete
1387 1784 1537 1824 sane.
1566 1768 1749 1838 Neque
1801 1767 1946 1822 enim
1978 1780 2128 1821 vere-

550 1861 755 1917 cundor
810 1870 1024 1930 propter
1047 1860 1209 1914 Deum
1259 1861 1527 1914 hominem
1561 1858 1742 1914 Jesum
1773 1873 1948 1914 meum
2013 1858 2124 1914 dis-

551 1954 713 2024 cipuli
772 1968 1054 2023 personam
1089 1953 1354 2007 induere:
1391 1971 1409 2004 ε
1450 1951 1704 2007 Dominus
1736 1953 1974 2022 possedit
2011 1951 2122 2021 (12)

551 2059 642 2100 me
679 2045 730 2100 in
781 2045 936 2100 initio
975 2044 1186 2098 viarum
1224 2059 1469 2111 suarum,
1501 2054 1786 2111 antequam
1832 2045 2124 2114 quidquam

549 2138 754 2194 faceret
786 2155 814 2192 a
850 2137 1142 2209 principio.
1189 2135 1268 2190 Ab
1293 2146 1496 2192 interno
1526 2137 1772 2191 ordinata
1804 2152 1946 2204 sum,
1975 2145 2029 2190 et
2059 2152 2125 2190 ex

546 2231 810 2302 antiquis,
867 2241 1161 2300 antequam
1215 2237 1359 2281 terra
1426 2228 1598 2284 ﬁeret.
1659 2227 1904 2282 Nondum
1966 2235 2125 2283 erant

548 2327 752 2398 abyssi,
785 2335 839 2382 et
865 2340 965 2396 ego
1005 2327 1116 2394 jam
1148 2332 1410 2393 concepta
1459 2337 1607 2377 eram
1639 2340 1652 2377 :
1687 2322 1914 2376 necdum
1948 2320 2127 2376 i0utes

548 2433 813 2488 aquarum
867 2423 1206 2482 eruperant:
1242 2415 1473 2469 necdum
1522 2422 1733 2468 montes
1783 2412 1936 2481 gravi
1988 2413 2127 2468 mole

547 2511 940 2572 constiterant;
975 2519 1100 2560 ante
1129 2519 1319 2560 omnes
1341 2504 1503 2560 colles
1533 2519 1630 2574 ego
1660 2503 2120 2574 parturiebar“.r

546 2597 645 2652 llic
678 2615 698 2648 ι
728 2596 933 2653 Creaoit
964 2613 983 2648 δ
1019 2595 1180 2664 (quod
1207 2594 1423 2665 penitur
1453 2609 1482 2647 a
1510 2591 1670 2663 LXX)
1704 2609 1810 2648 non
1842 2593 2118 2660 moliendi,

546 2688 640 2744 Sed
665 2686 917 2757 gignendi
952 2687 1058 2740 vim
1079 2683 1716 2753 liabere,intelligendum
1741 2693 1844 2742 est.
1873 2684 2127 2740 Solemne

546 2791 627 2838 est
649 2781 794 2837 enim
810 2795 976 2836 sacrm
1005 2779 1493 2850 Srripturagvieina
1517 2795 1615 2846 pro
1640 2781 1826 2836 vicinis
1845 2796 2126 2852 usurpare,

546 2885 606 2928 ut
629 2889 749 2930 cum
798 2875 861 2928 de
893 2872 1038 2928 Mose
1066 2873 1195 2927 ait:
1249 2891 1268 2925 ι
1323 2871 1578 2927 Adultum
1628 2888 1850 2945 puerum
1909 2873 2130 2928 tradidit

546 2969 673 3023 tiliae
760 2964 1078 3031 Pharaonis,
1123 2979 1282 3034 quem
1340 2962 1429 3019 illa
1479 2961 1606 3018 fecit
1646 2963 1749 3020 sibi
1778 2965 1940 3020 lilium
2003 2967 2070 3022 δ’.
2102 2983 2122 3019 ι

546 3058 707 3128 Atqui
757 3073 864 3114 non
909 3057 1057 3124 fecit,
1097 3058 1192 3112 sed
1248 3058 1577 3128 nuncupavit
1613 3057 1716 3114 sibi
1771 3057 1958 3113 ﬁlium.
1997 3059 2126 3114 ltem

545 3151 764 3208 David:
809 3171 826 3203 ι
871 3149 1020 3206 Facti
1065 3166 1248 3206 sumus
1297 3151 1349 3205 in
1382 3150 1727 3221 opprobrium
1769 3151 1960 3208 vicinis
2015 3168 2112 3207 no-
2140 3165 2183 3226 α

552 3244 683 3300 Itris
710 3243 812 3305 ",r
846 3256 962 3310 pro,
996 3239 1237 3296 Fuimus.
1263 3239 1379 3295 Jam
1409 3256 1535 3296 vero
1555 3250 1678 3295 ante
1702 3241 1898 3297 corium
1930 3250 1982 3295 et
2006 3251 2117 3296 ter-

546 3348 684 3395 nm,
717 3332 890 3388 Moses
939 3331 1138 3384 nullam
1188 3330 1347 3384 aliam
1394 3345 1504 3386 rem
1550 3341 1785 3386 creatam
1816 3332 2115 3399 exstitisse,

545 3424 839 3481 revelavit:
873 3442 892 3478 ‹
927 3422 1213 3490 Principio,
1240 3423 1509 3493 inquiens,
1529 3423 1731 3479 creavit
1759 3423 1898 3482 Deus
1922 3425 2117 3480 omium

548 3526 602 3571 et
640 3527 837 3570 terram
861 3517 963 3572 ³¹.ι
1006 3513 1157 3582 Quod
1187 3516 1231 3570 si
1267 3514 1391 3586 quid
1422 3517 1696 3586 antiquius
1724 3517 2109 3582 cxstitisset,id

548 3607 716 3665 dubio
755 3608 940 3678 procul
997 3610 1146 3678 prius
1184 3617 1512 3665 tractaturus
1548 3609 1762 3666 inisset.
1808 3609 1920 3666 Etsi
1971 3619 2117 3678 sunt,

549 3701 638 3771 qui
688 3698 1045 3770 intelligentes
1079 3699 1413 3754 substantias
1442 3699 1591 3767 prius
1641 3699 1889 3756 conditas
1928 3701 2120 3755 existiv

549 3803 718 3858 ment,
757 3791 918 3847 veluti
954 3791 1121 3846 altera
1161 3792 1408 3862 qumdam
1447 3792 1670 3860 lumina,
1707 3801 1763 3847 et
1808 3792 1918 3849 Deo
1950 3794 2122 3865 magis

546 3883 887 3952 coniunctas.
922 3881 990 3936 At
1024 3891 1188 3936 terret
1218 3897 1303 3938 me
1337 3882 1427 3936 Dei
1463 3880 1530 3936 ad
1552 3879 1650 3937 Job
1676 3896 1874 3951 sermo,
1897 3885 2119 3939 dicens:

551 3991 572 4026 ο
606 3973 740 4028 Cum
764 3979 909 4028 astra
937 3973 1328 4040 conderentur,
1351 3971 1644 4027 laudabant
1669 3987 1756 4028 me
1779 3987 1968 4046 magna
1990 3987 2123 4029 voce

545 4077 735 4119 omnes
765 4062 937 4132 angeli
967 4063 1070 4116 mei
1091 4063 1191 4116 ⁸³.»
1215 4067 1371 4116 Astra
1404 4065 1546 4117 enim
1580 4065 1801 4119 omnino
1823 4065 1908 4119 die
1930 4076 2122 4134 quarto

546 4156 834 4212 constituta
865 4165 1011 4212 sunt.
1040 4155 1205 4225 Igitur
1233 4155 1279 4210 si
1311 4157 1376 4210 de
1405 4165 1675 4211 astrorum
1700 4157 1976 4214 creatione
1998 4174 2120 4215 eum

549 4244 726 4315 angeli
777 4245 1176 4312 collaudabant,
1217 4244 1388 4300 multo
1431 4246 1604 4317 magis
1646 4247 1711 4301 de
1760 4248 1921 4313 cmlo,
1951 4256 2118 4316 terra,

549 4353 686 4408 aqua
711 4345 764 4392 et
796 4337 935 4394 luce.
962 4337 1065 4392 Sed
1121 4337 1261 4393 hanc
1307 4337 1550 4392 insanam
1595 4339 1885 4396 multorum
1933 4341 2121 4397 existi-

549 4429 844 4484 litationem
881 4429 1162 4500 perSpicue
1209 4429 1464 4499 frangens
1491 4429 1764 4497 Salomon,
1812 4431 1969 4503 paulo
1999 4443 2121 4503 post

2235 567 2528 621 molitionis
2557 565 2820 622 consors?

2301 674 2423 732 Jun.
2452 677 2558 732 Cur
2585 689 2760 731 autem
2787 677 2828 730 si
2863 678 2925 731 de
2951 677 3085 732 Filio
3121 692 3217 731 nos
3247 677 3500 732 docturus
3528 685 3648 744 erat,
3668 696 3773 734 non-

2232 765 2388 831 dixit,
2414 765 2658 835 Aptator,
2681 765 2773 822 sed
2815 785 2831 819 I
2863 766 3138 833 Aptatrix?
3167 785 3186 818 ι
3211 767 3282 821 ita
3308 782 3372 820 ex
3398 764 3528 819 LXX
3552 770 3758 824 versione

2236 859 2519 914 dicendum
2572 875 2667 928 pro
2697 861 2786 914 illo
2815 877 2831 914 :
2872 877 2890 912 ι
2916 860 3048 914 Cum
3083 874 3148 915 eo
3174 874 3320 914 eram
3348 868 3534 915 cuncta
3580 876 3760 933 compo-

2233 966 2384 1005 nens.
2445 971 2462 1003 ι

2301 1063 2522 1120 (Ξωιιετ.
2557 1062 2677 1119 Jam
2726 1065 2860 1120 dixi.
2928 1061 3092 1119 Vates
3146 1064 3209 1118 de
3249 1063 3377 1130 Deo,
3411 1077 3514 1116 non
3542 1072 3761 1132 quantum

2231 1167 2333 1220 est,
2367 1158 2643 1221 dixerunt,
2675 1156 2767 1211 sed
2815 1165 3075 1223 quantum
3117 1154 3404 1224 cogitando
3452 1168 3762 1223 assequeren-

2231 1260 2340 1313 tur,
2376 1251 2734 1321 scripserunt.
2767 1249 2885 1317 Quo
2918 1249 3061 1304 enim
3095 1249 3252 1304 modo
3298 1247 3762 1316 comprehendatur,

2237 1344 2380 1413 quod
2437 1342 2823 1412 comprehendi
2879 1356 2984 1397 non
3039 1339 3255 1410 potest?
3294 1337 3429 1392 Nam
3461 1353 3576 1394 cum
3605 1353 3764 1392 arenas

2229 1439 2415 1500 maris,
2444 1446 2495 1492 et
2543 1437 2713 1490 stillas
2744 1435 2957 1505 pluviae,
2994 1435 3378 1501 stellarumque
3410 1431 3764 1485 multitudinem

2231 1538 2462 1598 nequeat
2485 1529 2607 1599 quis
2629 1543 2935 1592 numerare,
2959 1527 3160 1582 scilicet
3184 1525 3346 1579 Deum
3371 1523 3608 1594 principii
3633 1533 3764 1590 atque

2231 1624 2352 1676 linis
2376 1633 2649 1691 expertem
2698 1618 3162 1690 comprehendet?
3196 1618 3379 1686 itaque
3408 1615 3541 1670 alius
3577 1613 3662 1668 Dei
3691 1631 3764 1670 sa-

2230 1711 2483 1781 pientiam
2531 1709 2723 1765 Filium
2763 1711 3014 1775 vocavit;
3047 1707 3184 1762 alius
3213 1717 3472 1768 mentem,
3506 1705 3633 1761 alius
3660 1705 3767 1760 lucis

2157 1820 2202 1878 Β
2232 1804 2612 1871 simulacrum;
2667 1803 2805 1857 alius
2844 1817 3156 1871 expressam
3209 1801 3499 1870 quamdam
3535 1798 3765 1862 formam;

2229 1898 2368 1952 alius
2396 1898 2532 1952 vires
2559 1914 2574 1962 ;
2611 1897 2749 1952 alius
2775 1894 2967 1948 Filimn
2993 1911 3007 1960 ;
3036 1909 3226 1949 omnes
3255 1908 3421 1948 unum
3457 1902 3508 1948 et
3531 1891 3764 1947 eumdem.

2229 1991 2322 2046 Sin
2345 1999 2522 2045 autem
2557 2004 2712 2044 secus
2740 1989 3124 2058 preplietarum
3151 2001 3306 2042 voces
3335 1983 3594 2054 accipitis,
3610 1998 3767 2038 vereor

2228 2098 2295 2138 ne
2323 2082 2656 2151 splendidam
2687 2080 2789 2134 SS.
2819 2080 3101 2136 Trinitatis
3143 2080 3319 2134 lucem
3371 2077 3701 2148 refugientes,
3725 2075 3768 2128 in

2229 2175 2552 2244 profundum
2588 2173 2818 2244 plurium
2846 2175 3066 2228 deorum
3090 2187 3184 2228 vos
3219 2171 3587 2242 praecipitetis.

2298 2266 2466 2336 Igitur
2490 2265 2665 2320 denuo
2704 2264 2886 2318 audite
2916 2261 3264 2318 Salomonetn
3295 2261 3474 2330 palam
3497 2259 3769 2316 vociferan-

2231 2366 2336 2410 tem
2369 2374 2385 2412 :
2419 2375 2438 2408 ι
2483 2355 2749 2411 Omnibus
2779 2354 3064 2410 mobilibus
3101 2353 3352 2409 mobilior
3378 2361 3462 2408 est
3491 2351 3768 2422 sapientia;

2229 2447 2446 2517 attingit
2497 2456 2674 2501 autem
2728 2445 2925 2514 ubique
2981 2455 3201 2514 propter
3263 2459 3418 2500 suam
3466 2441 3770 2498 munditiam.

2234 2535 2415 2607 Vapor
2440 2546 2525 2593 est
2562 2536 2706 2592 enim
2735 2537 2952 2592 virtutis
2986 2534 3102 2604 Dei,
3146 2547 3200 2591 et
3255 2536 3529 2590 emanatio
3558 2536 3769 2606 quaedam

2231 2640 2312 2687 est
2342 2630 2601 2686 claritatis
2629 2629 3019 2699 omnipotentis
3041 2629 3130 2684 Dei
3167 2628 3382 2685 sincera
3409 2645 3426 2683 :
3449 2639 3502 2684 et
3531 2629 3644 2683 ideo
3664 2624 3774 2682 nihil

2229 2723 2568 2792 inquinatum
2599 2721 2654 2778 in
2683 2736 2804 2777 eam
2840 2721 3090 2776 incurrit.
3131 2719 3350 2776 Candor
3383 2728 3470 2775 est
3496 2717 3634 2774 enim
3661 2715 3772 2771 locis

2232 2823 2468 2876 elerum,
2517 2821 2572 2868 et
2615 2811 2892 2882 speculum
2920 2811 3038 2866 sine
3085 2809 3298 2864 macula
3332 2807 3432 2864 Dei
3491 2806 3772 2874 ntajestatia,

2229 2913 2282 2961 et
2309 2906 2484 2974 imago
2513 2903 2766 2959 bonitatis
2789 2901 2933 2958 illius
2950 2901 3020 2956 ⁸³.
3053 2919 3071 2953 ι
3109 2899 3214 2956 Sed
3239 2899 3483 2966 omissis,
3517 2913 3631 2967 qua
3656 2896 3771 2967 apud

2231 2995 2540 3066 Sapientem
2575 3000 2720 3060 sunt,
2749 2993 3039 3065 imaginem
3094 2993 3261 3048 solam
3291 3008 3611 3064 persequar.
3640 2990 3773 3053 Sunt,

2232 3092 2454 3162 putatis,
2480 3093 2532 3146 in
2571 3091 2709 3147 coelo
2741 3089 2974 3161 pictores
3002 3106 3064 3145 ac
3097 3091 3346 3147 colores?

2238 3244 2246 3253 _
2289 3183 2413 3242 Jun.
2457 3185 2699 3240 Minime.

2291 3301 2512 3358 Cuats'r.
2535 3301 2602 3357 Et
2621 3311 2832 3370 quaeest
2855 3317 3016 3371 porro
3042 3301 3158 3357 haec
3187 3301 3277 3356 Dei
3299 3299 3562 3356 bonitatis
3589 3295 3776 3366 imago?

2223 3411 2326 3450 nec
2355 3396 2529 3450 solum
2551 3397 2727 3465 imago
2757 3395 3094 3467 simpliciter,
3127 3397 3221 3449 sed
3251 3410 3344 3464 per
3367 3395 3552 3450 omnia
3580 3388 3780 3447 similisl

2219 3487 2326 3542 Aut
2373 3501 2502 3557 ergo
2551 3487 2838 3558 imaginem
2897 3489 3204 3549 concedite,
3265 3497 3360 3539 aut
3399 3500 3610 3541 mecum
3641 3482 3777 3537 unius

2219 3591 2426 3635 natura:
2447 3589 2500 3634 et
2530 3579 2843 3635 substantia:
2866 3595 2988 3635 cum
3019 3579 3178 3634 Patre
3199 3578 3393 3634 Filium
3425 3577 3682 3634 iatemini.

2290 3669 2413 3728 Jun.
2470 3670 2725 3726 Fatemur
2760 3688 2777 3740 ;
2835 3672 2952 3738 sed,
2994 3672 3209 3739 amabo,
3241 3671 3385 3727 idem
3425 3673 3583 3726 nobis
3603 3683 3665 3725 ex
3689 3664 3780 3722 alio

2225 3763 2490 3836 propheta
2517 3763 2781 3819 edissere.

2290 3879 2516 3936 Cuatsr.
2580 3877 2727 3931 lsaire
2753 3878 2912 3932 verba
2944 3882 3070 3932 sunt
3107 3891 3121 3930 :
3168 3893 3188 3930 ‹
3247 3874 3520 3931 Parvulns
3546 3876 3780 3929 natusest

2226 3973 2401 4040 nobis,
2442 3980 2499 4026 et
2555 3970 2700 4026 ﬁlius
2750 3970 2907 4023 datus
2931 3978 3013 4024 est
3040 3968 3293 4032 nobis,et
3339 3966 3519 4022 iactus
3551 3973 3634 4021 est
3655 3963 3783 4034 prin-

2224 4065 2440 4134 cipatus
2493 4076 2652 4132 super
2677 4059 2961 4115 humerum
3021 4059 3251 4129 ejus;et
3297 4059 3583 4114 vocabitur
3611 4069 3778 4112 nomen

2221 4156 2342 4227 ejus
2393 4153 2572 4225 magni
2597 4151 2810 4208 consilii
2843 4151 3100 4222 Angelus.
3138 4152 3504 4214 admirabilis,
3541 4148 3780 4206 consilia-

2223 4250 2336 4304 rius
2369 4248 2433 4303 ".
2492 4266 2511 4300 ι
2549 4244 2753 4300 Videtis
2789 4244 2962 4300 Patris
2991 4243 3396 4300 consiliarium?
3446 4241 3655 4298 Videtis
3682 4253 3780 4293 ma-

2223 4342 2310 4414 gni
2357 4337 2566 4394 consilii
2617 4336 2917 4408 Angelum?
2954 4335 3046 4390 Est
3104 4337 3243 4391 enim
3269 4335 3440 4391 Filius
3463 4335 3710 4406 ἄγγελος,
3737 4340 3782 4385 ut

2223 4433 2312 4505 qui
2367 4448 2396 4486 a
2432 4431 2590 4486 Patre
2636 4428 2818 4486 arcani
2878 4429 2945 4483 ab
2974 4429 3122 4483 omni
3146 4429 3456 4486 aeternitate
3481 4428 3676 4485 occulti
3703 4426 3782 4479 ab-

547 4521 699 4578 addit
730 4538 745 4577 :
782 4541 801 4575 c
835 4522 975 4578 Ante
1002 4538 1188 4578 omnes
1222 4523 1388 4578 colles
1434 4524 1605 4593 gignit
1641 4524 1811 4591 me”,
1845 4539 1908 4581 ac
1935 4527 2120 4595 paula-
2157 4519 2204 4577 D
2233 4527 2343 4580 dita
2383 4523 2452 4578 ad
2489 4523 2737 4579 homines
2789 4521 3070 4592 pertulerit
3129 4535 3192 4576 ac
3225 4523 3612 4592 promulgarit.
3663 4520 3783 4575 Con-

550 4615 645 4670 tim
702 4627 823 4683 qua:
870 4613 1131 4669 scriberet
1211 4614 1486 4670 illustrans
1533 4616 1792 4684 subiicit:
1848 4637 1864 4669 ι
1904 4617 2132 4684 Quando
2229 4615 2467 4671 siiiarius
2521 4621 2624 4678 est,
2681 4614 2772 4684 qui
2831 4628 2859 4668 a
2909 4611 3068 4668 Patre
3113 4615 3393 4668 audierit:
3435 4633 3456 4666 ‹
3521 4611 3782 4667 Faciamus

547 4707 745 4760 :ethera
775 4706 1022 4775 firmabat
1051 4720 1266 4761 sursum
1298 4717 1350 4761 et
1381 4705 1606 4761 librabat
1639 4708 1812 4765 fontes
1841 4726 2124 4780 aquarmn;
2231 4707 2503 4762 hominem
2523 4708 2586 4760 ad
2610 4706 2900 4774 imaginem
2925 4715 2980 4759 et
2999 4707 3405 4760 similitudinem
3424 4716 3662 4761 nostram
3683 4703 3741 4756 ".
3762 4718 3779 4752 ι

548 4796 763 4866 quando
792 4795 1162 4849 circumdabat
1189 4796 1320 4849 mari
1360 4797 1644 4851 terminum
1675 4812 1852 4863 suum,
1879 4809 1932 4853 et
1960 4799 2128 4867 legem
2230 4799 2296 4852 Et
2339 4814 2548 4852 rursum
2583 4814 2599 4852 :
2636 4817 2652 4850 ι
2697 4797 2835 4852 Ecce
2905 4796 3075 4851 Adam
3118 4798 3271 4867 quasi
3331 4813 3475 4854 unus
3529 4813 3594 4854 ex
3647 4795 3782 4850 nobis

548 4883 783 4953 ponebat
841 4883 1017 4952 aquis,
1063 4899 1128 4937 ne
1166 4886 1462 4936 transirent
1522 4883 1658 4939 lines
1700 4901 1865 4953 suos;
1908 4888 2124 4955 quando
2227 4889 2400 4943 factus
2430 4900 2530 4944 est.
2565 4889 2717 4943 Nunc
2750 4904 2879 4959 ergo
2911 4905 2975 4944 ne
3008 4889 3143 4942 forte
3175 4889 3350 4942 mittat
3382 4905 3605 4943 manum
3623 4902 3782 4948 suam,

550 4975 883 5044 appendebat
920 4975 1264 5031 fundamenta
1302 4986 1477 5037 teme,
1512 4992 1635 5032 cum
1666 4993 1728 5032 eo
1757 4993 1902 5032 eram
1930 4988 2120 5033 cuneta
2225 4993 2278 5032 et
2333 4990 2508 5032 sumat
2537 4981 2696 5033 etiam
2732 4980 2796 5033 de
2828 4979 2972 5046 ligno
3022 4980 3166 5042 vitre,
3197 4987 3248 5031 et.
3281 4979 3554 5039 comedat,
3584 4985 3637 5030 et
3660 4974 3783 5026 vivat

550 5067 957 5134 t-cinpouens“.
998 5085 1017 5119 ›
1057 5067 1262 5132 Videte,
1290 5081 1345 5120 ut
1372 5069 1570 5122 sensim
1595 5070 1797 5123 socium
1829 5071 1972 5124 Patri
2009 5073 2122 5138 opi-
2226 5075 2275 5125 iu
2307 5085 2563 5128 internum
2590 5075 2657 5139 ",
2685 5095 2700 5125 ›
2727 5091 2846 5128 eum
2871 5075 3120 5145 paradiso
3145 5077 3446 5141 exigamus.
3465 5072 3532 5126 Et
3565 5071 3745 5124 iterum
3771 5079 3780 5113 τ

551 5158 704 5212 dcem
734 5157 927 5212 Filium
969 5160 1224 5214 declaret.
1257 5159 1396 5226 Quid
1443 5161 1584 5215 enim
1615 5162 1759 5216 aliud
1787 5173 1885 5228 est,
1925 5181 1943 5214 α
1983 5163 2118 5218 Cum
2235 5185 2252 5220 ι
2290 5166 2502 5233 Venite,
2534 5170 2944 5235 descendamus,
2973 5178 3026 5222 et
3050 5167 3444 5222 confundamus
3469 5167 3540 5220 ibi
3566 5163 3780 5232 linguam

549 5266 614 5319 eo
642 5266 790 5304 cram
847 5260 1039 5304 cuncta
1074 5265 1424 5323 componens,
1487 5272 1507 5306 ι
1544 5270 1702 5324 quam
1749 5271 1849 5308 una
1885 5257 2118 5311 arcliite-
2222 5275 2409 5314 eorum
2434 5262 2499 5316 ⁸⁸.
2545 5279 2564 5312 a

623 5428 667 5459 “
709 5429 878 5504 Prov;
897 5445 1014 5488 Vill.
1043 5430 1116 5504 ’29-
1172 5442 1220 5487 et
1252 5447 1402 5502 seqq.
1507 5433 1554 5464 “
1581 5433 1743 5504 Exod.
1780 5450 1841 5500 tt,
1875 5435 1927 5499 9.
1961 5436 2049 5491 lO.

2235 5437 2374 5493 Psal.
2437 5453 2662 5504 Lxxvru,
2693 5437 2748 5492 4.
2861 5438 2902 5470 ⁵¹
2934 5437 3068 5492 Gen.
3101 5453 3139 5501 ι,
3170 5437 3220 5489 1.
3353 5437 3398 5469 ³¹
3433 5435 3537 5490 Job
3572 5445 3781 5504 uxvm,

552 5499 584 5552 7
610 5514 722 5556 εις.
747 5500 905 5556 LXX.
995 5504 1038 5534 ⁵³
1069 5503 1224 5557 Prov.
1259 5499 1381 5564 viti,
1409 5503 1477 5576 25
1531 5520 1639 5560 sec.
1672 5499 1835 5559 LXX.
1894 5506 1940 5540 ⁸⁸
1970 5509 2099 5565 ibid.
2125 5525 2318 5575 xxvm,
2350 5509 2438 5564 50.
2494 5511 2540 5540 ”
2569 5499 2696 5579 Sap.
2729 5524 2824 5574 vti,
2855 5510 2923 5564 ‘24
2954 5523 3104 5579 seqq.
3128 5499 3198 5540 V“
3233 5508 3332 5563 lsa.
3356 5524 3435 5572 rx,
3469 5512 3521 5563 6.
3587 5506 3630 5537 ³⁷
3658 5502 3781 5559 Gen.

552 5586 590 5634 ι,
619 5571 708 5628 ‘36.
787 5573 832 5606 ⁸⁸
863 5572 997 5628 Gen.
1027 5588 1106 5639 tu,
1135 5573 1227 5628 2'2.
1353 5576 1396 5606 ³⁹
1422 5575 1554 5629 Gen.
1586 5591 1660 5641 XI,
1688 5576 1742 5631 7.

560 5787 739 5912 ng?)
801 5789 960 5854 LXX,
1017 5791 1222 5855 ἔκτισε,
1266 5793 1482 5857 creavit,
1524 5806 1618 5859 pro
1643 5793 1929 5864 ἐκτήσατο.
1989 5788 2117 5846 Vide

2257 5793 2406 5849 Hier.
2441 5793 2548 5859 ltic,
2587 5801 2641 5848 et
2691 5792 2742 5847 in
2783 5806 2835 5848 c.
2887 5806 2976 5847 xvi
3026 5790 3156 5860 lsa.,
3196 5797 3325 5859 etc.,
3402 5802 3459 5845 et
3514 5797 3663 5843 notas
3722 5778 3783 5837 ad
