3788 6196
86 289 154 354 309
1045 283 1427 347 DIALOGUS
1466 284 1582 346 C03

1723 285 1762 344 Α
1817 284 2145 348 ΙΗΙΜΞΟΞ.
3113 284 3219 349 8ιο

121 409 336 469 Catemm,
401 402 569 459 Deum
625 418 747 460 esse
799 415 922 458 eum
994 402 1373 458 Consiliarium
1420 402 1556 474 (l3),
1590 409 1630 463 Λ
1662 401 1798 458 sicut
1853 400 2122 457 stillicidia
2183 400 2440 457 stillantia
2486 417 2646 474 super
2699 410 2897 458 terram
2919 403 2967 436 ”
2998 442 3012 458 .
3075 421 3095 455 ι
3138 405 3228 458 llic

76 517 141 555 non
175 498 423 568 Angelum,
492 498 608 563 ipse
661 497 880 552 dubium
923 495 1356 550 dissolvitznon
1411 495 1554 549 enim
1661 507 1768 546 non
1828 496 2000 548 solum
2054 509 2122 548 ex
2175 493 2458 558 adulterio,
2518 496 2612 548 sed
2669 495 2830 549 etiam
2885 511 2979 565 per
3027 495 3226 550 cardem

81 594 167 645 uixit
189 611 198 645 :
220 589 312 644 Erit
358 591 405 644 ei
458 604 649 643 nomen
680 587 935 658 Angelus,
1001 587 1093 643 sed
1144 605 1162 638 t
1198 588 1494 649 vocabitur,
1531 605 1548 638 ι
1658 592 1943 652 susceptus
2003 595 2105 639 est.
2137 583 2286 649 Quod
2320 585 2457 640 Deus
2492 583 2752 653 ﬂagitium
2782 600 2878 655 per
2905 583 3112 641 Nathan
3147 601 3229 639 ar-

74 684 190 746 idest,
228 681 301 749 qui
341 681 481 734 Deus
534 690 636 746 est,
675 679 741 746 is,
777 683 916 749 quod
949 678 1059 748 jam
1112 680 1239 733 olim
1273 679 1554 734 consilium
1658 676 1793 745 guit,
1832 689 1894 730 ac
1946 677 2118 746 palam
2181 675 2327 729 fecit.
2370 673 2552 744 Neque
2615 674 2865 746 equidem
2897 676 3011 732 luec
3045 675 3229 729 animo

73 777 180 841 repit,
207 774 414 842 Angelus
476 773 779 827 vocabitur.
826 771 965 839 Quin
1016 786 1080 826 ne
1129 772 1251 840 quis
1312 772 1366 827 id
1413 772 1475 826 de
1507 771 1553 824 vi
1659 765 1951 820 insuitandi
1983 764 2339 819 Dei-hominis
2385 765 2698 833 majoribus,
2739 765 2832 819 sed
2877 763 3230 834 reprimendae

76 867 234 932 quidam
279 865 584 931 incorporea
648 863 848 916 dictum
896 862 1341 932 tingeret,Dcum
1384 863 1556 915 nomi-
1657 860 2014 914 contumaciae
2082 867 2276 914 vestrze
2361 872 2541 922 causa,
2597 872 2625 912 a
2691 872 2774 912 me
2853 856 3227 925 proferuntur.

74 960 144 1004 ttat.
183 951 513 1020 paulatimque
565 953 707 1020 quod
759 953 1049 1006 obscurum
1103 961 1221 1004 erat
1278 949 1332 1004 in
1383 949 1554 1006 lucem
1665 969 1685 1003 ε
1738 950 1957 1007 Orietur
2007 951 2058 1005 in
2118 951 2304 1006 diebus
2362 949 2480 1019 ejus
2524 948 2759 1018 justitia,
2792 958 2845 1004 et
2900 949 3231 1003 abundantia

68 1042 286 1106 proierens,
337 1042 453 1096 ait:
491 1059 511 1094 t
577 1041 776 1108 Fertis,
832 1041 1050 1109 Potens,
1078 1030 1337 1112 Princeps
1383 1042 1553 1112 pacis,
1657 1043 1827 1115 pacis,
1864 1043 2035 1099 donec
2060 1043 2334 1097 auferatur
2370 1042 2489 1095 luna
2526 1041 2591 1095 “.
2633 1058 2652 1091 ι
2688 1040 2779 1095 Ille
2803 1057 2906 1093 non
2940 1042 3116 1104 modo,
3171 1054 3234 1094 ut

68 1133 332 1188 Pateriuturi
363 1134 547 1190 saeculi
577 1135 644 1190 θ’.
689 1153 706 1186 ι
1658 1136 1932 1190 hominem
1986 1149 2081 1204 par
2134 1143 2236 1202 est,
2284 1133 2521 1201 dilapsus
2547 1141 2660 1198 est;
2711 1133 2803 1186 sed
2854 1147 2917 1188 eo
2978 1144 3234 1201 regnante

584 1268 813 1326 CAPUT
847 1268 954 1325 vn.
1656 1228 1829 1282 caedes
1863 1242 1965 1282 non
2025 1239 2228 1296 paucae,
2264 1234 2317 1280 et
2341 1223 2698 1326 captititates,
2737 1223 2925 1325 quales
2951 1237 3230 1326 nunquam

939 1310 954 1325 ’
1658 1327 1812 1385 ante,
1880 1327 2182 1372 consecutae
2216 1323 2382 1372 'sunt.
2429 1335 2446 1367 t
2501 1313 2562 1368 Et
2617 1314 2985 1369 dominabitur
3021 1329 3050 1367 a
3088 1314 3227 1368 mari

334 1385 419 1439 Ea:
453 1384 680 1439 Psalmis
709 1385 845 1439 idem
888 1386 1199 1440 ostenditur.
1657 1424 1828 1478 usque

1739 1424 1828 1478 lue
1885 1411 1952 1463 ad
2006 1423 2189 1475 mare;
2221 1417 2274 1463 et
2327 1425 2356 1462 a
2388 1407 2607 1462 ﬂumine
2660 1405 2932 1476 Euphrate
2969 1421 3135 1476 usque
3167 1409 3235 1461 ad

107 1499 276 1554 Davidis
303 1514 513 1568 quoque
571 1499 684 1553 haec
712 1498 981 1554 sententia
1004 1508 1124 1554 est:
1161 1517 1180 1552 t
1220 1500 1361 1554 Ante
1388 1498 1554 1556 solem
1661 1501 1921 1556 terminos
1969 1501 2116 1557 orbis
2176 1510 2462 1555 terrarum.
2512 1499 2705 1554 Coram
2786 1499 2875 1553 illo
2959 1499 3240 1568 procident

62 1603 266 1658 permanet
286 1608 478 1647 nomen
507 1590 622 1659 ejus
650 1591 716 1648 “.
755 1609 776 1644 ι

1740 1593 1943 1662 thiopes
1973 1593 2039 1645 ⁸⁷.
2073 1611 2091 1644 ι
2143 1591 2237 1648 llle
2262 1592 2429 1647 solius
2455 1590 2661 1661 paterni
2689 1590 2840 1660 regni
2873 1600 3087 1659 sceptra
3117 1605 3236 1644 mo-

100 1684 450 1754 Jun.lniqttum
502 1685 660 1740 nobis
715 1683 927 1742 videtur
954 1700 1072 1741 eam
1113 1684 1437 1742 sententiam
1470 1699 1556 1740 re-
1589 1751 1616 1754 _
1659 1684 1879 1735 deratus
1923 1689 2038 1747 est;
2095 1679 2146 1734 id
2207 1679 2348 1749 quod
2415 1682 2594 1734 sciunt
2645 1695 2856 1746 omnes,
2898 1680 2989 1749 qui
3019 1678 3236 1735 «ἰαύειῑοί

62 1779 142 1832 [επὶ
171 1780 225 1832 ad
253 1751 544 1835 Christum.
588 1779 828 1834 Dicimus
861 1778 1059 1850 quippe
1103 1779 1555 1849 septuagesimum
1589 1751 1630 1806 Β
1661 1773 1871 1844 imperii
1940 1774 2322 1828 meminerunt.
2385 1792 2403 1824 t
2471 1773 2535 1826 Et
2584 1773 2787 1828 inimici
2851 1773 2970 1845 ejus
3033 1781 3235 1828 terram

62 1871 221 1924 trimum
271 1872 531 1940 psalmum
585 1869 655 1925 de
700 1884 799 1926 suo
844 1869 953 1925 (ilio
986 1869 1238 1925 Davidem
1269 1871 1554 1925 cecinisse.
1661 1866 1953 1937 lingent“.
1991 1884 2010 1919 ι
2047 1866 2195 1922 lllius
2246 1869 2426 1923 hostes
2449 1867 2583 1921 adeo
2630 1867 2903 1935 pulverem
2929 1882 3034 1923 non
3066 1867 3238 1924 linxe—

62 1963 177 2028 Quare
226 1964 406 2020 omitte
463 1965 577 2034 |hoc
638 1963 947 2020 testimonio
993 1964 1145 2019 abuti
1199 1971 1252 2021 et
1287 1963 1355 2019 ad
1395 1963 1557 2019 alium

1741 1968 1808 2025 at,
1843 1969 1900 2012 ut
1927 1959 2088 2013 etiam
2112 1958 2419 2025 Jeroboam,
2440 1958 2556 2028 ejus
2586 1973 2798 2023 servus.
2826 1976 3047 2032 regnum
3075 1963 3142 2015 ab
3173 1975 3237 2015 eo

67 2055 174 2109 ωηιιί
198 2057 529 2124 prophetam.
1661 2057 1931 2117 avertens,
1957 2049 2083 2104 illud
2112 2050 2213 2105 sibi
2241 2051 2516 2120 usurparit
2545 2058 2597 2105 et
2651 2054 2949 2123 occuparit.
3006 2071 3024 2106 t
3066 2053 3238 2124 Reges

93 2146 274 2202 Cusisr.
327 2147 497 2203 Deum
548 2147 942 2203 immortalem!
984 2147 1176 2204 Verum
1223 2148 1377 2206 Vatis
1401 2158 1564 2221 atque
1660 2141 1886 2197 Tharsis
1918 2152 1970 2196 et
1998 2143 2185 2199 insulae
2224 2157 2448 2198 munera
2477 2141 2743 2199 offerent:
2805 2158 2958 2214 reges
2997 2145 3234 2200 Arabum

62 2238 158 2309 iegis
211 2240 389 2304 Deum,
448 2251 652 2308 testor;
695 2241 858 2307 absit,
902 2251 962 2296 ut
991 2257 1077 2296 me
1098 2241 1162 2297 ad
1191 2242 1349 2297 aliam
1383 2243 1545 2313 dispu-
1665 2243 1720 2290 et
1746 2233 1886 2290 Saba
1922 2234 2063 2289 dona
2096 2234 2367 2290 adducent
2403 2235 2467 2289 ⁸³.
2515 2253 2532 2287 ι
2571 2237 2676 2289 Aut
2712 2249 2886 2305 reges,
2947 2235 2992 2289 si
3039 2235 3235 2305 placet,

62 2333 240 2386 itionem
288 2333 590 2401 conferam,
637 2333 743 2388 nisi
805 2333 1014 2402 psalmo
1061 2334 1207 2390 omni
1259 2336 1558 2405 pervoluto,

1745 2322 1758 2376 i
1787 2323 1916 2385 sint,
1946 2322 2108 2389 edite,
2127 2334 2180 2378 et
2203 2323 2340 2379 dona
2362 2323 2655 2394 profertote
2698 2324 3027 2396 (quanquam
3075 2327 3235 2380 etiam

62 2424 266 2479 nitentia:
311 2425 433 2495 ejus
475 2425 941 2480 conﬁrmationem
985 2426 1342 2482 certissimam
1375 2427 1510 2497 dabo
1544 2428 1558 2482 ι

1741 2432 1757 2469 ι
1813 2417 2148 2487 multumque
2203 2420 2432 2489 agendo,
2499 2428 2679 2474 actum
2707 2420 2939 2490 agetis);
2971 2429 3063 2474 aut
3094 2420 3237 2489 quod

62 2514 165 2568 iubis
181 2517 386 2585 quidem
411 2517 634 2572 dubium
685 2532 792 2572 non
839 2527 940 2585 est,
975 2521 1104 2589 quin
1145 2519 1260 2574 hggc
1288 2536 1302 2574 ε
1334 2537 1354 2572 ι
1387 2519 1560 2586 Deus.
1666 2509 1912 2579 sequitur
1956 2529 1970 2565 :
2010 2527 2028 2561 I
2068 2510 2135 2566 Ει
2186 2513 2486 2566 adorabunt
2534 2527 2656 2567 eum
2720 2527 2912 2569 omnes
2954 2530 3107 2586 reges
3138 2526 3245 2571 ter-

62 2607 241 2661 udicium
295 2618 451 2662 tuum
520 2607 652 2678 Regi
699 2607 785 2672 da,
835 2617 891 2663 et
940 2607 1207 2678 justitiam
1261 2615 1406 2662 tuam
1455 2608 1565 2664 tilio
1666 2617 1741 2657 rte
1772 2602 1888 2666 ".t
1921 2613 2280 2659 commentum
2313 2620 2499 2660 amens
2527 2617 2798 2677 arguelzt
2837 2607 3242 2687 Diuus-agentes

62 2703 156 2767 legis
183 2700 464 2770 :jndicare
515 2700 768 2770 populum
827 2708 977 2756 tuum
1020 2702 1072 2757 in
1101 2700 1310 2770 jnstitia
1346 2709 1401 2756 et
1431 2716 1564 2772 pau-
1667 2692 1904 2748 servient
1937 2693 1988 2747 ei
2027 2693 2096 2749 ".
2136 2711 2155 2745 ι
2193 2693 2270 2748 “li
2315 2695 2450 2759 adeo
2490 2713 2594 2755 non
2636 2702 2957 2769 servierunt,
3006 2715 3064 2760 ut
3092 2716 3240 2776 post-

63 2807 155 2845 eres
209 2803 323 2848 tuos
374 2794 431 2848 in
475 2793 701 2863 judicio.
757 2793 1068 2862 Suscipiant
1130 2805 1340 2850 montes
1377 2810 1564 2866 pacem
1666 2798 1830 2854 quam
1862 2787 2024 2842 νθιίίτί
2060 2787 2272 2860 ῙοΒΫὺαθ
2305 2791 2356 2845 in
2387 2791 2553 2847 Deum
2589 2795 2828 2862 θάηδὶδίιν
2878 2796 3068 2869 πῶϋ
3114 2797 3240 2853 fana

62 2884 203 2950 opttln,
260 2894 316 2940 et
378 2885 548 2940 colles
601 2883 893 2955 justitiam.
964 2883 1236 2940 iudicabit
1304 2900 1566 2957 pauperes
1666 2882 1949 2952 excitavit,
1984 2886 2132 2941 Adad
2167 2883 2453 2953 ltlnmaeus,
2485 2899 2540 2944 et
2571 2888 2756 2946 Rakon
2807 2891 3048 2947 Damasci
3081 2907 3245 2963 regu-

62 2977 196 3043 lipuli,
246 2986 299 3031 et
365 2977 552 3033 salvos
580 2976 742 3032 faciet
772 2976 909 3032 ﬁlios
952 2991 1268 3047 pauperum,
1304 2986 1360 3033 et
1383 2978 1563 3033 humi-
1668 2973 1752 3030 lus
1778 2975 1849 3030 ab
1888 2991 1953 3031 co
1973 2976 2306 3034 defecerint:
2341 2987 2665 3051 tantumque
2683 2981 2836 3037 abest
2864 2989 2924 3037 ut
2950 2997 3073 3036 eum
3110 2999 3244 3054 gen-

62 3069 602 3126 abitcalnmniatorem
635 3069 680 3100 “
713 3085 732 3138 ;
771 3087 791 3122 ι
840 3070 975 3136 haec,
1011 3069 1251 3139 inquam,
1286 3070 1470 3126 omnia
1498 3069 1564 3125 ad
1593 3092 1640 3158 ο
1670 3074 1752 3123 tes
1809 3066 2093 3136 coluerint,
2148 3078 2208 3125 ut
2272 3072 2338 3126 de
2371 3083 2595 3142 paterno
2626 3089 2727 3129 suo
2759 3088 2923 3144 regno
2953 3074 3130 3130 adhuc
3154 3090 3247 3130 su-

62 3161 255 3218 lnistum
318 3163 456 3234 quin
514 3172 779 3233 spectent,
837 3162 993 3219 nobis
1045 3162 1267 3220 dubium
1312 3173 1562 3230 nonest;
1666 3165 1878 3228 perstes
1920 3175 1948 3213 a
2005 3160 2112 3218 Deo
2167 3164 2418 3229 audierit,
2458 3173 2670 3235 ruptum
2721 3165 3099 3236 revulsttmque
3127 3168 3245 3237 ejus

62 3269 117 3306 ne
165 3271 252 3311 vos
317 3255 665 3326 detorquetis
721 3264 775 3311 et
834 3257 1164 3326 pervertitis,
1195 3256 1294 3311 rati
1316 3257 1381 3312 de
1409 3257 1564 3313 Salo-
1667 3265 1910 3321 regnum,
1973 3270 2151 3321 servo,
2202 3272 2307 3313 non
2368 3258 2477 3314 ﬁlio
2519 3256 2831 3312 donandum
2880 3259 2947 3312 τί.
3011 3259 3087 3313 De
3138 3274 3244 3328 quo

62 3362 150 3404 mue
181 3350 317 3418 ilict;
346 3373 350 3375 λ
381 3365 505 3415 nec,
533 3350 660 3404 dum
683 3351 968 3405 veritatem
1001 3349 1215 3417 laeditis,
1245 3366 1343 3406 vos
1373 3351 1567 3408 laedere
1667 3343 1835 3416 igitur
1854 3348 2164 3416 psalmodus
2189 3351 2455 3420 psalmum
2478 3350 2690 3405 edidit?
2741 3366 2860 3422 quae
2909 3350 3052 3415 enim
3097 3351 3242 3407 dixi-

62 3440 318 3496 tbitrautini
348 3460 364 3509 ;
399 3454 486 3499 est
525 3443 692 3509 enim,
730 3443 976 3513 quisquis
1007 3443 1241 3510 laeditur,
1271 3444 1336 3498 ad
1373 3443 1562 3499 defen-
1669 3455 1793 3494 ntus
1837 3440 2178 3497 Salomonem
2209 3444 2364 3512 plane
2401 3443 2686 3514 repellunt.

65 3546 185 3584 ouem
244 3545 553 3603 promptus.
601 3536 780 3604 Atque
807 3550 906 3605 ego
950 3535 1102 3592 vobis
1133 3536 1263 3590 nihil
1300 3537 1568 3605 superbis
1738 3531 1861 3590 Jun.
1891 3534 2042 3601 Quod
2072 3534 2124 3589 in
2158 3534 2499 3591 Salomonem
2534 3536 2734 3606 scripta
2784 3551 2886 3594 non
2916 3537 3045 3603 sint,
3077 3539 3245 3608 probe

62 3622 344 3685 =spundebo,
407 3621 504 3676 sed
557 3622 672 3692 ipse
726 3623 916 3692 psalmi
958 3633 1146 3679 auctor
1191 3624 1381 3689 David.
1411 3630 1568 3695 cujus
1665 3623 1776 3693 jam
1803 3633 1857 3680 et
1890 3625 2166 3694 explorate
2203 3635 2493 3695 tenemus;
2555 3628 2608 3683 in
2640 3643 2799 3699 quem
2841 3630 3024 3695 alium,
3066 3633 3246 3687 nesci-

62 3710 177 3761 Emittl
215 3712 522 3777 pruinissus
574 3711 841 3779 Christus,
908 3716 1020 3786 lyra
1090 3716 1325 3786 Spiritus
1358 3720 1566 3785 sancti,
1669 3731 1810 3770 mus.

62 3800 139 3854 ibis
188 3816 246 3858 os
283 3803 592 3868 obturans,
643 3804 724 3860 sic
751 3820 915 3875 porro
969 3807 1233 3876 psalmum
1283 3818 1570 3879 pertexcns
1674 3828 1676 3830 ·
1739 3807 1967 3862 Cunts'r.
2024 3807 2271 3880 Utrique,
2308 3811 2354 3867 si
2391 3812 2623 3881 videtur,
2655 3813 2911 3873 Davidem
2958 3832 3243 3891 perconte-

62 3893 214 3949 :ribit:
252 3914 269 3947 t
310 3895 380 3949 Et
437 3899 778 3965 permanebit
828 3913 951 3954 cum
985 3899 1109 3956 Sole
1141 3899 1209 3954 “.
1242 3919 1261 3953 ι
1303 3901 1441 3956 Num
1467 3899 1567 3956 Sa-
1670 3913 1813 3955 mur.
2216 3910 2224 3922 '

67 3999 162 4038 mon
216 3989 382 4059 igitur
407 3988 598 4044 tandiu
653 3989 899 4056 duravit,
933 3993 1165 4061 quandiu
1191 3990 1318 4047 Sol?
1350 4002 1406 4048 et
1434 4010 1569 4063 quo-
1741 3989 1866 4048 Jun.
1917 3993 2197 4060 Davidcm,
2258 4003 2334 4050 tot
2397 4011 2566 4053 annos
2595 3998 2708 4068 iam
2767 4009 3034 4059 mortuum
3078 4004 3241 4061 hodie

69 4079 184 4131 adu?
227 4082 322 4150 qni
397 4096 500 4136 nec
553 4090 759 4150 patrem
810 4083 969 4138 annis
995 4084 1146 4154 regni
1183 4087 1476 4155 superavit.
1501 4086 1567 4141 Et
1671 4084 2035 4152 respondere?
2322 4075 2326 4078 ’
3247 4078 3250 4082 ’

62 4169 200 4226 avidis
244 4175 355 4227 alio
387 4174 599 4243 psalmo
655 4175 769 4228 haec
797 4183 923 4228 sunt
950 4176 1110 4230 verba
1147 4194 1162 4231 :
1195 4193 1214 4228 t
1246 4177 1372 4231 Dies
1401 4193 1567 4233 anno-
1739 4174 1965 4233 Cuntsr.
2007 4177 2372 4249 Respondebit
2402 4196 2555 4248 sane,
2609 4185 2744 4241 mihi
2788 4188 3011 4255 credite,
3048 4191 3091 4246 si
3122 4203 3242 4247 stu-

62 4275 114 4311 nn
147 4274 465 4318 nostrorum
500 4263 554 4318 in
607 4264 735 4332 ipsis
756 4267 1091 4336 septuaginta
1119 4267 1275 4332 anni;
1307 4268 1351 4323 si
1386 4278 1564 4324 autem
1668 4268 1816 4327 diose
1847 4288 2178 4342 qumramus.
2227 4276 2373 4334 Cedo
2419 4277 2607 4344 David,
2639 4282 2760 4351 quis
2790 4282 2879 4338 hic
2909 4291 3010 4348 est,
3042 4285 3108 4339 de
3135 4301 3242 4353 quo

107 4357 475 4420 potentatibns
520 4357 797 4425 octoginta
850 4359 999 4423 anni,
1029 4367 1085 4413 et
1129 4360 1356 4429 amplius
1379 4377 1562 4416 eorum
1667 4361 1930 4419 dixistiu
1959 4363 2378 4434 Etperntanebit
2396 4371 2716 4428 cumsoleet
2755 4384 2882 4430 ante
2920 4375 3100 4430 lunam
3124 4378 3192 4434 ⁷³.
3220 4398 3238 4428 ο

62 4443 134 4496 l=or
155 4456 202 4499 et
231 4449 390 4502 dolor
417 4447 486 4501 “.
523 4466 542 4499 ι
575 4446 752 4513 Quare
785 4459 960 4519 potest
984 4451 1146 4504 etiam
1179 4451 1361 4521 plures
1397 4469 1566 4509 annos
1592 4443 1644 4502 D
1673 4451 1734 4504 Et
1763 4453 1892 4507 illud
1932 4471 1945 4507 :
1979 4471 1998 4505 t
2025 4440 2180 4510 'Ante
2239 4456 2405 4513 solem
2431 4473 2707 4528 permanet
2740 4477 2937 4518 nomen
2960 4464 3078 4533 ejus
3113 4465 3179 4532 ⁷⁸,
3218 4486 3236 4517 ι

65 4536 118 4586 si.
147 4535 367 4605 Videtis,
400 4551 457 4593 ut
491 4539 658 4595 David
693 4541 858 4595 ﬁlium
899 4545 966 4598 ab
1007 4543 1108 4598 hoc
1139 4552 1325 4600 nostro
1356 4547 1565 4614 psalmo
1666 4555 1970 4614 (:teteraque
1998 4562 2118 4616 qua:
2155 4561 2219 4602 eo
2253 4549 2458 4618 psalmo
2485 4551 2772 4607 cecinisti?
2806 4555 2936 4620 Quis
2981 4555 3242 4614 Dominus

69 4630 292 4682 “torreat?
362 4629 503 4684 Nam
537 4630 581 4684 si
638 4629 943 4686 Salomonis
1005 4632 1112 4684 vita
1150 4632 1217 4686 ad
1297 4636 1566 4704 octoginta
1667 4633 2031 4692 lsraelitarutn
2063 4638 2204 4692 Deus
2256 4640 2662 4707 praedicandus?
2693 4662 2710 4696 t
2748 4643 3065 4700 Benedictus
3094 4648 3241 4701 enim

64 4733 156 4771 inus
201 4736 304 4776 non
365 4721 619 4790 pervenit
676 4722 815 4792 (id),
851 4723 942 4791 qui
983 4723 1220 4790 tandem,
1251 4735 1305 4780 et
1331 4727 1564 4796 quandiu
1673 4725 1930 4783 Dominus
1973 4729 2115 4783 Deus
2147 4727 2313 4785 lsracl
2361 4749 2375 4786 :
2417 4740 2470 4786 et
2511 4733 2849 4788 benedictum
2901 4750 3093 4790 nomen
3126 4752 3242 4790 ma-

62 4808 161 4870 εδει
185 4828 292 4879 pne
317 4812 449 4866 luna
479 4811 744 4866 durabit?
777 4813 1107 4885 Nequevero
1131 4816 1182 4871 id
1212 4818 1385 4873 obiter
1404 4819 1564 4884 dixit,
1664 4819 1877 4888 jcstatis
1937 4821 2050 4888 ejus
2078 4823 2129 4877 in
2173 4833 2462 4889 aeternum,
2497 4834 2549 4880 et
2613 4825 2904 4896 replebitur
2961 4827 3243 4897 majestate

62 4901 90 4950 -.l
114 4906 307 4961 addidit
337 4925 353 4960 :
379 4924 400 4958 ι
433 4905 487 4960 in
519 4907 924 4977 generationem
958 4918 1012 4964 et
1061 4912 1504 4980 generationem;
1539 4932 1556 4965 ι
1671 4911 1788 4981 ejus
1819 4914 1995 4967 omnis
2033 4923 2200 4978 terra,
2236 4915 2350 4982 ﬁat,
2383 4917 2477 4970 fiat
2508 4919 2575 4972 ⁷⁸.
2630 4936 2649 4970 ι

62 4996 220 5052 iiornou
276 5011 471 5054 autem
493 4999 684 5056 mediis
739 5002 1070 5072 temporibus
1105 5004 1172 5057 ab
1195 5004 1324 5058 orbe
1351 5007 1566 5062 condito
1741 5004 1877 5070 Quid
1941 5006 2138 5075 igitur?
2180 5005 2304 5062 Haec
2373 5008 2664 5077 sufﬁciunt,
2713 5027 2777 5066 an
2807 5021 2861 5068 et
2898 5012 3044 5082 plura
3075 5013 3240 5068 adde-

62 5093 138 5139 ttus
186 5100 310 5145 est:
360 5109 381 5141 ι
433 5089 738 5146 Descendet
792 5091 931 5146 sicut
982 5091 1159 5163 pluvia
1197 5093 1249 5147 in
1291 5094 1482 5161 vellus,
1510 5105 1565 5151 et
1673 5097 1841 5153 mus?
1891 5098 2088 5155 Audite
2138 5100 2402 5156 dicentem
2462 5103 2653 5158 Isaiam
2683 5120 2699 5159 :
2730 5123 2749 5158 ς
2811 5105 2944 5173 Quis
2994 5121 3061 5161 ex
3090 5104 3239 5159 vobis

83 5316 117 5345 ﬂ
145 5317 260 5404 133.;
281 5321 446 5404 926'
471 5389 500 5404 -
522 5321 582 5404 ’ξ
597 5318 1075 5404 ΡδΫΡᾸῧΡεηΠκη
1106 5323 1172 5404 ῘΪ
1201 5322 1361 5404 “2"!-
1393 5340 1565 5404 Em}-

1739 5345 1852 5404 qq:
1899 5332 1943 5404 δέ
1998 5332 2129 5387 ibid.
2160 5333 2213 5388 5.
2303 5332 2348 5364 “
2379 5334 2517 5391 Psal.
2558 5349 2754 5391 Lxxxtx
2789 5377 2802 5400 ,
2851 5334 2938 5388 l0.
3013 5332 3057 5365 ⁸⁵
3093 5332 3235 5389 Psal.

62 5392 607 5477 t§_t6..“ibid.~7,§.
668 5392 956 5477 tif-iurans.
1011 5393 1320 5477 _f"_i_bitl._9n.
1392 5397 1435 5430 ου
1498 5399 1558 5452 ibi

1740 5392 1859 5440 δ’το
1917 5403 2050 5459 ibid.
2102 5404 2188 5460 tt.
2257 5405 2298 5436 τι
2351 5404 2479 5462 ibid.
2559 5409 2603 5440 τι
2653 5407 2693 5461 n
2729 5392 2860 5477 n'g.
2890 5421 2949 5472 ιι,
2997 5407 3048 5461 t.
3081 5420 3236 5476 seqq.

79 5459 192 5513 l’sal.
232 5478 388 5526 LXXI,
431 5464 484 5517 5.
563 5466 612 5496 ⁷⁵
683 5463 816 5518 ibid.
851 5463 933 5519 l7.
1011 5464 1055 5495 "
1087 5465 1217 5519 ibid.
1257 5466 1342 5521 18.

77 5684 447 5760 αξηυηὶεῃῑ.
507 5691 558 5741 in
585 5687 824 5743 Natalem
849 5689 975 5745 etS.
1021 5688 1246 5745 Pascha.
1669 5693 1943 5760 genarittm
2024 5707 2293 5752 mortuum
2347 5695 2690 5754 Salomonetn
2757 5702 2991 5758 ostendit
3043 5701 3081 5757 1.
3143 5715 3236 5757 Vm

73 5757 158 5826 (tl)
185 5761 293 5816 luto
344 5759 620 5828 Iosephus
646 5775 747 5812 non
777 5765 1200 5829 octogenarium,
1251 5764 1341 5818 scd
1375 5779 1544 5817 nona-
1662 5757 1838 5834 Antig.
1871 5779 1920 5818 c.
1951 5765 2004 5820 5.

364 5859 653 5918 ΡΔτιῑοιε
671 5857 770 5918 Gn
828 5857 1141 5922 CXXXI”.

2765 5865 2839 5927 ‘26
