3788 6196
525 269 626 338 811

1732 264 2110 328 ΑΝΒΒΟΝΙ(

2224 268 2408 331 IOMN
2423 271 2550 332 ENl
3649 286 3723 348 ετξ

528 385 731 440 timens
785 379 1096 447 Dominum,
1150 377 1330 433 audiet
1361 389 1545 431 vocem
1570 374 1715 457 servi
1747 377 1826 430 sui
1863 376 1954 429 "i
1984 395 2002 428 ι
2039 377 2101 430 Et
2132 392 2174 448 Α
2205 380 2460 449 prehendi
2497 395 2652 449 posse
2688 367 2948 449 prresciit,
3012 386 3225 458 singula
3258 388 3460 445 detexit
3489 408 3626 462 :quu:
3651 415 3721 450 [tun

515 478 813 550 Sapientia
849 495 862 532 :
906 496 925 530 ι
962 476 1095 530 Cum
1134 489 1308 528 meum
1341 471 1532 525 Filium
1554 484 1660 525 non
1686 471 1976 533 audierint,
2011 486 2111 539 ego

528 583 742 642 quoque
796 583 889 625 eos
921 582 1024 622 non
1058 566 1363 629 exaudiam,
1399 563 1530 619 dicit
1579 561 1835 617 Dominus
1861 564 2113 633 omnipo-

531 676 645 718 tens
681 663 749 716 ".
788 679 805 712 ι
835 657 904 716 Et
961 659 1122 725 Osee,
1150 676 1211 713 ex
1263 674 1492 726 persona
1526 657 1616 712 Dei
1654 675 1668 712 :
1707 676 1725 710 ε
1771 658 1849 712 Ex
1879 656 2112 728 Jugypto

534 755 717 808 vocavi
752 754 914 807 filium
955 767 1130 806 meum
1164 754 1280 822 ⁷⁸].»
1309 759 1373 806 Et
1407 751 1591 813 David,
1621 770 1639 802 ι
1681 750 1824 804 Dixit
1854 749 2113 805 Dominus

528 847 759 902 Domino
788 861 908 900 meo
930 848 995 900 ⁷⁸.
1033 864 1051 897 ι
1093 845 1164 899 De
1196 847 1297 900 hoc
1326 845 1489 913 igitur
1519 844 1648 913 quid
1683 844 1954 898 censetis?
1981 843 2114 911 Quis

530 939 667 994 alius
703 938 962 992 Dominus
991 935 1216 992 Domino
1247 938 1414 992 dixit?
1442 947 1533 990 aut
1564 937 1648 992 cui
1685 937 1838 990 alteri
1867 936 2112 1001 Domino,

527 1049 691 1106 quam
718 1032 972 1088 Dominus
1020 1032 1158 1088 Detts
1187 1031 1365 1098 Pater,
1426 1032 1671 1098 Domino,
1727 1031 1782 1087 id
1815 1042 1919 1096 est,
1958 1031 2110 1102 ejus-

527 1129 648 1182 dem
704 1135 912 1179 natura:
958 1125 1071 1181 Deo
1093 1136 1149 1180 et
1181 1123 1362 1180 Filio?
1393 1125 1560 1180 Nemo
1610 1125 1752 1181 enim
1807 1125 1942 1180 alius
2008 1125 2115 1180 Deo

527 1229 586 1275 et
609 1220 752 1274 Patri
782 1221 973 1275 dexter
998 1221 1220 1285 assidet,
1256 1236 1418 1291 quam
1446 1220 1686 1291 ejusdem
1720 1231 1926 1274 naturae
1976 1218 2116 1274 Deus

531 1321 586 1366 et
611 1309 800 1367 Filius.
827 1309 981 1376 Quod
1017 1313 1356 1367 verissimum
1381 1326 1520 1378 esse,
1553 1311 1782 1382 accipite
1805 1326 1869 1367 ex
1895 1310 2114 1378 Davlde,

525 1403 607 1458 sic
671 1403 834 1474 paulo
871 1414 992 1472 post
1039 1405 1312 1460 scribente
1349 1422 1362 1459 :
1394 1423 1413 1457 ι
1443 1405 1519 1460 Ex
1553 1415 1711 1461 utero
1747 1414 1871 1460 ante
1897 1403 2116 1459 Lucife-

527 1510 652 1550 rum
677 1496 836 1565 genui
869 1507 921 1549 te
940 1496 1008 1552 ”.
1042 1515 1060 1548 ι
1093 1496 1202 1551 Cur
1222 1498 1364 1552 enim
1390 1513 1498 1553 non
1527 1515 1546 1548 ι
1584 1511 1652 1552 ex
1682 1504 1834 1554 utero
1863 1516 1882 1550 ι
1917 1500 2111 1564 solum,

528 1597 623 1642 aut
659 1606 677 1639 ι
706 1598 831 1643 aute
864 1586 1168 1644 Luciferum
1203 1607 1222 1641 ι
1259 1589 1437 1645 dixit?
1470 1589 1535 1646 Ut
1573 1590 1735 1644 unius
1771 1598 1975 1644 natura
1995 1602 2113 1643 cum

526 1683 690 1742 Putre
731 1683 925 1742 Filium
978 1686 1309 1743 ostenderet.
1363 1685 1498 1742 Nam
1538 1687 1682 1758 quod
1717 1702 1737 1737 ς
1792 1699 1857 1740 ex
1895 1691 2048 1740 utero
2088 1700 2106 1735 ι

2216 485 2458 542 possent,
2515 488 2577 526 ea
2626 473 2884 540 subjectis
2932 477 3032 532 sub
3085 495 3300 536 sensum
3359 486 3601 554 exemplis
3642 493 3718 557 qui-

2212 566 2438 620 busdam
2489 567 2749 622 ostendit.
2808 570 2984 639 Atque
3051 572 3180 628 huic
3245 587 3443 632 nostra:
3508 585 3714 635 sententia

2215 659 2585 715 testimonium
2613 661 2741 714 dicit
2788 659 3041 718 Salomon
3075 683 3091 719 :
3128 685 3147 717 ‹
3179 666 3332 734 Quod
3381 670 3424 723 si
3459 670 3719 728 virtutenet

2211 765 2374 820 Opera
2399 763 2774 806 creaturarum
2823 754 2999 809 mirati
3033 770 3175 823 sunt,
3208 773 3265 812 ιιι
3289 759 3422 817 deos
3462 767 3722 831 putaverint,

2218 842 2520 911 intelligant
2571 843 2642 899 ab
2673 846 2798 909 illis,
2823 849 3075 916 quoniam
3131 852 3221 920 qui
3273 854 3387 906 inec
3429 852 3725 922 fecit,fnrtior

2214 947 2295 991 est
2343 938 2447 992 illis
2517 939 2583 993 ".
2631 958 2648 991 ι
2697 937 2882 1010 itaque
2932 941 2975 996 si
3033 951 3086 994 et
3144 959 3237 998 vos
3285 961 3348 998 ex
3381 946 3447 998 iis
3469 963 3574 1013 quae
3601 961 3726 1001 creati

2217 1041 2364 1096 sunt,
2397 1041 2556 1099 atque
2609 1033 2689 1086 his
2726 1034 2828 1086 sub
2855 1049 3070 1087 sensum
3122 1034 3380 1104 subjectis
3418 1041 3567 1094 rebus
3593 1056 3728 1093 mauu-

2217 1123 2384 1187 ducti,
2433 1124 2524 1177 Dei
2584 1127 2987 1194 generationem
3046 1128 3253 1196 absque
3318 1131 3647 1198 perpessionc
3668 1135 3730 1185 ad-

2220 1216 2457 1279 mittitis,
2513 1216 2778 1286 planeque
2835 1219 3202 1282 confitemini;
3274 1236 3436 1290 quam
3499 1223 3617 1277 bella
3656 1225 3730 1278 hac

2217 1317 2397 1361 vestra
2460 1318 2542 1363 est
2567 1308 2876 1364 confessio?
2929 1309 3021 1363 Sin
3051 1311 3227 1364 adhuc
3286 1314 3557 1383 antiquum
3581 1314 3734 1368 obline-

2219 1400 2311 1464 tis,
2381 1400 2523 1470 phy!
2585 1400 2783 1457 foedam
2856 1414 3091 1457 vestram
3150 1409 3534 1474 arrogantiam,
3587 1422 3731 1477 quae:

2219 1491 2338 1546 aliis
2369 1492 2419 1546 in
2448 1493 2582 1548 alias
2605 1494 2930 1563 qumstiones
2953 1510 3016 1549 ac
3047 1495 3394 1554 defensiones
3419 1501 3731 1553 revolvemnr!

2221 1585 2375 1641 Unde
2401 1591 2624 1657 putatis,
2657 1589 2746 1644 lux
2770 1591 3028 1662 gignitur,
3060 1606 3178 1660 qua:
3231 1609 3452 1648 omnem
3484 1597 3556 1650 cis
3585 1598 3734 1650 ccelum

2219 1678 2407 1733 orbem
2435 1681 2714 1749 pervadit?

527 1779 626 1842 ait,
677 1777 815 1832 nihil
842 1776 1008 1844 aliud,
1066 1792 1228 1848 quam
1286 1787 1476 1832 natura
1533 1751 1847 1846 viribusque
1900 1789 2111 1847 parent,
2144 1751 2188 1812 Β
2285 1788 2506 1846 109,3;
2544 1791 2681 1847 δοιθ,

525 1882 689 1942 atque
728 1880 1014 1940 cognatum
1067 1872 1243 1940 palam
1287 1872 1485 1926 innuit.
1536 1868 1638 1937 Qui
1665 1885 1897 1940 namque
1938 1869 2112 1940 possit

525 1942 672 2018 aliud
724 1979 790 2017 ex
839 1971 993 2017 utero
1041 1961 1209 2032 gigni,
1254 1977 1416 2032 quam
1459 1962 1695 2032 gignenti
1742 1970 2028 2032 cognatum
2057 1970 2114 2018 et

524 2055 915 2112 consentiens?
969 2054 1122 2121 Quod
1184 2072 1204 2106 ε
1253 2063 1386 2127 ante
1427 2053 1758 2122 Luciferum,
1814 2073 1833 2106 ι
1891 2069 2112 2125 compe-

521 2162 770 2217 reuuem,
835 2155 1114 2218 expertem
1140 2161 1289 2220 aeque
1335 2147 1608 2219 principii,
1641 2157 1695 2202 et
1713 2148 1810 2202 :evi
1838 2155 2112 2202 auctorem

531 2239 729 2298 Filium
765 2239 1035 2314 designat.

587 2332 714 2391 Jun.
746 2333 913 2390 Deum
941 2334 1338 2391 immortalem!
1373 2335 1447 2390 ita
1481 2349 1582 2391 nos
1618 2335 1872 2401 obruisti,
1913 2342 1970 2389 ut
1990 2349 2113 2406 quae

523 2426 734 2494 dixisti,
785 2428 944 2485 facile
1029 2429 1166 2484 satis
1213 2429 1345 2493 sint,
1398 2443 1496 2483 nec
1555 2427 1638 2482 vel
1686 2428 1969 2484 minimum
2011 2429 2106 2494 sit,

524 2521 667 2588 quod
710 2528 897 2574 contra
969 2519 1234 2576 dicamus.
1287 2518 1395 2574 Sed
1453 2517 1641 2590 religio
1689 2527 1775 2574 est
1824 2519 2004 2585 nobis,
2029 2519 2111 2575 vel

519 2617 762 2684 cogitare
788 2613 958 2668 Deum
987 2613 1248 2684 genitum.
1278 2611 1512 2682 Gignere
1533 2612 1678 2669 enim
1707 2611 2111 2683 perpessionem

522 2719 710 2773 notat;
756 2709 920 2766 Deum
981 2725 1112 2766 vero
1164 2725 1355 2766 omnes
1388 2723 1498 2764 uno
1554 2721 1650 2764 ore
1677 2714 1832 2762 vates
1891 2706 2112 2776 impati-

521 2802 686 2859 bilem
728 2813 786 2860 et
815 2805 1183 2874 incorruptum
1222 2803 1539 2879 praedicant.

592 2919 823 2977 CHRIS’I.
875 2920 995 2976 Jam
1054 2935 1149 2978 vos
1180 2919 1490 2991 Scripturas
1515 2919 1653 2990 iussi
1714 2919 2112 2985 scrutari;nec

525 3013 668 3085 quod
705 3013 758 3066 in
791 3011 967 3084 littera
992 3019 1079 3068 est
1128 3023 1370 3068 crassum
1428 3020 1590 3080 atque
1627 3009 1840 3080 pingue,
1875 3009 2108 3077 intueri;

2285 1885 2514 1942 Cnms'r.
2592 1888 2657 1942 Et
2698 1888 2954 1961 aliquaue
3009 1890 3150 1947 inter
3195 1894 3364 1950 solem
3404 1909 3559 1967 atque
3607 1895 3761 1954 lucem‘

2212 1981 2488 2048 perpessio
2541 1981 2783 2049 interest,
2813 1997 2932 2037 cum
2963 1995 2991 2036 a
3023 1986 3132 2038 soie
3161 1985 3246 2040 lux
3270 1989 3520 2044 emanat?

2281 2069 2404 2127 luo.
2443 2071 2683 2131 Minime.

2282 2165 2508 2222 Cumsr.
2545 2167 2686 2232 Quid
2716 2183 2844 2225 vero
2903 2168 3108 2241 radius,
3141 2177 3282 2231 unde
3317 2175 3556 2243 creditis,
3577 2174 3739 2230 oritur?

2281 2256 2406 2314 luo.
2440 2257 2482 2312 E
2519 2260 2631 2315 sole
2661 2262 2842 2318 itidem
2872 2280 2968 2334 per
2997 2267 3196 2324 lucem.

2280 2349 2506 2408 Cuuts'r.
2542 2353 2695 2408 Radii
2733 2370 2897 2424 porro
2921 2359 2988 2415 ab
3018 2361 3131 2416 sole
3154 2360 3485 2420 cﬂluentiam
3505 2365 3625 2420 citra
3650 2379 3738 2432 per-

2211 2443 2513 2512 pessionem
2546 2444 2657 2500 fieri
2679 2448 3052 2506 conﬁtemini?

2285 2534 2405 2592 Jun.
2442 2537 2584 2594 Sane
2619 2540 2689 2594 ita
2723 2557 2835 2597 rem
2868 2546 3066 2601 habere
3083 2549 3431 2608 conﬁtemur.

2289 2628 2516 2688 Cuntsx.
2579 2633 2845 2698 Quoniam
2902 2639 2981 2692 sic
3037 2640 3236 2697 habere
3290 2643 3628 2712 conﬁtemini,
3671 2645 3761 2712 ad-i

2212 2723 2370 2779 datur
2391 2735 2445 2780 et
2473 2725 2699 2795 alterum
2727 2731 3038 2800 exemplum
3085 2733 3208 2790 hoc.
3239 2734 3396 2792 Mens
3417 2738 3740 2808 cogitationem

2210 2817 2399 2887 gignit,
2456 2833 2560 2888 qua
2606 2821 2787 2890 genita
2841 2837 2935 2891 per
2993 2825 3338 2883 articulatam
3404 2807 3582 2885 vocem
3616 2807 3761 2885 aeusai

2210 2910 2384 2978 palam
2441 2909 2588 2965 facit.
2628 2909 2722 2966 Est
2751 2924 2931 2968 autem
2963 2915 3283 2986 impatibilis
3325 2929 3381 2975 et
3410 2935 3576 2986 mens,
3606 2931 3650 2976 et
3677 2895 3761 2973 (ολ

2211 3000 2419 3070 gitatio,
2469 3014 2522 3056 et
2540 3017 2676 3070 vox;
2703 3010 3050 3074 quantumvis
3096 3022 3248 3067 actus
3275 3028 3370 3069 aer
3394 3029 3493 3071 vox
3523 3014 3707 3071 efﬁcitur
3728 2985 3761 3065 :1

522 3106 619 3162 sed
649 3097 810 3160 dum,
840 3114 1024 3158 νειυιη
1057 3112 1113 3161 ει
1161 3105 1395 3161 obscura
1452 3104 1594 3158 diem
1655 3111 1912 3173 tanquam
1945 3117 2106 3157 manu
2137 3109 2178 3168 ο
2213 3107 2313 3147 vox
2368 3093 2538 3148 animi
2571 3098 2707 3151 scita
2765 3098 2816 3152 iu
2857 3099 3030 3157 lucem
3059 3103 3287 3172 profert.
3326 3108 3503 3177 Atque
3539 3108 3584 3165 id
3611 3107 3741 3163 veris-

522 3209 743 3269 capere,
800 3198 1094 3265 omniaque
1139 3196 1206 3251 ad
1230 3195 1395 3252 Deum
1445 3194 1674 3251 referre.
1699 3193 1889 3264 itaque
1922 3193 2101 3265 legite,

524 3297 586 3345 ut
632 3288 944 3358 intelligatis
981 3305 994 3342 :
1030 3290 1171 3360 quod
1227 3289 1272 3345 si
1331 3289 1634 3362 intelligere
1677 3305 1781 3346 non
1829 3286 2008 3355 vultis,
2041 3302 2107 3342 ne

523 3381 688 3453 legite
714 3382 931 3454 quidem
955 3398 971 3450 ;
1007 3396 1096 3447 ue,
1122 3396 1242 3452 quae
1267 3381 1442 3454 legitis
1470 3382 2104 3456 absurdeintelligontes,

518 3474 875 3529 damnemini.
924 3475 998 3530 De
1037 3474 1138 3532 hoc
1197 3476 1341 3530 enim
1372 3476 1633 3546 prapheta
1668 3477 1957 3548 praedixit;
2002 3493 2102 3534 ne-

518 3588 625 3644 que
673 3573 816 3626 enim
882 3572 1034 3640 dego
1091 3568 1235 3636 dico,
1299 3567 1532 3638 aliquem
1592 3585 1825 3639 unquam
1885 3579 2102 3625 sancto-

529 3680 652 3723 rum
709 3674 887 3720 vatum
955 3667 1022 3718 ad
1072 3663 1266 3719 divinae
1320 3675 1523 3719 natura:
1564 3664 2104 3734 comprehensionem

519 3767 856 3827 penetrasse.
918 3755 986 3810 Et
1036 3757 1289 3827 quisnam
1342 3756 1504 3827 igitur
1555 3757 1646 3812 Dei
1693 3765 1948 3811 mternam
2013 3772 2109 3827 ge-

520 3851 856 3907 nerationem
902 3849 1081 3920 aﬂ‘ari,
1126 3851 1460 3920 dicendoque
1503 3851 1760 3920 consequi
1827 3850 1984 3917 ausit,
2016 3856 2106 3903 aut

519 3943 739 4016 possit?
765 3941 899 3998 Nam
937 3944 1027 3999 ubi
1070 3958 1168 3999 nec
1188 3953 1420 4014 tempus,
1448 3959 1550 3998 nec
1571 3960 1746 4011 aevum
1785 3944 2101 4008 intervenit,

522 4053 633 4096 non
663 4045 935 4108 spectator
967 4037 1164 4102 adfuit,
1219 4054 1323 4094 non
1361 4049 1560 4108 prasto
1589 4051 1672 4094 est
1692 4041 1981 4108 interpres,
2013 4036 2103 4107 qui

517 4140 696 4204 potest
718 4132 919 4188 veritas
945 4130 1299 4198 inaspectum
1339 4131 1623 4204 lucemque
1651 4132 1880 4204 proferri
1906 4132 1928 4187 ἵ

1094 4269 1323 4327 CAPUT
1374 4270 1514 4327 Vill.

522 4405 801 4464 Generatio
882 4405 1063 4460 divina
1128 4415 1294 4460 mente
1384 4405 1746 4477 comprehendi
1796 4404 2003 4474 nequit,
2059 4412 2109 4458 et

1105 4478 1365 4550 quomodo
1394 4479 1512 4547 ﬁat.

595 4597 691 4654 Sin
749 4596 825 4653 illi
884 4595 1189 4651 Saiomonis
1245 4593 1505 4665 parebitis
1569 4593 1873 4648 mouitozr
1926 4591 2105 4648 Ama-

522 4693 802 4763 gnitudine
858 4689 1060 4760 Speciei
1105 4698 1160 4744 et
1207 4699 1470 4742 creaturae
1533 4688 1976 4757 cognoscibiiiter
2011 4703 2106 4756 po-

524 4787 652 4842 terit
704 4795 920 4839 creator
975 4784 1166 4836 horum
1222 4779 1390 4835 videri
1444 4779 1531 4846 ⁶¹;
1589 4798 1608 4830 ι
1672 4779 1827 4834 facile
1875 4791 1929 4834 ct
1966 4783 2105 4834 hanc

525 4893 792 4935 summam
853 4873 1216 4930 dillicultatem
1275 4888 1338 4927 ex
1369 4874 1526 4927 rebus
1561 4872 1813 4938 conditis,
1850 4882 1900 4925 et
1934 4875 2103 4942 prohe

529 4969 914 5043 assequemini.
956 4967 1086 5021 Nam
1140 4969 1182 5021 si
1214 4963 1267 5022 in
1319 4969 1418 5020 hac
1460 4965 1676 5020 condita
1713 4972 1765 5018 et
1803 4964 1985 5017 sensili
2017 4979 2106 5017 na-

529 5075 649 5118 tura
675 5074 852 5117 ortum
883 5061 1018 5115 citra
1045 5061 1440 5129 perpessionem
1481 5056 1693 5119 daiuus,
1725 5054 1889 5108 multo
1939 5054 2106 5123 magis

527 5154 776 5210 conditor
803 5152 971 5208 Filius
994 5154 1197 5222 absque
1222 5149 1383 5221 ,iluxu
1420 5165 1482 5205 ac
1511 5149 1858 5217 perpessione
1887 5162 1916 5201 a
1946 5147 2106 5203 Patre

528 5245 746 5318 genitus
806 5252 927 5304 est;
980 5231 1427 5311 quemadmodum
1481 5258 1511 5298 a
1565 5250 1743 5295 mente
1778 5253 1982 5307 sermo,
2013 5248 2106 5294 aut

527 5356 556 5393 τι
602 5339 717 5394 sole
746 5336 950 5394 iumen.
1011 5335 1297 5391 Hominum
1331 5347 1542 5391 amator
1580 5336 1716 5391 Deus
1748 5341 1802 5385 et
1827 5330 2105 5397 Dominus,

525 5450 648 5504 quae
702 5433 931 5489 terrenis
979 5432 1182 5487 nostris
1232 5429 1652 5502 atqueiuﬁrmis
1700 5427 1932 5498 ingeniis
1957 5441 2110 5483 com-

597 5665 642 5697 "‘
666 5664 766 5721 lsa.
793 5680 844 5731 ι,
880 5664 964 5720 i0.

529 5738 552 5774 ⁸
577 5737 705 5809 Sap.
740 5729 859 5804 xni,
883 5737 932 5792 5.
1013 5735 1058 5768 ⁸⁸
1111 5733 1243 5787 ibid.
1292 5731 1348 5785 4.
1451 5732 1495 5761 ⁸⁸
1534 5729 1676 5784 Psal.
1712 5743 1820 5792 ut,
1856 5743 1893 5782 ι.

1041 5663 1084 5695 ’⁷
1123 5661 1280 5716 Prov.
1339 5675 1377 5714 ι.
1421 5657 1508 5716 '28.
1536 5658 1705 5712 Aliter
1735 5655 1962 5711 habetur
1989 5657 2040 5711 in
2073 5653 2340 5724 Vulgetc.
2436 5655 2440 5669 ‘

1041 5736 1058 5767 ι
1112 5733 1243 5783 ibid.
1292 5731 1348 5783 4.
1451 5732 1495 5761 ⁸⁸
1534 5729 1676 5783 Psal.
1712 5743 1820 5783 ut.
1856 5743 1893 5782 ι.
1991 5727 2156 5783 “Job
2179 5741 2373 5783 xxxiii.
2409 5733 2440 5782 4

2208 3187 2405 3241 simum
2463 3201 2608 3254 esse,
2658 3191 2943 3261 explorate
2978 3195 3241 3265 judicium
3292 3198 3461 3257 facite
3515 3216 3575 3258 ex
3601 3209 3761 3266 muto;

2211 3282 2299 3339 hic
2361 3299 2597 3356 namque
2626 3295 2682 3343 et
2741 3298 2974 3345 mentem
3003 3300 3058 3347 et
3090 3294 3501 3364 cogitationem,
3523 3306 3570 3352 et
3598 3283 3761 3352 vocem

2214 3375 2412 3447 habet;
2471 3379 2566 3434 sed
2618 3394 2738 3435 cum
2765 3394 2858 3450 per
2880 3383 3222 3441 articulatam
3257 3401 3368 3443 non
3406 3388 3570 3459 possit
3590 3389 3741 3460 (neque

2212 3473 2356 3526 enim
2389 3474 2550 3527 habet
2582 3473 2830 3530 audiendi
2865 3491 3083 3532 sensum
3113 3480 3513 3552 impatibilem),
3534 3482 3742 3537 industrie

2213 3565 2524 3620 imitatione
2548 3569 2780 3636 quadam
2808 3581 2970 3642 atque
3003 3584 3154 3644 gestu
3190 3574 3323 3628 scita
3360 3578 3558 3646 prodit.

2275 3653 2399 3712 Jun.
2437 3655 2631 3714 Grates
2657 3659 2765 3716 Deo
2795 3661 2918 3731 (ιρι.
2954 3664 3094 3720 Max.
3135 3666 3271 3722 nihil
3294 3667 3408 3737 jam
3450 3669 3741 3738 ambigimust

2211 3763 2392 3817 neque
2446 3751 2513 3806 de
2542 3749 2670 3816 Deo,
2728 3764 2780 3808 et
2811 3754 2990 3823 Patre,
3022 3773 3197 3828 neque
3231 3761 3298 3816 de
3319 3761 3556 3832 ejusdem
3585 3755 3761 3816 natura:j

2225 3844 2384 3912 Filio,
2443 3846 2556 3902 haac
2591 3850 2733 3903 enim
2781 3849 2916 3904 belle
2948 3854 3210 3924 planeque
3256 3856 3644 3912 demonstrasti.
3670 3855 3744 3908 ita-

2209 3952 2314 4007 que
2363 3949 2416 3992 et
2479 3939 2547 3995 de
2612 3939 2815 4010 Spiritu
2877 3956 3069 4001 sancto
3131 3948 3359 4014 dissere,
3395 3947 3743 4017 sodes,etqnis

2209 4034 2468 4104 propheta
2531 4049 2654 4090 eum
2699 4037 3022 4108 iucreatmn,
3078 4055 3242 4116 atque
3291 4045 3534 4117 ejusdem
3582 4057 3761 4100 naturai

2211 4127 2434 4182 indicet.
3760 4147 3761 4182 ξ

2824 4225 3051 4283 CAPUT
3093 4226 3186 4282 IX.
3760 4237 3761 4268 ι

2285 4314 2361 4368 Dc
2399 4314 2600 4381 Spiritu
2636 4327 2817 4373 sancto
2863 4320 3092 4388 ejusdem
3121 4337 3240 4375 cum
3277 4322 3442 4380 Patre
3494 4333 3686 4379 natura.
3760 4329 3761 4356 ῖ

2284 4407 2506 4464 CHRIST.
2537 4409 2646 4464 Etsi
2681 4419 2810 4465 ante
2836 4426 3025 4466 omnes
3081 4413 3130 4466 id
3158 4423 3209 4466 et
3245 4417 3598 4484 perspexit'et
3625 4412 3761 4468 sciuit

2137 4477 2178 4533 θ
2207 4498 2416 4568 Moses;
2477 4502 2563 4558 hic
2621 4512 2795 4558 tamen
2855 4503 2920 4557 ad
2957 4503 3419 4561 conﬁrmationem
3456 4506 3628 4561 ultimo
3655 4504 3761 4556 loco:

2210 4606 2493 4662 servetur;
2557 4605 2615 4651 ut
2669 4598 3126 4666 quemadmodum
3183 4609 3365 4655 vatum
3405 4600 3637 4671 princeps
3660 4605 3737 4656 est.

2210 4685 2282 4739 ita
2319 4687 2742 4756 disputationem
2774 4688 3007 4743 claudat.
3043 4688 3212 4754 Isaiae,
3256 4691 3306 4744 in
3332 4705 3554 4760 persona
3579 4683 3739 4742 Christi

2209 4778 2322 4831 haec
2347 4787 2472 4831 sunt
2497 4781 2657 4834 verba
2695 4797 2707 4834 :
2754 4798 2771 4831 ι
2815 4778 3050 4850 Spiritus
3113 4781 3326 4836 Domini
3383 4798 3540 4854 super
3565 4775 3738 4836 metad

2212 4871 2642 4924 annuntiandum
2706 4874 3008 4929 mansuetis
3066 4873 3214 4928 misit
3274 4889 3381 4939 me,
3445 4884 3497 4928 ut
3542 4873 3739 4927 meder-c-r

2208 4966 2456 5020 contritis
2479 4969 2663 5033 corde,
2683 4977 2736 5022 et
2759 4971 3106 5037 praedicarem
3128 4970 3353 5037 captivis
3381 4968 3735 5038 indulgentiam,

2209 5064 2265 5109 et
2292 5055 2490 5111 clausis
2526 5059 2861 5126 apertionem
2898 5058 2968 5112 ⁸⁸.
3008 5076 3026 5109 ι
3067 5056 3131 5111 Εῑ
3169 5055 3267 5114 Job
3291 5058 3420 5114 dicit
3450 5076 3466 5114 :
3501 5076 3519 5110 ι
3551 5057 3739 5127 Spiritus

2208 5147 2420 5202 Domini
2471 5148 2598 5203 fecit
2626 5165 2730 5216 me,
2782 5159 2837 5205 et
2865 5151 3191 5220 spiraculum
3223 5150 3593 5220 omnipotentis
3637 5146 3738 5199 vir-f-

2213 5239 2396 5294 ficavit
2453 5253 2539 5293 me
2569 5240 2638 5293 ⁸⁸.
2679 5258 2698 5291 ›
2736 5238 2942 5310 Ecquid
2967 5255 3147 5296 autem
3195 5242 3342 5296 vobis
3372 5243 3437 5296 de
3457 5244 3550 5296 hoc
3576 5239 3733 5308 Spiritu

2213 5329 2464 5385 videtur?
2518 5329 2812 5400 Cuiusnam
2844 5333 3075 5402 Spiritus
3117 5334 3198 5388 vis
3231 5333 3478 5402 inopibus
3500 5332 3604 5387 lana
3627 5344 3732 5382 nun.

2217 5424 2336 5491 tiat,
2397 5434 2575 5479 mente
2603 5424 2786 5480 fractis
2819 5422 3087 5490 medetur,
3138 5439 3167 5480 a
3204 5424 3413 5479 diabolo
3453 5423 3731 5491 mancipatus

2436 5653 2638 5710 "Osee
2689 5667 2750 5720 n,
2781 5653 2834 5709 i.
2932 5654 2976 5686 τ’
3039 5652 3325 5721 Psal.crx,
3364 5669 3404 5710 ι.
3493 5651 3536 5686 "
3557 5648 3665 5706 ibid.
3687 5644 3729 5700 ὅ.
