4004 6206
155 337 234 398 815

1197 319 1584 383 DIALOGUS
1618 314 1919 379 CONTRA
1962 309 2290 374 JUDIEOS.

3259 297 3364 362 814

156 458 198 510 in
225 451 472 520 antiquam
529 445 841 503 felicitatem
893 437 1360 507 restituiticmcis
1394 481 1408 502 .
1469 439 1522 495 id
1577 446 1685 504 est,

1812 466 1913 507 -um
1939 450 2258 506 futurarum.
2302 447 2436 503 Nam
2465 443 2734 502 adoranda
2761 443 2864 501 SS.
2906 440 3171 497 Trinitate
3217 440 3370 496 omni

155 543 310 614 quibus
370 555 521 596 mens
573 538 817 606 caligat,
885 535 1050 591 animi
1125 535 1310 590 oculos
1363 533 1682 595 illustrans,

152 638 284 694 Deum
313 631 483 704 quoad
511 635 625 702 ejus
656 630 769 686 fieri
819 638 1017 701 potest,
1058 627 1412 697 spectandum
1441 621 1685 696 prmbet.’

153 730 255 797 ουκ
281 727 350 780 vis
380 723 677 793 spiritualis
715 735 905 778 omnes
954 719 1215 775 cmlorum
1239 716 1424 791 copias
1466 723 1686 769 constao

152 821 310 885 bilivit,
347 829 404 874 ut
463 819 538 872 ait
568 817 737 872 David
771 832 787 870 :
824 834 842 869 ι
887 813 1064 869 Verbo
1103 807 1453 868 Dominicoali
1488 805 1683 860 ﬁrmati

147 923 267 977 sunt,
293 923 341 966 et
369 911 572 979 Spiritu
601 911 712 965 oris
742 910 857 981 ejus
901 909 1078 963 omnis
1118 906 1287 960 virtus
1309 917 1497 959 eorum
1526 901 1618 954 “'3
1660 920 1679 952 ι

148 1008 251 1075 Quis
279 1007 358 1060 ille
409 1015 492 1060 est
527 1005 786 1076 Spiritus,
840 1005 931 1074 qui
970 1001 1061 1058 Dei
1105 1000 1346 1055 notitiam
1400 997 1562 1052 docet
1587 996 1688 1050 ho-

143 1103 303 1164 mines,
329 1109 489 1168 atque
519 1098 586 1152 ad
606 1096 995 1168 perfectionem
1027 1090 1445 1149 adminiculatur
1464 1089 1486 1144 l
1508 1088 1687 1158 Agite,

143 1191 291 1246 dicite.

194 1278 303 1336 Jun.
350 1281 429 1337 Ne
495 1295 612 1346 nos,
660 1278 1017 1340 obtestamur,
1089 1273 1447 1330 vaticinarum
1495 1287 1688 1327 vocum

141 1375 609 1445 interpretationem
676 1387 878 1444 posce;
930 1372 1028 1426 sed
1086 1379 1197 1425 tute
1258 1367 1436 1438 potius
1477 1368 1544 1422 ad
1593 1380 1692 1422 nos

135 1470 339 1540 explica.
387 1468 523 1524 Nam
579 1468 623 1524 si
669 1481 699 1521 a
742 1466 942 1521 nostris
999 1474 1178 1519 vatum
1222 1461 1366 1517 dicta
1407 1469 1560 1519 certo
1598 1475 1693 1515 ex-

137 1571 457 1633 ponerentur,
514 1561 843 1633 quaestiones
870 1558 1027 1630 plane
1063 1569 1159 1612 nec
1193 1555 1424 1627 ingressi
1473 1553 1692 1625 quidem

134 1672 379 1713 essemus.

191 1749 406 1803 Custsr.
457 1746 574 1803 Joel
617 1745 878 1814 scriptum
933 1743 1193 1814 reliquit:
1236 1761 1257 1796 ς
1291 1741 1357 1797 Et
1410 1741 1517 1799 erit
1572 1749 1697 1812 post

131 1839 588 1898 bzczeﬂ'undam
664 1837 925 1909 Spiritum
1001 1851 1179 1892 meum
1251 1850 1414 1906 super
1475 1815 1770 1892 omnemB

129 1949 322 1991 carnem
362 1953 377 1989 :
415 1945 463 1989 et
497 1934 892 2002 prophetabunt
917 1929 1009 1985 lilii
1045 1929 1300 1996 vestri,et
1327 1929 1450 1984 lilia:
1467 1939 1694 1987 vestrae:

123 2041 264 2083 senes
327 2028 498 2082 vestri
535 2027 745 2082 somnia
775 2024 1143 2087 somniabunt,
1169 2033 1223 2078 et
1253 2023 1480 2091 juvenes
1509 2025 1694 2090 vestri,

123 2120 342 2176 visiones
397 2120 682 2174 videbunt.
737 2115 844 2174 Sed
891 2129 944 2171 et
1008 2131 1170 2186 super
1209 2129 1398 2172 servos
1448 2130 1600 2172 meos
1644 2127 1698 2173 et

121 2215 330 2270 ancillas
381 2216 438 2270 in
503 2212 694 2269 diebus
744 2211 850 2267 illis
879 2210 1148 2266 etl‘undam
1198 2207 1459 2281 Spiritum
1496 2225 1696 2268 meum.

119 2304 178 2361 Et
200 2307 334 2362 dabo
372 2306 618 2378 prodigia
652 2304 706 2360 in
735 2304 873 2360 omlo
931 2319 1168 2371 sursum,
1205 2313 1258 2358 et
1287 2304 1437 2374 signa
1468 2303 1521 2359 in
1555 2317 1698 2359 terra

118 2401 382 2466 deorsum,
442 2401 782 2470 sanguinem,
806 2406 861 2451 et
907 2397 1105 2469 ignem,
1141 2407 1196 2450 et
1223 2411 1476 2467 vaporem
1517 2395 1648 2452 fumi
1680 2416 1695 2453 :

116 2491 188 2547 sol
231 2505 594 2549 convertetur
643 2493 696 2546 in
731 2491 1005 2556 tenebras,
1031 2503 1084 2546 et
1113 2491 1237 2545 luna
1269 2491 1322 2546 in
1355 2493 1698 2563 sanguinem,

113 2596 400 2657 antequam
459 2586 641 2640 veniat
696 2585 814 2640 dies
859 2584 1072 2639 Domini
1130 2599 1358 2655 magnus
1395 2594 1449 2639 et
1471 2586 1699 2642 manife-

108 2689 232 2735 stus.
270 2680 340 2734 Et
377 2681 525 2747 erit;
557 2679 736 2735 omnis
769 2681 1078 2749 quicunque
1115 2678 1451 2735 invocaverit
1503 2696 1699 2738 nomen

108 2769 337 2838 Domini,
403 2773 591 2827 salvus
621 2773 725 2827 erit
751 2772 819 2826 δ’.
865 2790 883 2822 ι
929 2769 996 2826 Et
1049 2772 1221 2828 Isaias
1262 2788 1277 2826 :
1317 2791 1336 2824 ι
1366 2772 1468 2844 Ipsi
1501 2775 1568 2829 ad
1599 2777 1702 2830 ira.

111 2867 354 2921 cundiam
426 2874 879 2938 provocaverunt,
931 2876 985 2920 et
1065 2865 1371 2922 alllixerunt
1442 2865 1700 2936 Spiritum

113 2969 374 3026 sanctum,
433 2969 484 3015 et
533 2974 833 3015 conversus
859 2971 940 3015 est
974 2961 1052 3015 eis
1082 2959 1133 3014 in
1166 2960 1446 3017 inimicum
1467 2962 1535 3018 ³⁸.
1579 2981 1599 3016 i
1640 2964 1704 3019 Et

110 3047 406 3108 Zacharias
489 3067 556 3107 ex
593 3067 823 3122 persona
885 3051 1085 3108 Christi
1124 3053 1411 3125 :lncrepet
1445 3053 1710 3114 Dominus

1794 543 2070 598 hominum
2100 540 2449 611 genetisalus
2479 538 2757 608 quaeritur.
2779 536 2925 592 Elias
2964 548 3104 604 aqua
3153 531 3368 588 tertium

1791 636 1846 690 in
1887 647 2089 691 struem
2116 632 2303 698 effusa,
2339 633 2517 704 ignem
2559 632 2700 688 coelo
2729 628 3031 692 devocavit,
3065 634 3117 682 et
3140 625 3373 682 hostium

1793 729 2125 800 consumpsit
2150 728 2218 782 ".
2248 725 2435 782 Daniel
2465 736 2547 780 ter
2577 723 2811 795 quotidie
2864 722 3054 779 domus
3096 733 3207 773 sua)
3236 716 3374 772 fori-

1793 822 1893 876 bus
1918 821 2117 889 apertis
2149 829 2542 889 comprecatus,
2571 815 2841 884 postulata
2869 813 3075 883 accepit
3095 813 3163 865 ”.
3200 809 3378 879 Atque

1796 915 1911 969 haec
1939 927 2089 977 vero,
2118 927 2457 981 nequaquam
2516 901 2717 966 temere
2743 917 2919 973 erant,
2958 907 3051 962 sed
3081 919 3201 976 quae
3224 912 3374 973 gesta

1796 1018 1999 1066 sancta:
2022 1008 2302 1063 Trinitatis
2327 1020 2584 1062 arcanum
2610 1011 2882 1060 notarent.

1868 1101 2230 1157 Nihilominus
2279 1100 2321 1155 si
2389 1097 2660 1153 crassiora
2713 1093 2989 1161 vaticinia,
3019 1100 3204 1162 utpote
3227 1091 3376 1148 cras-

1797 1197 1992 1261 siores,
2041 1192 2335 1263 requiritis,
2376 1191 2517 1262 agite
2543 1204 2693 1254 sane,
2761 1197 2815 1243 et
2877 1186 3146 1242 crassiora
3186 1194 3380 1241 tracte-

1799 1305 1945 1344 mus.
2004 1287 2192 1357 Itaque
2238 1285 2357 1342 Jobi
2390 1285 2506 1340 haec
2550 1294 2677 1338 sunt
2730 1281 2938 1338 verba:
2981 1299 2999 1334 ι
3038 1280 3183 1336 Vivit
3216 1281 3382 1348 Deus,

1799 1383 1890 1458 qui
1914 1382 2134 1439 abstulit
2166 1381 2431 1449 judicium
2454 1393 2670 1443 meum;
2705 1385 2759 1433 et
2788 1375 3142 1446 Omnipotens
3195 1373 3284 1445 qui
3316 1375 3382 1428 ad

1802 1474 2220 1531 amaritudinem
2248 1471 2473 1527 adduxit
2502 1470 2737 1524 animam
2789 1484 2963 1523 meam
3002 1465 3171 1538 :quia
3215 1459 3387 1520 donec

1801 1577 2050 1642 superest
2080 1567 2295 1623 habitus
2324 1566 2376 1622 in
2408 1579 2515 1632 me,
2547 1573 2602 1619 et
2627 1564 2862 1636 Spiritus
2896 1561 2993 1617 Dei
3023 1562 3064 1626 ³,
3103 1579 3123 1612 ι
3161 1561 3252 1629 qui
3304 1557 3387 1613 fe-

1802 1666 1879 1722 cit
1939 1679 2047 1719 me.
2082 1662 2354 1717 Abraham
2403 1673 2604 1731 parens
2634 1665 2813 1711 vester
2849 1663 2960 1709 tres
2986 1653 3201 1723 angelos
3257 1667 3389 1720 epu-

1805 1760 1874 1816 lis
1916 1759 2146 1828 accepit,
2195 1754 2393 1825 quibus
2441 1751 2656 1808 Domini
2695 1765 2783 1819 ,ει
2805 1762 2959 1819 aequo
2991 1762 3186 1802 nomen
3221 1761 3388 1799 unum

1801 1850 2011 1913 tribuit,
2051 1849 2276 1904 dicens;
2314 1863 2336 1897 ‹
2379 1842 2626 1909 Domine,
2665 1841 2709 1897 si
2743 1840 2920 1895 inveni
2945 1837 3173 1909 gratiam
3203 1848 3391 1892 coram

1804 1951 1878 2008 te,
1915 1960 1934 1993 ι
1960 1950 2017 1997 et
2040 1954 2160 2012 quae
2194 1946 2497 2008 sequuntur
2531 1937 2577 1992 ⁸.
2604 1934 2771 1989 Deum
2802 1947 2928 1987 vero
2958 1930 3100 2002 quod
3144 1929 3392 1985 Abraha-

1802 2047 1924 2087 mus
1965 2030 2263 2102 exceperit,
2319 2036 2375 2084 et
2421 2043 2531 2083 non
2584 2024 2829 2096 angelos,
2895 2022 3116 2079 evidens
3169 2029 3392 2076 estnon

1800 2130 1976 2185 solum
2024 2143 2092 2182 ex
2136 2126 2278 2180 risus
2327 2124 2478 2179 Sara:
2525 2118 2939 2193 praesensione;
2986 2117 3078 2172 sed
3108 2115 3224 2185 ipse
3257 2116 3392 2170 adeo

1803 2225 1945 2280 Dens
1974 2223 2022 2280 ei
2055 2229 2174 2294 post
2215 2219 2401 2290 epulas
2427 2217 2732 2280 conlirrnat,
2774 2229 2835 2269 se
2875 2211 2989 2282 ejus
3005 2225 3126 2266 esse
3173 2208 3338 2263 Deum
3374 2225 3392 2264 :

1808 2339 1827 2373 ι
1871 2317 2167 2374 Revertens
2218 2313 2432 2369 veniam
2461 2312 2527 2367 ad
2579 2321 2633 2366 te
2659 2319 2903 2378 tempore
2937 2306 3062 2371 isto,
3096 2310 3151 2359 et
3174 2302 3398 2358 habebit

1808 2414 1974 2471 lilium
2044 2410 2180 2467 Sara
2210 2425 2345 2465 uxor
2404 2419 2492 2462 tua
2533 2405 2576 2463 ³.
2609 2423 2627 2456 ι
2668 2401 2732 2457 Et
2751 2402 3005 2456 eductum
3035 2399 3180 2454 foras
3209 2398 3288 2452 sic
3311 2405 3397 2452 est

1803 2509 2118 2566 allocutus:
2159 2522 2178 2556 ο
2223 2503 2452 2574 Suspice
2497 2498 2717 2561 coelum,
2758 2503 2815 2552 et
2849 2508 3074 2550 numera
3105 2493 3315 2557 stellas,
3351 2493 3398 2546 si

1802 2613 1976 2677 potes.
2027 2600 2094 2655 Et
2122 2599 2261 2656 dixit
2325 2599 2372 2654 ei
2406 2615 2419 2650 :
2459 2595 2550 2651 Sic
2585 2593 2692 2650 erit
2713 2606 2898 2646 semen
2950 2597 3124 2643 tuum.
3155 2582 3401 2641 Credidit

1814 2697 2088 2753 Abraham
2154 2692 2287 2760 Deo,
2340 2699 2395 2746 et
2453 2695 2758 2758 reputatum
2798 2692 2880 2740 est
2909 2681 2985 2738 illi
3019 2678 3397 2749 adjustitiam.

1805 2792 2059 2863 Dixitque
2082 2790 2148 2844 ad
2203 2802 2364 2843 eum:
2433 2783 2547 2856 Ego
2599 2781 2879 2846 Dominus,
2933 2777 3024 2849 qui
3050 2776 3209 2832 eduxi
3249 2786 3301 2830 te
3337 2776 3403 2830 de

1808 2885 1890 2942 Ur
1944 2885 2325 2942 Chaldaeorum
2385 2879 2427 2935 δ.
2490 2895 2508 2929 ι
2570 2876 2648 2930 Εη
2677 2874 2829 2929 vobis
2878 2870 2978 2928 SS.
3053 2867 3399 2925 Trinitatem.

1808 2979 2073 3045 Primum,
2136 2975 2329 3045 inquit,
2389 2990 2407 3024 ι
2477 2969 2589 3040 Ego
2652 2982 2772 3024 sum
2805 2965 2945 3020 Deus
2969 2973 3093 3019 tuus
3125 2981 3142 3019 :
3179 2979 3199 3014 ι
3247 2969 3304 3017 et
3333 2975 3402 3018 ex

1812 3047 1952 3129 Sara
2001 3070 2142 3126 dabo
2174 3066 2270 3122 tibi
2302 3065 2493 3131 lilium,
2529 3063 2610 3118 cui
2644 3059 3028 3118 benedicturus
3060 3072 3204 3113 sum.
3241 3073 3261 3109 ι
3297 3054 3404 3110 Re-

110 3140 154 3196 in
181 3153 249 3210 te,
289 3146 366 3199 Sa
380 3156 476 3199 tan
517 3161 531 3199 :
563 3146 657 3200 sed
682 3145 735 3199 in
766 3146 957 3217 spiritu
987 3161 1106 3201 meo
1127 3147 1197 3214 ⁸⁸,
1237 3165 1259 3200 ι
1292 3158 1398 3204 ctc.
1450 3149 1705 3220 idemque
1733 3176 1777 3234 ο
1811 3175 2032 3223 verum;
2073 3164 2285 3219 veniam
2307 3159 2373 3215 ad
2402 3167 2452 3214 te
2476 3169 2718 3228 tempore
2741 3155 2868 3218 isto,
2889 3163 2947 3207 et
2980 3150 3201 3212 habebit
3231 3149 3403 3207 lilium

105 3253 286 3297 rursus
323 3260 336 3293 :
382 3258 397 3295 :
441 3259 461 3292 ‹
498 3239 778 3297 Eﬂ‘undam
805 3257 966 3310 super
987 3241 1208 3297 domum
1234 3241 1424 3312 David,
1458 3254 1510 3298 et
1543 3260 1706 3316 Super

109 3333 1051 3406 habitatoresJerusalem,spiritum
1073 3336 1261 3406 gratia:
1273 3346 1329 3392 et
1353 3353 1570 3407 precum
1589 3339 1658 3394 ὀ.
1683 3356 1702 3390 ι

99 3423 159 3478 Et
187 3426 365 3480 David
413 3443 432 3481 :
467 3449 486 3480 κ
526 3426 754 3481 Emittes
783 3427 1041 3496 Spiritum
1068 3439 1216 3483 tuum
1250 3436 1307 3486 et
1357 3433 1706 3498 creabuntur,

96 3525 148 3568 et
169 3518 475 3574 renovabit
504 3518 695 3573 faciem
722 3529 880 3574 terra:
903 3519 970 3573 ".
1002 3537 1024 3571 ι
1051 3519 1117 3574 Et
1148 3520 1342 3576 iterum
1375 3539 1390 3578 :
1420 3540 1439 3575 ι
1478 3524 1713 3594 Spiritus

94 3615 214 3664 tuus
273 3613 476 3666 bonus
535 3613 764 3667 deducet
801 3628 885 3668 me
917 3613 973 3668 in
1006 3622 1204 3668 terram
1238 3625 1440 3671 rectam
1478 3617 1545 3672 “.
1587 3636 1607 3670 ι
1646 3617 1712 3674 Ει

91 3707 142 3761 in
198 3708 522 3767 Numer-is:
587 3730 606 3762 ι
640 3710 881 3769 irruente
932 3713 1072 3770 inse
1123 3711 1326 3785 Spiritu
1350 3713 1465 3781 Dei,
1493 3716 1569 3770 ait
1612 3718 1712 3773 Ba-

88 3801 234 3857 laam
268 3805 348 3857 ”.
396 3822 420 3857 ι

755 3927 984 3986 CAPUT
1029 3927 1097 3982 Χ.

190 4020 625 4077 Similitudines
650 4034 891 4077 sanctam
925 4021 1239 4077 Trinitatem
1277 4025 1592 4079 exhibentes.

156 4112 360 4184 Atque
420 4116 512 4170 sic
562 4130 724 4184 porro
750 4116 974 4186 pariter,
1011 4115 1054 4170 si
1084 4117 1282 4186 placet,
1329 4128 1512 4174 vatum
1556 4136 1716 4177 voces

80 4212 372 4272 attexam,
434 4208 600 4263 unius
633 4217 840 4264 natura:
891 4207 1173 4265 Trinitatis
1203 4213 1310 4264 vim
1342 4211 1711 4283 designantes.

83 4299 232 4355 Sane
305 4311 373 4356 et
440 4301 809 4357 lsraelitarum
865 4315 930 4357 ex
1000 4301 1237 4373 Egypto
1295 4304 1471 4361 exitus
1499 4305 1566 4374 ",
1621 4309 1713 4378 qui

71 4393 242 4447 tridui
283 4395 408 4451 iter
445 4397 738 4463 progressi,
781 4396 889 4450 Deo
919 4396 1132 4465 operari
1163 4407 1448 4465 peterent,
1504 4415 1594 4467 ea,
1628 4403 1716 4456 in-

71 4500 270 4551 quam,
342 4503 455 4543 res
503 4486 826 4542 Trinitatem
879 4488 1105 4544 innucre
1169 4489 1302 4545 mihi
1360 4492 1591 4547 videtur.
1647 4493 1713 4548 Et

1810 3259 1942 3316 Sara
1971 3273 2108 3314 uxor
2139 3270 2248 3311 tua.
2303 3271 2324 3307 ι

1883 3353 2086 3410 Deinde
2143 3365 2209 3405 eo
2256 3347 2405 3403 foras
2428 3347 2644 3409 educto,
2687 3348 2743 3398 et
2761 3357 2885 3397 cum
2909 3339 3183 3396 stellarum
3210 3349 3402 3391 nume-

1814 3464 1934 3504 rum
1993 3445 2246 3514 consequl
2311 3455 2418 3496 non
2461 3447 2664 3510 posset,
2685 3429 2972 3491 numerosa
3015 3433 3331 3505 posteritate
3351 3433 3404 3486 ei

1813 3543 2083 3606 condicta,
2143 3536 2288 3593 addit
2322 3554 2338 3591 :
2383 3554 2400 3586 ο
2439 3529 2684 3590 Credidit
2728 3533 3001 3586 Abraham
3036 3526 3144 3582 Deo
3171 3527 3213 3582 '.
3253 3544 3272 3579 ο
3324 3528 3406 3581 Ae

1817 3636 1974 3692 tertio
2002 3650 2018 3688 :
2048 3651 2066 3684 ι
2127 3630 2235 3701 Ego
2274 3630 2550 3692 Dominus,
2575 3624 2667 3696 qui
2739 3623 2902 3679 eduxi
2935 3631 2990 3676 te
3032 3621 3098 3676 de
3130 3618 3205 3676 Ur
3240 3616 3405 3673 Chal-

1815 3731 2054 3785 dworum
2105 3725 2150 3791 ',
2205 3741 2225 3777 ι
2281 3733 2340 3778 ut
2374 3734 2470 3790 per
2523 3719 2748 3774 Iriadem
2809 3717 2969 3782 hanc,
3031 3715 3296 3786 triplicem
3352 3713 3404 3766 in

1823 3823 2104 3879 divinitate
2134 3830 2418 3889 personam
2448 3810 2798 3870 doceremini.
2843 3807 3032 3866 Videte
3055 3825 3269 3864 rursum
3299 3818 3407 3862 tres

1815 3898 2076 3986 personas
2127 3912 2180 3966 in
2238 3926 2344 3964 una
2396 3917 2609 3972 natura,
2632 3906 2779 3962 velut
2817 3919 3002 3969 unam,
3051 3902 3403 3958 disserentes.

1816 4007 2028 4064 Etenim
2077 4003 2438 4066 Abrahamus,
2468 4015 2592 4055 cum
2651 4007 2892 4054 sanctam
2943 3995 3264 4053 Trinitatem
3311 4009 3408 4051 co-

1818 4100 2122 4162 mitaretur,
2178 4094 2232 4149 id
2284 4094 2354 4150 ab
2411 4108 2473 4148 ea
2551 4091 2754 4146 dietum
2811 4089 3065 4161 accepit:
3106 4108 3126 4142 ε
3188 4089 3411 4146 Clamor

1819 4192 2179 4248 Sodomorum
2232 4195 2289 4244 et
2348 4185 2665 4243 Gomorrhae
2715 4183 3101 4254 multiplicatus
3186 4192 3293 4248 est,
3353 4193 3409 4238 ct

1822 4291 2103 4358 peccatum
2130 4296 2315 4338 eorum
2343 4288 2694 4351 aggravatuni
2727 4286 2811 4333 est
2836 4275 3017 4332 nimis.
3073 4274 3404 4331 Descendam

1820 4393 1874 4435 et
1913 4378 2126 4442 videbo,
2158 4388 2335 4432 utrum
2363 4374 2654 4429 clamorem
2709 4370 2800 4440 qui
2829 4369 2972 4424 venit
3017 4369 3085 4423 ad
3109 4385 3217 4435 me,
3244 4383 3409 4438 opere

1820 4471 2212 4541 complcverint
2246 4485 2262 4534 ;
2321 4483 2388 4523 an
2423 4483 2528 4522 non
2583 4476 2666 4522 est
2712 4465 2786 4520 ita
2813 4506 2828 4532 ,
2881 4474 2941 4520 ut
2969 4464 3136 4519 sciam
3169 4464 3213 4522 ⁷.
3248 4483 3265 4515 ι
3287 4461 3407 4518 iam

71 4590 185 4636 tres
259 4582 488 4649 virgae,
571 4595 709 4648 quas
764 4581 1068 4650 patriarcha
1118 4579 1288 4638 Jacob
1327 4584 1406 4650 σε,
1471 4587 1712 4643 detracta
1747 4553 1788 4608 θ
1818 4578 1874 4624 et
1908 4565 2060 4650 blosi
2113 4562 2435 4636 imperantis
2484 4560 2577 4616 Dei
2609 4560 2724 4617 haec
2778 4564 3047 4615 sententia
3078 4569 3161 4614 est
3193 4576 3208 4616 :
3243 4579 3262 4612 ‹
3297 4557 3409 4629 Ego

1390 4625 1406 4650 9

73 4683 238 4739 parte
308 4672 566 4728 corticis
610 4673 663 4726 in
695 4688 893 4742 aquam
934 4674 1278 4743 conjiciebat,
1312 4678 1504 4734 ovibus
1531 4679 1711 4735 Laban

66 4764 470 4833 adaquandis
534 4765 1050 4832 :quemadmodum
1132 4777 1187 4821 et
1239 4783 1381 4823 nunc
1466 4769 1717 4828 Salvator

67 4871 272 4915 noster
332 4857 545 4925 Iesus,
582 4872 712 4913 oves
773 4861 982 4913 ratione
1008 4861 1279 4928 praeditas,
1313 4861 1364 4915 id
1398 4874 1502 4929 est,
1536 4865 1716 4920 homi-

60 4973 164 5011 nes
215 4969 419 5010 sacro
478 4954 799 5023 baptismate
855 4955 1176 5021 illustratos,
1235 4959 1493 5023 servavit,
1526 4970 1584 5012 ut
1625 4976 1719 5030 per

63 5048 470 5104 Ezechielem
523 5045 665 5101 Deus
715 5050 791 5100 ait
828 5063 841 5100 :
877 5065 897 5098 ι
949 5047 1088 5103 Ecce
1137 5065 1236 5118 ego
1285 5051 1397 5120 ipse
1441 5054 1711 5122 requiram

57 5155 203 5197 oves
267 5153 488 5203 meas,
519 5149 572 5192 et
600 5138 832 5193 visitabo
861 5153 987 5206 eas;
1023 5149 1077 5195 et
1101 5142 1274 5197 scient
1298 5143 1424 5212 quia
1474 5159 1574 5213 ego
1607 5145 1713 5200 Do-

61 5238 261 5290 minus
299 5233 488 5288 Detrs
519 5246 706 5286 eorum
739 5233 809 5284 "’.
847 5251 866 5282 ι
899 5233 1038 5300 Quin
1068 5245 1120 5288 et
1150 5234 1398 5291 Ninivita':
1416 5235 1575 5291 trium
1601 5237 1717 5292 die-

50 5348 181 5388 rum
205 5343 418 5401 atque
450 5325 691 5380 noctium
726 5324 932 5395 jejunio
949 5327 1176 5380 salutem
1197 5329 1474 5384 consecuti
1502 5338 1627 5384 sunt
1644 5330 1713 5386 °’.

50 5426 198 5493 Qua:
259 5438 374 5480 res
412 5433 536 5474 non
568 5416 769 5473 frustra
819 5427 959 5483 erat,
987 5420 1080 5474 sed
1121 5419 1323 5491 etiigies
1355 5421 1598 5491 quaedam
1626 5437 1715 5477 re~

1825 4648 1945 4718 sum
2024 4661 2168 4716 Deus
2249 4656 2542 4721 Abraham,
2627 4665 2683 4710 et
2736 4653 2878 4710 Deus
2954 4652 3129 4719 Isaac,
3174 4663 3226 4709 et
3269 4651 3410 4709 Deus

1818 4759 1986 4815 Jacob
2049 4754 2093 4810 ⁸.
2158 4773 2174 4807 ι
2235 4753 2347 4810 Nec
2404 4751 2719 4821 dixitzEgo
2766 4765 2884 4805 sum
2929 4751 3071 4804 Deus
3113 4751 3408 4814 Abraham,

1820 4853 1991 4917 Isaac,
2023 4848 2223 4904 Jacob:
2258 4849 2349 4903 sed
2372 4846 2522 4901 addit
2559 4864 2578 4897 ι
2610 4854 2662 4899 et
2688 4863 2707 4896 ι
2739 4845 3004 4914 eupulam,
3036 4857 3102 4897 ne
3136 4851 3189 4898 et
3217 4841 3410 4905 Filius,

1823 4951 1877 4996 et
1931 4938 2162 5008 Spiritus
2211 4944 2431 4992 sanctus
2482 4933 2803 5004 indesignati
2850 4945 3074 5000 essent;
3124 4935 3216 4989 sed
3265 4933 3409 4989 velut

1821 5032 2014 5104 copula
2074 5030 2467 5096 Abrahamum,
2528 5028 2794 5094 lsaacum,
2851 5026 3132 5096 Jacobum,
3178 5039 3287 5085 tres
3313 5030 3409 5085 bo-

1823 5131 1994 5185 mines
2022 5126 2279 5192 ostendit,
2329 5125 2404 5180 ita
2430 5133 2484 5181 et
2529 5124 2756 5180 Deitatis
2783 5126 2970 5194 triplex
2997 5127 3270 5195 usurpatio
3303 5136 3410 5182 ttes

1825 5238 2088 5297 personas
2129 5221 2393 5276 declarat.
2445 5239 2465 5273 ι
2524 5218 2637 5291 Ego
2679 5235 2798 5274 sum
2855 5219 3000 5275 Deus
3053 5218 3348 5288 Abraham,
3386 5242 3404 5272 ι

1829 5321 1930 5375 hoc
1979 5325 2083 5381 est,
2108 5314 2292 5376 Pater,
2329 5332 2347 5366 ι
2381 5321 2435 5368 et
2486 5311 2626 5366 Deus
2647 5311 2823 5376 lsaac,
2862 5330 2881 5365 ι
2917 5311 2968 5366 id
3004 5320 3110 5378 est,
3140 5311 3311 5367 Filius
3343 5328 3408 5367 ex

1823 5434 1888 5476 eo
1949 5415 2181 5488 genitus,
2219 5428 2241 5462 ι
2283 5418 2338 5466 et
2370 5406 2512 5464 Deus
2548 5404 2715 5463 Iacob
2761 5424 2781 5458 ι
2831 5404 3042 5461 scilicet
3087 5413 3171 5462 ter
3191 5415 3411 5462 sanctus

123 5592 178 5625 “
209 5588 393 5646 Psal.
460 5581 700 5647 nxu,6.
760 5579 804 5613 ⁸⁷
831 5575 1044 5654 Joel._r,
1077 5579 1148 5654 28
1172 5599 1350 5654 seqq.‘
1395 5584 1441 5616 ⁸⁸
1469 5581 1585 5654 lsa.
1606 5597 1703 5637 [.Xll

1812 5579 1872 5654 ρ.
1924 5578 1983 5654 _”
2018 5575 2187 5654 Zach.
2230 5592 2312 5654 η,-
2343 5574 2411 5654 2;
2443 5575 2486 5641 ⁸,
2517 5574 2571 5629 6.
2625 5573 2871 5654 "lacis
2894 5572 3146 5654 “nudo.
3197 5571 3241 5603 "
3268 5569 3411 5654 Ρεῆιέ

441 5658 500 5692 ’³
545 5655 688 5711 Psal.
743 5666 911 5716 exul,
969 5651 1057 5707 10.
1107 5653 1154 5685 ’⁸
1201 5651 1624 5717 Num.xxtv,2.

396 5731 462 5764 ’⁷
513 5727 648 5782 Jona
702 5742 787 5790 ιη.
817 5723 874 5778 5.

833 5800 854 5832 ³
881 5793 1015 5857 ibid.
1047 5798 1132 5856 1ον

43 5677 177 5729 cm,
230 5661 344 5717 30.

39 5752 106 5792 et.
162 5734 274 5792 50.

41 5816 100 5863 4.
149 5809 174 5837 ⁸
234 5805 414 5862 Gen.
495 5813 647 5867 xvm,
688 5799 742 5854 5.

26 5895 126 5951 ιιι,
169 5877 233 5937 6.

1216 5799 1236 5829 ⁸
1262 5796 1423 5855 ⁷(ἱιξιι.
1490 5813 1580 5862 xv,
1659 5796 1711 5852 5.

1715 5643 1762 5685 "
1790 5651 1960 5706 Exod.
2004 5663 2087 5712 rit,
2124 5647 2214 5703 ‘18.
2269 5649 2314 5679 °'
2340 5645 2476 5701 Gen.
2506 5662 2634 5700 xxx.
2669 5645 2758 5700 '57.
2814 5647 2860 5678 “
2892 5643 3089 5698 Execb.
3130 5658 3318 5709 xxxiv,
3351 5645 3410 5698 11

1059 5721 1125 5777 ΙΙΙ
1172 5725 1304 5798 Reg.
1364 5741 1518 5791 xvttt,
1563 5725 1632 5780 54
1685 5733 1740 5780 et
1793 5722 1882 5777 38.
1995 5721 2041 5752 ”
2103 5721 2338 5780 Dan.v1.
2381 5721 2467 5778 i0.
2543 5721 2558 5749 ⁸
2596 5721 2718 5771 Job.
2760 5729 2934 5777 Xxvtr,
2999 5721 3064 5778 2,
3105 5721 3177 5781 3;
3223 5730 3415 5778 xxxm,

1059 5798 1132 5855 l0,
1216 5799 1236 5829 ⁸
1287 5796 1423 5855 Gen.
1490 5813 1580 5856 xv.
1659 5796 1711 5852 5.
1795 5797 1816 5830 '
1847 5791 1977 5851 ibid.
2007 5789 2059 5847 6.
2113 5791 2286 5847 ‘ibid.
2347 5791 2399 5846 7.
2477 5788 2659 5845 'Geu.
2711 5804 2862 5856 xvru,
2894 5786 2984 5853 20,
3036 5788 3127 5843 21.
3174 5787 3196 5819 ⁸
3245 5784 3418 5840 Exod.

1995 5720 2041 5752 ”
2103 5719 2338 5780 Dan.v1.
2381 5719 2467 5778 i0.
2543 5720 2558 5749 ⁸
2596 5716 2718 5771 Job.
2760 5729 2934 5777 Xxvtr,
2999 5715 3064 5778 2,
3105 5715 3177 5781 5;
3223 5730 3415 5778 xxxm,
