4004 6206
587 291 695 360 815

1783 281 2217 348 ANDRONlCl
2250 283 2595 347 COMNE-NI
3704 287 3792 352 816

581 408 827 464 vivitious
860 404 1117 479 Spiritus,
1149 418 1211 459 ex
1242 406 1404 458 Patre
1445 411 1671 454 manans
1703 395 1838 468 (ιι),
1870 403 1923 450 et
1955 394 2005 448 in
2032 391 2169 447 Filio
2197 394 2242 450 Δ
2272 392 2605 461 vindicavit;
2661 393 2893 450 maxime
2954 407 3180 465 quorum
3210 409 3241 452 e
3281 395 3449 466 stirpe
3480 395 3719 453 hominem
3739 402 3799 455 fa.

585 501 998 573 conquiescens.
1037 497 1297 555 Coelestes
1323 502 1500 548 autem
1531 491 1697 558 copiae
1735 485 2166 543 Clierubinorum

590 591 1123 662 Seraphinorumque
1185 585 1461 642 irremissa
1525 597 1677 647 voce,
1725 579 1982 650 prodente
2008 575 2166 642 Isaia,

581 686 873 740 clamant:
914 700 942 744 σν
1006 681 1258 743 Sanetus,
1300 684 1539 739 sanctus,
1608 681 1847 737 sanctus,
1911 668 2170 722 Dominus

587 770 733 830 Deus
778 772 1144 838 eXcrcituum,
1184 790 1202 822 ι
1246 781 1326 826 ter
1366 767 1744 836 ingeminanth
1783 779 1802 813 ι
1845 759 2099 823 Sanctus,
2143 775 2163 809 ι

583 880 698 923 tres
751 880 1052 937 personas;
1093 863 1262 919 semel
1321 880 1340 914 t
1412 862 1668 916 Dominus
1711 855 2070 916 exercituum,
2141 868 2162 903 ι

579 975 742 1016 unam
809 958 1074 1013 Deitatem
1120 967 1394 1012 notantes.
1429 953 1525 1008 Est
1575 953 1717 1008 enim
1748 963 1873 1004 vere
1905 962 2042 1002 unus
2069 945 2172 998 Do-

583 1057 786 1119 minus,
833 1062 888 1109 et
932 1068 1035 1108 una
1100 1049 1283 1106 Deitas
1333 1049 1534 1112 Patris,
1583 1055 1640 1102 et
1684 1044 1830 1110 Filii,
1853 1049 1906 1098 et
1933 1040 2169 1110 Spiritus

584 1149 782 1205 sancti.

649 1238 774 1297 Jun.
807 1241 908 1296 Per
938 1239 1103 1295 Deum
1129 1253 1310 1294 rerum
1344 1237 1584 1292 omnium
1616 1231 1997 1297 architectum,
2028 1241 2169 1283 verte

579 1337 664 1392 ita:
699 1348 879 1388 vatum
929 1346 1095 1388 voces
1125 1342 1271 1396 sunt,
1325 1345 1497 1400 eoque
1542 1328 1647 1381 line
1675 1326 1742 1380 ab
1793 1326 1857 1380 iis
1905 1323 2164 1395 proditae;

581 1441 765 1499 patres
797 1443 922 1484 vero
963 1426 1154 1491 nostri,
1202 1424 1402 1481 frustra
1432 1424 1484 1479 in
1537 1425 1677 1478 nuda
1705 1419 1955 1488 occupati
1987 1419 2167 1473 littera

585 1533 863 1578 errarunt.

651 1616 876 1669 Cnmsr.
905 1613 1047 1668 Ades
1078 1625 1204 1668 vero
1236 1609 1432 1676 Moses,
1460 1605 1602 1664 refer
1631 1607 1698 1663 de
1729 1603 1932 1674 Spiritu
1955 1610 2163 1668 sancto,

580 1710 710 1780 quid
745 1711 795 1763 in
825 1705 1074 1761 Numeris
1093 1714 1270 1761 tecum
1304 1705 1510 1760 locutus
1527 1702 1598 1756 sit
1618 1699 1759 1756 Deus
1786 1717 1802 1754 :
1833 1716 1852 1750 ς
1882 1694 2159 1766 Congrega

582 1802 717 1858 mihi
769 1800 1106 1870 septuaginta
1173 1797 1319 1852 viros
1343 1794 1410 1852 de
1444 1794 1665 1850 senibus
1719 1785 1906 1855 Israel,
1935 1803 2070 1859 quos
2105 1797 2161 1842 tu

582 1898 748 1962 nosti,
777 1895 919 1966 quod
951 1908 1108 1948 senes
1145 1891 1322 1964 populi
1353 1891 1463 1945 sint
1491 1904 1555 1944 ac
1593 1887 1834 1956 magistri
1867 1903 1880 1941 :
1914 1895 1966 1939 et
1998 1886 2164 1938 duces

579 2004 675 2048 eos
715 1991 782 2044 ad
844 1988 1039 2042 ostium
1095 1982 1428 2039 tabernaculi
1479 1981 1721 2045 fmderis,
1781 1979 2058 2048 faciesque
2089 1978 2162 2032 ibi

579 2093 728 2138 stare
781 2091 977 2146 tecum,
1011 2088 1068 2133 ut
1095 2077 1419 2132 descendam
1458 2083 1513 2130 et
1540 2075 1730 2144 loquar
1765 2072 1860 2126 tibi
1893 2082 1986 2138 ;et
2014 2070 2164 2124 aufe-

580 2191 699 2231 ram
735 2175 798 2229 de
846 2173 1050 2242 Spiritu
1077 2181 1189 2234 tuo,
1242 2168 1562 2241 tradamque
1611 2169 1712 2234 eis,
1747 2176 1804 2222 ut
1857 2173 2167 2222 sustentem

577 2276 758 2322 tecum
812 2281 954 2320 onus
1005 2264 1206 2334 pepuli,
1256 2273 1309 2318 et
1375 2277 1478 2316 non
1537 2271 1590 2315 tu
1617 2260 1766 2316 solus
1811 2260 2075 2330 graveris.
2103 2256 2164 2312 Et

580 2355 929 2426 congregavit
995 2355 1170 2409 Moses
1238 2352 1578 2422 septuaginta
1623 2351 1769 2406 viros
1816 2352 1883 2405 de
1945 2349 2164 2403 senibus

577 2450 771 2514 lsracl,
792 2463 928 2519 quos
956 2456 1100 2502 stare
1128 2445 1255 2500 fecit
1291 2445 1435 2499 circa
1463 2442 1894 2508 tabernaculum.
1925 2442 2161 2497 Descen-

578 2543 762 2612 ditque
793 2541 1056 2595 Dominus
1087 2553 1181 2609 per
1209 2539 1423 2602 nubem,
1458 2547 1511 2592 et
1542 2537 1756 2592 locutus
1785 2546 1868 2591 est
1893 2536 1961 2590 ad
2013 2551 2159 2600 eum,

581 2634 836 2688 auferens
880 2632 948 2686 de
1007 2631 1211 2701 Spiritu
1271 2628 1362 2698 qui
1403 2627 1599 2682 eratin
1632 2626 1800 2691 Mose,
1841 2637 1896 2681 et
1925 2627 2060 2681 dans
2085 2641 2165 2680 se-

578 2729 857 2799 ptuaginta
912 2725 1062 2781 viris.
1086 2724 1327 2794 Cumque
1362 2721 1717 2791 requievisset
1764 2719 1820 2775 in
1849 2718 1929 2773 eis
1988 2718 2162 2789 Spiri-

582 2828 691 2882 tus,
724 2819 1200 2888 prophetaverunt,
1224 2829 1324 2869 nec
1351 2814 1489 2867 ultra
1521 2821 1893 2867 cessaverunt.
1922 2806 2161 2865 Reman-

587 2920 771 2966 serant
821 2920 1000 2964 autem
1060 2908 1113 2963 in
1184 2907 1383 2961 castris
1430 2905 1537 2962 duo
1584 2905 1706 2969 viri,
1761 2918 1988 2973 quorum
2023 2919 2160 2959 unus

577 3004 877 3059 vocabatur
934 3001 1124 3068 Eidad,
1180 3008 1235 3054 et
1292 2999 1426 3055 alter
1477 2997 1684 3064 Medad,
1717 3013 1879 3068 super
1899 3013 2034 3068 quos
2071 3013 2158 3052 re-

578 3098 785 3169 quievit
848 3096 1117 3167 Spiritus;
1177 3110 1301 3148 nam
1335 3103 1386 3149 et
1429 3093 1529 3162 ipsi
1556 3093 1808 3161 descripti
1837 3092 2069 3156 inerant,
2105 3102 2158 3146 et
2185 3128 2231 3188 α

580 3205 692 3247 non
746 3191 990 3245 exierant
1029 3190 1097 3242 ad
1155 3186 1582 3242 tabernaculum.
1607 3183 1847 3254 Cumque
1871 3185 2160 3254 propheta-

579 3293 704 3339 rent
751 3282 802 3337 in
867 3283 1085 3348 castris,
1134 3280 1370 3335 cucurrit
1425 3295 1557 3348 puer
1602 3288 1654 3333 et
1700 3279 1967 3333 nuntiavit
2005 3277 2158 3346 Mosi,

579 3375 765 3430 dicens
799 3371 1008 3428 :Eldad
1081 3379 1138 3428 et
1189 3372 1375 3426 Mcdad
1453 3371 1772 3441 prophetarit
1824 3369 1878 3424 in
1942 3371 2158 3426 castris.

579 3466 771 3524 Statim
796 3463 959 3520 Josue
987 3462 1285 3529 ﬁliusNun,
1316 3465 1566 3518 minister
1615 3464 1769 3530 Mosi,
1809 3473 1864 3518 et
1896 3464 2099 3522 eiectus
2131 3480 2162 3521 e

576 3559 843 3628 pluribus,
898 3554 1267 3610 ait:Domine
1317 3557 1412 3620 mi,
1457 3553 1656 3620 Moses,
1705 3554 1928 3622 prohibe
1949 3569 2059 3611 eos.
2090 3555 2162 3609 At

585 3651 676 3706 ille
703 3665 720 3704 :
761 3649 920 3717 Quid,
949 3650 1143 3719 inquit,
1179 3648 1448 3703 minularis
1477 3663 1573 3719 pro
1628 3649 1752 3703 me?
1783 3651 1902 3718 quis
1936 3651 2157 3716 tribuat,

577 3752 639 3798 ut
684 3743 859 3797 omnis
918 3742 1146 3810 populus
1189 3745 1477 3810 proptietet
1506 3778 1518 3802 .
1550 3749 1603 3795 et
1634 3741 1725 3796 det
1775 3740 1854 3795 eis
1900 3740 2158 3798 Dominus

576 3832 838 3902 Spiritum
873 3832 1092 3886 suum”
1126 3829 1148 3885 ?
1178 3847 1199 3882 ι
1228 3829 1431 3884 Pudeat
1475 3843 1586 3892 eos,
1613 3830 1702 3898 qui
1726 3827 1984 3899 Spiritum
2019 3831 2160 3884 littnc

576 3924 804 3980 alterius
879 3933 1103 3989 naturae,
1154 3937 1313 3993 quam
1347 3920 1629 3975 Dominum
1673 3931 1921 3975 censent.
1947 3918 2079 3974 Nam
2113 3923 2155 3976 si

575 4018 629 4072 id
672 4017 722 4070 in
783 4015 1110 4078 hominibus,
1143 4027 1209 4067 ne
1261 4012 1433 4067 dicam
1461 4011 1528 4066 de
1549 4010 1776 4080 singulis
1808 4010 2154 4078 animalibus,

576 4105 908 4178 impossibile
963 4116 1066 4170 est,
1094 4104 1260 4160 multo
1294 4105 1461 4175 magis
1492 4105 1547 4159 in
1581 4103 1711 4158 Deo.
1737 4101 1876 4170 Quid
1905 4104 2157 4174 agimus?

581 4195 845 4253 creditis?
906 4193 1115 4249 Utinam
1162 4194 1440 4250 oculorum
1495 4195 1691 4250 mentis
1716 4205 1910 4250 vestrae
1938 4195 2158 4265 lippitu-

577 4293 756 4346 dinem
803 4291 1057 4346 eluerctis
1111 4305 1246 4359 aqua
1305 4289 1571 4356 veritatis,
1619 4291 2014 4360 unigenamque
2063 4289 2153 4345 Dei

575 4381 773 4437 Filium
834 4380 1093 4436 videretis
1141 4381 1333 4435 salutis
1386 4383 1634 4436 humana:
1681 4396 1840 4436 causa
1888 4382 2026 4436 coelo
2057 4383 2155 4435 de-

576 4491 843 4548 gressum,
869 4475 933 4528 de
954 4472 1158 4544 Spiritu
1187 4485 1376 4527 sancto
1400 4488 1465 4528 ex
1514 4473 1680 4526 Maria
1709 4470 1928 4543 Virgine
1977 4475 2154 4528 incar-

578 4580 786 4632 natum,
819 4575 871 4620 et
901 4567 1171 4620 hominem
1199 4563 1423 4631 iaetum,
1458 4578 1522 4616 ac
1544 4578 1639 4633 pro
1661 4563 1814 4616 nobis
1836 4568 1934 4618 sub
1959 4563 2152 4621 Pontio

582 4661 754 4715 Pilato
782 4658 1102 4713 cruciiixum
1125 4697 1139 4721 ,
1164 4670 1406 4727 passum,
1457 4666 1513 4710 et
1565 4656 1857 4724 sepultum,
1892 4659 2153 4725 tertiaque

577 4754 683 4816 die,
735 4757 1029 4805 secundum
1070 4749 1402 4817 Scripturas,
1462 4747 1801 4814 suscitatum,
1855 4747 1906 4802 in
1955 4749 2151 4803 coelum

574 4859 872 4908 reversum,
903 4841 1047 4895 Patri
1103 4842 1351 4894 dextrum
1381 4839 1730 4904 assidentem,
1763 4849 1817 4893 et
1870 4840 2152 4909 magnifice

573 4939 699 4993 olim
729 4936 1035 5008 judicandis
1063 4933 1202 4988 vivis
1257 4944 1416 5001 atque
1439 4932 1663 4987 mortuis
1696 4936 2014 4999 rediturum,
2047 4933 2152 4987 im-

575 5031 724 5098 perio
743 5045 1010 5098 nunquam
1045 5027 1299 5081 ﬁniendo.

642 5124 763 5181 Jun.
819 5125 885 5177 At
925 5123 968 5177 si
1020 5121 1183 5176 Musis
1215 5120 1378 5174 Deum
1432 5119 1481 5174 in
1507 5127 1651 5174 terra
1688 5120 2051 5186 incarnatum,
2090 5131 2146 5176 et

573 5217 844 5271 hoininetn
909 5213 1105 5286 factum
1140 5213 1204 5266 de
1259 5211 1475 5266 Davidis
1504 5215 1785 5282 progenie,
1833 5224 1993 5282 autne
2035 5212 2154 5266 Vir-

572 5313 695 5380 gine
727 5311 1055 5378 praedicatis,
1078 5322 1183 5377 quo
1219 5317 1375 5378 pacto
1425 5323 1541 5370 nos,
1573 5306 1806 5370 Juda'os,
1839 5322 1932 5360 seu
1976 5308 2151 5377 Syna-

572 5417 764 5472 gogam
819 5401 1024 5470 rejecit,
1083 5417 1245 5470 quam
1300 5415 1395 5470 per
1434 5397 1618 5455 Mosen
1656 5401 2014 5468 atquclegem
2042 5402 2147 5456 sibi

640 5550 662 5579 ’
689 5548 799 5626 1δὲ
827 5563 902 5626 ’ξ’,ν
1072 5544 1296 5626 "MK".
1328 5562 1401 5612 δὴ
1428 5545 1579 5602 θ-ἳθο
1657 5546 1695 5577 ¹¹
1736 5547 1870 5603 Gen.
1909 5564 1983 5619 tv,
2017 5554 2070 5608 4.
2149 5553 2189 5586 “
2225 5553 2400 5626 iReg.
2439 5569 2554 5618 vnt,
2595 5552 2685 5608 50.
2761 5553 2806 5584 ¹³
2847 5552 3051 5610 Baruch
3121 5569 3202 5626 ιιι,
3234 5555 3327 5626 57,
3365 5556 3464 5614 38.

573 5621 659 5675 tt.
756 5621 800 5650 ιι
840 5618 1028 5673 Matth.
1063 5634 1152 5686 xv,
1184 5617 1275 5671 at.

2273 493 2418 540 ctum
2451 500 2652 556 corpus
2681 501 2835 541 suum
2883 488 3241 557 assumpsisse
3268 487 3594 559 perhibetis?
3626 489 3741 546 Nam
3765 496 3800 550 si

2270 579 2538 632 servando
2591 579 2871 634 hominum
2919 581 3100 651 generi
3160 579 3323 634 homo
3353 579 3521 634 factus
3542 593 3636 647 est,
3666 585 3802 640 multo

2271 671 2442 742 magis
2500 689 2619 738 nos,
2647 690 2807 744 quarti
2871 675 3007 729 alios
3042 676 3252 730 admitti
3287 677 3585 746 Oportebat,
3611 695 3801 748 quorum

2274 763 2342 822 ab
2396 773 2556 835 gente
2608 764 2699 819 Dei
2752 766 2941 819 notitia
2973 782 3064 834 per
3097 778 3372 837 parentem
3403 777 3635 822 nostrum
3662 770 3800 824 Alm-

2273 854 2491 910 bamum
2546 857 2837 925 prodierit;
2871 872 2933 911 ac
2969 865 3077 910 tum
3109 856 3336 911 fortasse
3369 865 3580 911 exteros
3606 871 3805 925 quoque,

2271 948 2316 1002 si
2350 948 2584 1013 volebat,
2623 949 3090 1027 pro‘liumanitate
3120 964 3216 1003 sua
3253 949 3539 1003 asciscere.
3575 947 3675 1003 Hoc
3692 951 3804 1002 enim

2270 1055 2368 1094 nos
2396 1041 2474 1094 vel
2517 1043 2570 1095 in
2605 1043 2792 1112 primis
2821 1042 3046 1110 inducit,
3081 1059 3148 1098 ne
3186 1043 3329 1098 hunc
3368 1056 3487 1097 esse
3519 1040 3656 1095 illum
3678 1040 3808 1097 Hosis

2269 1136 2438 1190 Deum
2471 1135 2756 1190 fateamur.

2273 1292 2278 1298 ,
2338 1226 2560 1284 Cnmsr.
2601 1229 2894 1284 Sciendum
2933 1244 3061 1284 vero
3093 1245 3211 1296 ρει,
3259 1231 3352 1287 Dei
3406 1231 3543 1286 dona
3584 1247 3695 1288 esse
3725 1233 3806 1288 im-

2270 1323 2592 1390 mutabilia;
2628 1340 2748 1378 nam
2781 1341 2903 1380 cum
2939 1325 3170 1396 simplex
3204 1328 3296 1391 sit,
3335 1328 3600 1398 simplicia
3630 1344 3807 1399 quoque

2269 1434 2365 1472 sua
2412 1417 2680 1472 beneficia
2718 1418 2903 1473 locare
2936 1419 3096 1474 solet.
3136 1421 3314 1489 Atque
3361 1421 3413 1475 id
3466 1435 3649 1475 verum
3694 1436 3808 1484 esse,

2269 1525 2336 1566 ex
2362 1509 2776 1567 insensibilibus
2808 1513 2967 1567 rebus
2997 1511 3371 1581 conjecturam
3409 1515 3609 1578 iacere,
3641 1525 3690 1568 et
3713 1530 3810 1580 pcr-

2270 1605 2484 1675 spicere
2531 1613 2637 1660 cst.
2689 1604 2824 1658 Nam
2856 1605 3077 1661 etcoeio
3125 1619 3419 1677 perennem
3470 1608 3808 1676 mobilitatem,

2267 1702 2322 1750 et
2353 1694 2454 1750 soli
2486 1695 2852 1766 splendorem,
2896 1713 2962 1751 ac
2993 1697 3153 1764 lunze,
3191 1714 3258 1754 ne
3287 1699 3499 1769 singula
3533 1716 3810 1772 persequar,

2272 1799 2328 1843 et
2369 1788 2482 1844 sole
2514 1789 2696 1843 lumen
2733 1789 2875 1843 haud
2930 1806 3060 1847 sane
3110 1791 3402 1858 obnoxius,
3453 1792 3674 1862 largitus
3716 1804 3810 1859 est;

2271 1895 2442 1949 eaque
2479 1890 2556 1936 tot
2596 1879 2709 1951 jam
2757 1891 2944 1936 aetates
2990 1883 3210 1938 immota
3249 1883 3472 1940 durant.
3523 1883 3815 1955 Primigenia

2272 1983 2455 2028 autem
2507 1975 2720 2044 parenti
2773 1974 3001 2046 ejusque
3050 1977 3290 2046 posteris
3348 1991 3583 2040 munus,
3635 1977 3813 2031 arbitrii

2269 2063 2581 2120 libertatem
2615 2066 2784 2121 dedit.
2823 2067 2996 2137 Hujus
3040 2067 3215 2136 gratia
3253 2069 3436 2123 Abelis
3467 2071 3626 2124 donis
3660 2069 3815 2138 propi-

2272 2154 2403 2220 tius,
2451 2155 2584 2210 Cain
2621 2157 2886 2226 despexit,
2934 2173 3033 2228 pro
3082 2159 3367 2228 utriusque
3401 2161 3701 2230 ingenio".
3737 2163 3814 2216 At-

2268 2262 2375 2317 que
2409 2265 2473 2302 ex
2504 2264 2570 2303 eo
2602 2249 2887 2316 hactenus,
2920 2268 2986 2306 ne
3018 2252 3329 2306 satietatem
3364 2251 3603 2309 dicendo
3625 2255 3814 2310 atferam

2271 2341 2528 2407 (Satietas
2561 2344 2703 2398 enim
2748 2344 3015 2400 orationis
3072 2344 3291 2400 inimica
3340 2357 3424 2402 est
3481 2348 3751 2416 auribus).
3790 2360 3815 2402 ο

2270 2433 2440 2489 malos
2477 2437 2637 2500 male,
2673 2445 2726 2490 et
2755 2438 2924 2492 bonos
2963 2438 3194 2508 benigne
3229 2438 3448 2510 accipit,
3491 2450 3548 2495 ut
3592 2440 3818 2511 cujusque

2269 2528 2512 2582 actiones
2544 2538 2599 2583 et
2631 2528 2770 2584 facta
2804 2541 3105 2586 merentur.
3141 2532 3196 2586 id
3227 2531 3368 2602 quod
3399 2549 3504 2602 per
3529 2532 3694 2587 virum
3719 2531 3813 2599 Dei,

2269 2622 2362 2692 qui
2397 2619 2512 2676 Heli
2547 2621 2780 2677 ﬁliorum
2819 2623 3028 2678 scelera
3079 2622 3478 2692 exprobrabat,
3539 2624 3623 2678 liis
3666 2625 3820 2679 verbis

2272 2723 2548 2772 testatur:
2586 2733 2605 2767 t
2646 2715 2964 2786 Quicunque
3015 2715 3401 2786 gloriﬁcaverit
3464 2733 3590 2783 me,
3643 2717 3818 2788 glorifi-

2269 2807 2400 2861 cabo
2429 2822 2550 2861 eum
2582 2823 2596 2862 :
2626 2809 2716 2877 qui
2747 2817 2925 2862 autem
2961 2816 3318 2864 contemnunt
3341 2822 3453 2876 me,
3493 2815 3656 2866 erunt
3691 2807 3820 2878 igno-

2266 2898 2403 2956 biles
2433 2900 2499 2954 ".
2536 2919 2556 2954 ι

2865 2991 3099 3049 CAPUT
3139 2993 3232 3053 XI.

2707 3085 2785 3140 De
2817 3086 3001 3142 divina
3042 3088 3407 3148 Providentia.

2335 3173 2476 3242 Quid
2517 3174 2723 3244 igitur?
2757 3191 3048 3231 commune
3095 3179 3198 3233 hoc
3242 3180 3613 3236 humanitatis
3652 3179 3819 3237 donum

2264 3279 2485 3341 propter
2511 3285 2607 3325 vos
2637 3267 2854 3326 Judzeos
2888 3270 3178 3326 tollendum
3213 3282 3352 3338 erat,
3391 3289 3500 3329 nec
3527 3275 3681 3330 bonis
3708 3289 3821 3344 pra-

2265 3364 2371 3416 mia
2411 3361 2722 3428 tribuenda,
2758 3378 2861 3418 nec
2905 3363 3061 3419 malis
3094 3366 3360 3434 supplicia
3404 3365 3735 3438 irroganda?

2331 3448 2453 3503 Jun.
2491 3450 2730 3506 Minime.

2333 3539 2560 3596 Cnmsr.
2600 3541 2753 3608 Quod
2785 3541 2830 3597 si
2863 3542 2914 3598 id
2953 3544 3090 3598 adeo
3126 3545 3426 3599 absurdum
3469 3521 3722 3614 censetis,
3752 3542 3823 3599 vel

2262 3649 2394 3688 sane
2414 3634 2696 3701 judicatis,
2728 3650 2850 3707 quae
2880 3636 2982 3691 alia
3009 3636 3193 3704 opiﬁci
3230 3638 3338 3693 Deo
3362 3640 3676 3696 adhibenda
3703 3648 3821 3702 erat,

2262 3743 2363 3784 nec
2395 3727 2635 3782 adhibita
2671 3738 2757 3784 est
2797 3729 3157 3799 procuratio?
3204 3732 3287 3786 An
3335 3747 3446 3786 non
3496 3733 3641 3803 apud
3673 3732 3822 3787 Abra-

2263 3821 2482 3875 hamurn
2516 3821 2750 3890 epulari,
2789 3825 2880 3892 qui
2922 3824 3129 3878 nullius
3161 3835 3368 3893 egeret,
3402 3826 3826 3881 sustinuit?An-

2263 3931 2367 3968 non
2408 3914 2661 3983 deinceps
2692 3930 2787 3985 per
2808 3915 2980 3980 isaac,
3014 3925 3068 3972 et
3097 3915 3289 3982 Jacob,
3323 3934 3384 3972 ac
3421 3921 3710 3975 duodecim
3743 3933 3825 3990 pa-

2263 4007 2551 4072 triarchas,
2602 4008 2862 4084 unigeniti
2911 4008 3032 4063 Filii
3074 4010 3512 4069 incarnationem
3561 4016 3707 4070 varie
3744 4014 3825 4069 de-

2262 4097 2435 4163 texit;
2485 4099 2560 4151 uti
2604 4107 2716 4153 tum
2770 4100 2822 4153 in
2871 4097 3069 4156 Genesi
3117 4112 3172 4156 et
3219 4101 3432 4171 Exodo,
3486 4114 3739 4177 tanquam
3779 4105 3824 4159 in

2259 4191 2594 4261 aenigmate,
2651 4192 2853 4247 clamat
2903 4192 3125 4249 Moses?
3181 4195 3318 4250 Tum
3372 4209 3564 4253 autem
3612 4199 3699 4269 qui
3747 4213 3827 4250 vos

2259 4287 2561 4340 crassiores
2598 4286 2784 4350 sciret,
2832 4287 3136 4367 crassiores
3183 4290 3348 4344 etiam
3398 4293 3708 4347 solutiones
3749 4305 3827 4361 per

2260 4390 2414 4434 vates
2477 4377 2744 4434 adhibuit.
2813 4377 2955 4445 Quid
3027 4381 3170 4435 enim
3219 4382 3304 4437 his
3357 4381 3624 4440 Jeremiaa
3673 4387 3828 4441 verbis

2261 4473 2512 4528 clarius?
2551 4490 2571 4525 ‹
2607 4472 2706 4527 Hic
2730 4482 2815 4529 est
2847 4473 2990 4529 Deus
3017 4487 3227 4542 neSIer,
3258 4486 3313 4530 et
3341 4492 3452 4533 non
3487 4479 3828 4535 aestimabitnr

2259 4565 2396 4620 alius
2448 4567 2711 4621 adversus
2756 4581 2902 4622 eum.
2953 4565 3052 4623 Hic
3105 4569 3386 4624 adinvenit
3441 4587 3663 4628 omnem
3708 4574 3825 4627 viam

2259 4660 2583 4727 disciplime,
2637 4670 2690 4715 et
2743 4660 2966 4714 tradidit
3011 4660 3158 4715 illam
3196 4659 3368 4717 Jacob
3415 4681 3594 4734 puero
3626 4680 3739 4730 suo,
3782 4672 3828 4716 et

2259 4752 2422 4807 lsrael
2453 4753 2651 4807 dilecto
2695 4768 2814 4808 suo.
2857 4752 2982 4807 Post
3014 4754 3128 4810 haec
3162 4754 3214 4808 in
3251 4756 3415 4810 terris
3456 4757 3612 4812 visus
3654 4768 3748 4820 cst,
3784 4763 3830 4807 et

2258 4861 2378 4899 cum
2415 4845 2724 4900 hominibus
2756 4857 3117 4901 conversatus
3147 4857 3228 4902 est
3260 4847 3328 4902 ¹⁸.
3366 4868 3384 4899 ι
3423 4849 3539 4904 Aut
3570 4850 3676 4904 illis
3699 4848 3829 4903 Isaia:

2259 4939 2386 5006 quid
2415 4937 2629 5007 aptius?
2660 4955 2678 4988 ‹
2709 4935 2851 4990 Ecce
2872 4937 3034 5007 Virgo
3058 4939 3350 5008 concipiet,
3379 4947 3436 4993 et
3462 4941 3640 5006 pariet
3660 4941 3829 4999 lilium,

2257 5041 2310 5084 ct
2355 5031 2636 5084 vocabitur
2688 5045 2885 5083 nomen
2945 5031 3065 5099 ejus
3137 5032 3460 5086 Emmanuel
3500 5035 3578 5096 “3
3620 5052 3636 5085 ι
3689 5031 3828 5102 quasi

2259 5131 2408 5183 dicas
2444 5147 2457 5182 ;
2489 5126 2781 5182 Nobiscum
2819 5127 2983 5193 Deus,
3034 5140 3087 5183 et
3120 5147 3242 5200 qua:
3297 5131 3508 5204 reliqua
3563 5144 3688 5190 sunt
3729 5134 3831 5189 cla-

2261 5221 2408 5276 riora
2442 5234 2622 5275 vatum
2657 5224 2947 5290 praeconia.
2995 5222 3221 5277 Demum
3278 5228 3397 5296 ipse
3441 5243 3664 5298 quoque
3693 5240 3830 5282 ortus

2262 5314 2524 5370 Servatur
2554 5332 2567 5368 :
2609 5335 2627 5368 t
2661 5315 2778 5369 Non
2812 5332 2930 5369 sum
2970 5317 3194 5380 missus,
3233 5319 3430 5389 inquit,
3488 5324 3593 5376 nisi
3628 5328 3692 5376 ad
3724 5336 3828 5389 pcr-

2260 5411 2400 5465 ditas
2440 5425 2569 5465 oves
2598 5410 2792 5464 domus
2822 5409 2984 5465 israel
3014 5411 3078 5464 ³⁸.
3112 5429 3131 5463 ι
3175 5411 3430 5469 Proditus
3471 5431 3626 5480 vero,
3661 5425 3714 5469 et
3756 5427 3830 5467 se—

3549 5560 3593 5592 “
3615 5559 3714 5617 lsa.
3743 5575 3826 5626 vn,

651 5762 764 5834 (ιι)
827 5764 899 5820 De
931 5763 1283 5832 processionc
1340 5760 1572 5831 Spiritus
1601 5760 1772 5818 sancti
1807 5761 2044 5831 ioquitur
2071 5772 2262 5819 auctor
2282 5761 2406 5828 iste,
2436 5770 2493 5816 ut
2523 5761 2764 5820 Grmcus.
