4004 6206
199 417 286 483 817
1247 419 1634 481 DIALOGUS
1673 419 1976 483 CONTRA
2013 423 2348 487 JUDAEOS.

3308 417 3415 487 818

203 535 374 606 pullus,
423 522 582 602 atque
627 533 924 590 suscitatus
953 573 966 600 ,
1022 543 1136 590 tum
1182 535 1462 604 discipulis
1498 537 1738 609 gentium
1770 538 1817 594 Α
1845 548 1993 605 sunt,
2018 550 2178 610 atque
2203 557 2230 595 a
2255 540 2513 596 felicitate
2536 541 2718 597 alieni.
2741 539 2941 595 llorum
2967 539 3119 594 Isaac
3141 535 3413 603 duplicem

200 641 414 696 quoque.
436 626 794 682 eruditionem
839 629 1156 694 mandavit,
1208 631 1442 686 dicens:
1481 651 1499 682 ι
1545 631 1740 688 Euntes

200 723 364 772 docete
389 732 574 772 omnes
614 729 840 790 gentes,
891 720 1228 789 haptizantes
1278 738 1374 779 eos
1418 723 1471 777 in
1523 725 1740 780 nomine

200 806 350 861 Patris
381 819 433 862 et
489 807 612 865 Filii
660 817 718 864 et
768 811 1006 881 Spiritus
1041 815 1216 869 sancti
1247 816 1312 870 ¹⁶.
1352 835 1370 868 ι
1416 816 1472 870 Id
1514 818 1657 887 quod
1686 829 1740 874 et

200 899 479 956 Salomonis
518 903 783 971 sapientia
837 907 1126 974 praedixit:
1166 926 1184 960 ι
1221 908 1357 975 Quia
1407 911 1633 976 vocavi,
1684 919 1740 966 et

198 992 474 1047 renuistis:
526 997 854 1064 despexistis
894 1015 1051 1054 omne
1094 1003 1378 1056 consilium
1422 1019 1637 1071 meum,
1685 1014 1740 1060 et

198 1087 571 1154 increpationes
605 1106 752 1146 meas
784 1093 1138 1162 neglexistis;
1189 1111 1288 1166 ego
1317 1113 1533 1166 quoque
1568 1100 1617 1153 in
1654 1100 1738 1153 in-

197 1183 334 1234 teritu
363 1192 544 1237 vestro
583 1185 790 1252 ridebo,
823 1198 878 1241 et
909 1190 1282 1256 subsannabo,
1320 1204 1440 1244 cum
1475 1191 1632 1246 vobis
1663 1193 1735 1258 id,

193 1275 318 1341 quod
369 1275 662 1341 timebatis,
699 1280 1067 1333 advenerit".
1103 1298 1121 1330 ι
1171 1280 1356 1350 Itaque
1403 1282 1551 1336 varie
1597 1283 1738 1338 Deus

194 1364 330 1417 saluti
363 1377 559 1420 vestrae
608 1371 964 1435 procurandae
1002 1373 1243 1435 studuit;
1276 1387 1449 1442 eoque
1495 1375 1735 1438 nomine,

191 1455 314 1523 quod
346 1460 653 1526 renueritis,
682 1471 872 1530 gentes
897 1478 994 1519 vos
1023 1463 1392 1533 damnabunt;
1417 1467 1560 1536 quod
1585 1466 1735 1534 ipSte,

189 1545 471 1600 Iuda-orum
504 1550 850 1618 adjumentis,
891 1569 1013 1622 quae
1054 1556 1196 1611 Deus
1232 1558 1358 1612 olim
1394 1574 1491 1630 per
1528 1560 1734 1625 Mosen,

190 1654 278 1707 qua
317 1640 365 1694 in
400 1642 624 1704 Genesi,
659 1659 762 1711 qua
799 1646 850 1698 in
879 1645 1084 1712 Exodo,
1125 1657 1182 1703 ut
1212 1649 1472 1716 diximus,
1505 1652 1737 1708 obscure

191 1735 464 1800 proposuit,
506 1749 569 1788 ac
602 1745 715 1806 post
746 1738 906 1792 etiam
942 1740 1358 1798 dilucidioribus
1391 1755 1574 1800 vatum
1609 1763 1736 1803 ora-

186 1823 304 1878 culis
360 1829 624 1895 acceptis,
677 1829 904 1898 jusmiae
955 1832 1136 1887 lumen
1187 1835 1524 1892 admiserunt
1556 1854 1571 1892 :
1601 1854 1731 1904 vos,

184 1929 387 1982 quorum
423 1934 592 1972 causa
627 1921 742 1975 brec
773 1924 950 1976 omnia
984 1927 1294 1996 conscripta
1325 1939 1472 1992 sunt,
1505 1930 1733 1998 quihus-

182 2021 272 2074 que
302 2019 446 2063 vates
481 2026 640 2066 suum
675 2015 992 2082 sanguinem
1017 2014 1294 2083 Iuderunt,
1333 2035 1449 2086 vos,
1486 2022 1729 2094 inquam,

185 2100 364 2169 reiecto
409 2103 549 2168 sole,
586 2105 838 2160 tenebras
870 2121 968 2176 pro
1013 2111 1236 2176 perenni
1284 2112 1404 2168 luce
1444 2115 1729 2185 elegistis;

181 2193 356 2260 quibus
403 2205 586 2250 tamen
639 2198 1011 2257 illuminandis
1068 2203 1183 2271 ipse
1242 2220 1457 2275 quoque
1516 2208 1731 2265 demum

179 2285 472 2354 unigenilus
510 2289 603 2344 Dei
645 2290 813 2346 Filius
854 2303 910 2348 et
951 2294 1044 2350 lux
1089 2304 1308 2354 aeternae
1345 2299 1521 2367 lucis,
1574 2317 1730 2357 suum

176 2390 371 2446 quoque
417 2382 741 2452 sanguinem
790 2383 950 2441 fudit.

233 2467 342 2523 Jun.
375 2470 432 2524 Si
471 2487 600 2528 vere
641 2474 794 2530 nobis
823 2479 1103 2548 ostendes,
1152 2481 1358 2553 Mosen,
1388 2495 1496 2541 tum
1532 2487 1582 2542 in
1623 2488 1730 2544 Ge-

175 2563 290 2626 nesi,
326 2572 434 2617 tum
470 2565 525 2618 in
557 2565 746 2622 Exodo
777 2568 958 2627 dehis
988 2572 1253 2642 locutum,
1291 2586 1346 2633 et
1382 2588 1559 2635 tecum
1606 2596 1730 2637 sen-

172 2655 368 2718 tiemus,
407 2667 461 2710 et
501 2660 806 2718 credemus.

231 2743 447 2801 (Ιιιιιιδτ.
478 2749 534 2801 Si
568 2753 875 2807 crassiores
910 2758 1297 2825 prophetarum
1321 2762 1728 2830 praedictiones,

170 2849 334 2904 aperte
365 2839 460 2895 Dei
496 2841 694 2897 Filium
728 2848 1114 2915 praedicantes,
1152 2853 1315 2906 vestri
1353 2853 1590 2924 majores
1621 2874 1724 2912 non

172 2931 478 3000 audierunt;
535 2936 784 3000 scilicet,
838 2938 1075 2996 Mosaica
1131 2945 1288 3000 vobis
1341 2949 1565 3017 scripta,
1607 2967 1726 3021 quae

171 3038 259 3076 non
313 3025 536 3092 palam,
595 3031 688 3083 sed
741 3030 970 3088 obscure
1019 3036 1202 3094 omnia
1247 3041 1522 3110 produnt,
1574 3043 1725 3099 vobis

167 3115 344 3173 Iacient
380 3121 568 3176 Iidem.

748 3262 979 3320 CAPUT
1020 3263 1137 3321 XII.

220 3371 324 3427 Cur
355 3372 502 3428 Deus
540 3391 736 3429 arcana
769 3377 895 3446 ﬁdei
929 3379 1163 3435 homines
1199 3383 1354 3438 initio
1383 3385 1651 3442 celaverit.

219 3487 333 3543 Jun.
374 3487 444 3542 Et
472 3504 570 3543 cur
597 3501 776 3546 autem
811 3509 916 3547 non
949 3495 1162 3564 planius
1199 3501 1443 3568 aperuit?

222 3575 439 3633 Cuntsr.
487 3579 618 3634 Erat
654 3591 768 3636 tum
817 3583 1298 3656 intempestivum,
1351 3600 1409 3645 ut
1457 3593 1725 3664 dicebam,

160 3667 204 3721 id
232 3671 484 3738 prodere.
525 3671 659 3728 Nam
691 3675 735 3730 si
771 3676 835 3732 de
865 3676 1197 3736 Clieruhinis
1247 3692 1410 3754 atque
1465 3686 1726 3758 Seraphi-

158 3760 258 3824 nis,
303 3774 475 3832 atque
507 3765 657 3819 onmi
705 3769 917 3824 ctelesti
971 3773 1231 3829 satellitio
1277 3777 1539 3848 propheta
1590 3782 1725 3837 nihil

162 3856 404 3921 prodidit,
440 3872 579 3927 quas
615 3871 698 3913 res
744 3863 884 3930 apud
920 3878 979 3917 se
1025 3867 1308 3935 explorate
1349 3873 1599 3941 cognitas
1629 3876 1728 3930 ha-

159 3944 313 4013 beret,
346 3949 446 4004 sed
500 3965 565 4004 ex
603 3953 1052 4023 aspectabilibus,
1104 3959 1208 4014 sub
1236 3975 1563 4034 sensumque
1599 3968 1728 4023 sub-

151 4035 299 4104 jectis
333 4042 550 4112 erigere
584 4059 683 4098 uos
711 4047 950 4115 primum
986 4049 1051 4105 ad
1094 4051 1187 4107 Dei
1237 4053 1483 4111 notitiam
1517 4060 1719 4126 voluit;

155 4142 345 4197 quanto
399 4136 577 4206 magis
632 4140 699 4194 de
761 4142 1021 4209 perenni,
1088 4151 1142 4198 et
1201 4149 1458 4216 temporis
1505 4163 1724 4221 experte

155 4221 434 4295 Trinitate,
474 4221 722 4286 aut'Filii
759 4234 1313 4308 inearnatione'lquae
1344 4252 1398 4295 et
1431 4251 1509 4297 tot
1543 4254 1719 4300 vatum

156 4314 357 4376 indiciis
408 4322 716 4391 patefacta,
769 4335 818 4381 et
862 4342 1027 4397 porro
1071 4331 1311 4387 exhibita
1346 4348 1410 4389 ac
1456 4336 1717 4406 perfecta,

155 4404 408 4466 hactenus
451 4427 482 4466 a
530 4412 681 4468 vobis
721 4428 966 4485 negatur.
1027 4419 1128 4473 Sed
1170 4421 1423 4477 nimirum
1457 4404 1721 4494 quaecum

153 4515 264 4568 que,
320 4513 380 4558 ut
438 4505 676 4570 aiebam,
713 4506 1003 4564 obscurius
1051 4511 1206 4576 dixit,
1260 4515 1467 4571 duabus
1521 4519 1604 4573 his
1653 4523 1718 4576 de

151 4594 317 4648 causis
379 4596 558 4651 fecit:
601 4605 712 4652 tum
772 4607 830 4652 ut
896 4601 1073 4655 divina
1129 4618 1187 4658 se
1251 4606 1441 4662 notitia
1498 4610 1713 4680 plenum

151 4689 496 4754 ostenderet;
557 4698 670 4744 tum
734 4701 794 4746 ut
850 4694 940 4763 qui
1000 4708 1120 4763 post
1173 4714 1232 4753 se
1285 4701 1477 4756 eodem
1521 4707 1716 4774 spiritu

153 4792 322 4833 essent
368 4781 577 4847 allecti,
618 4797 683 4839 ex
716 4785 1018 4854 mitigmatis
1051 4793 1116 4842 ad
1164 4790 1408 4846 divinum
1462 4796 1715 4863 splendo-

154 4884 251 4922 rem
284 4872 648 4943 erigerentur.
702 4875 887 4944 Itaque
939 4879 1334 4938 inlrucmosum
1387 4884 1460 4940 sit
1511 4902 1573 4942 ea
1622 4905 1716 4947 vos

152 4960 353 5019 docere.

212 5055 328 5113 luo.
359 5059 478 5114 Imo
507 5077 636 5116 vero
671 5077 941 5131 rogamus,
976 5066 1179 5119 dissere
1227 5068 1380 5124 nobis
1428 5086 1492 5126 ea
1521 5112 1535 5136 ,
1590 5091 1710 5144 quae

153 5163 267 5207 sunt
293 5169 358 5206 ex
395 5153 548 5208 Mose
581 5155 887 5224 desumpta.
929 5155 1061 5211 Nam
1112 5171 1162 5214 et
1203 5161 1499 5231 principem
1543 5180 1571 5218 a
1608 5168 1712 5222 Deo

151 5255 312 5297 vatem
346 5244 538 5300 Mosen
569 5247 900 5315 accepimus,
937 5257 991 5301 et
1024 5249 1069 5304 is
1105 5266 1169 5304 ex
1207 5251 1441 5322 Egypto
1494 5257 1716 5313 eductos

151 5335 196 5387 in
227 5336 313 5391 Dei
348 5339 600 5392 notitiam
638 5339 872 5395 induxit.

211 5428 434 5485 Caatsr.
473 5429 640 5500 Igitur
671 5448 699 5483 a
738 5434 914 5502 primo
961 5433 1051 5487 Dei
1103 5443 1320 5490 amante
1371 5437 1605 5508 homine,
1657 5441 1707 5497 id

150 5531 240 5584 est,
274 5525 612 5590 Abrahamo,
646 5526 946 5579 ordiamur.
984 5525 1043 5579 Ei
1086 5529 1190 5580 duo
1220 5540 1373 5584 erant
1406 5532 1539 5597 uati,
1568 5549 1708 5590 unus

151 5625 208 5667 ex
237 5617 459 5685 ancilla,
485 5618 627 5672 alter
656 5632 722 5672 ex
751 5617 943 5672 libera.
975 5617 1110 5674 Nam
1140 5625 1320 5676 caueri
1349 5623 1467 5678 sine
1495 5626 1712 5685 nomine

212 5819 250 5850 "
290 5820 483 5875 llattlt.
521 5837 710 5886 xxvnt,
746 5823 829 5878 I9.

151 5902 267 5954 xru,
295 5891 349 5947 9.
433 5894 475 5925 ²’
517 5895 647 5950 ibid.
691 5895 774 5952 I2.

909 5827 951 5858 "
993 5827 1149 5880 Prov.
1184 5844 1221 5892 ι,
1252 5828 1344 5892 “2i,
1376 5829 1465 5884 25.

853 5897 896 5928 ”
937 5899 1069 5954 ibid.
1111 5901 1195 5954 I9.

1563 5832 1605 5864 "
1645 5831 1786 5890 Osee
1833 5850 1870 5898 t,
1915 5832 1969 5888 Ξ,

1272 5903 1317 5932 ’³
1357 5900 1490 5957 Gen.
1532 5919 1641 5965 xvi.
1688 5905 1740 5964 ι.

1842 632 2010 703 gessit
2062 634 2291 703 ﬁguram
2328 648 2342 686 :
2380 647 2539 687 unam
2595 632 2787 688 ordine
2842 630 3135 694 nascendi;
3184 627 3413 682 electum

1843 740 1907 780 ex
1952 726 2204 797 gentibus
2227 726 2478 795 p0pulum
2502 765 2518 791 ,
2571 724 2790 779 Christo
2830 725 3170 778 adhaesurum
3207 720 3412 773 refere-

1842 817 1932 872 bat
1956 834 1971 883 ;
2002 818 2162 873 modo
2191 828 2372 872 autem
2400 819 2677 883 nascendi,
2708 829 2763 872 et
2791 814 3181 880 immolatione,
3203 810 3408 867 Christi

1845 910 2056 966 Domini
2098 911 2438 966 nativitatem
2472 919 2527 965 et
2578 921 2803 968 mortem
2861 907 3164 978 ﬁgurabat;
3222 903 3415 959 Ismael

1839 1013 2028 1058 contra
2064 1014 2246 1076 typum
2281 1005 2553 1074 expressit
2605 1002 2843 1057 Judaicm
2885 999 3060 1070 gentis
3095 1017 3108 1053 :
3143 1007 3306 1066 atque
3358 994 3413 1050 id

1840 1111 2028 1150 verum
2067 1112 2208 1162 esse,
2242 1098 2367 1152 audi
2397 1097 2563 1151 Deum
2598 1094 2735 1151 Osee
2771 1094 3113 1149 mandantem
3146 1110 3160 1146 :
3195 1109 3214 1142 ‹
3249 1088 3414 1143 Sume

1841 1188 1938 1242 tibi
1971 1201 2196 1242 uxorem
2238 1187 2686 1250 fornicationum,
2725 1196 2779 1242 et
2810 1184 2893 1240 fac
2937 1185 3044 1253 tibi
3075 1182 3213 1237 Iilios
3241 1179 3415 1235 I'orni-

1839 1278 2118 1332 cationum
2155 1296 2170 1333 :
2212 1278 2337 1346 quia
2394 1277 2669 1334 fornicans
2700 1276 3058 1330 I'ornicabitur
3086 1272 3415 1327 universitas

1836 1368 2145 1425 Judaeorum
2174 1385 2202 1424 a
2231 1369 2460 1424 Domino
2488 1371 2551 1433 ⁸⁸,
2581 1369 2935 1438 quamobrem
2969 1382 3072 1421 non
3105 1381 3241 1419 uxor
3268 1377 3409 1429 mea,

1836 1471 1892 1516 et
1921 1476 2021 1530 ego
2054 1478 2158 1517 non
2187 1463 2271 1517 vir
2299 1461 2415 1533 ejus
2445 1461 2510 1515 ".
2546 1481 2563 1514 ι
2595 1460 2802 1526 Quibus
2829 1459 3010 1514 verbis
3041 1455 3409 1513 sacerdotium

1838 1569 2056 1624 quoque
2108 1554 2484 1624 abrogandum
2532 1553 2809 1606 innuebat.
2853 1549 2985 1605 Cum
3035 1551 3180 1605 enim
3232 1562 3411 1602 tuere-

1840 1647 2027 1702 tricata
2060 1658 2208 1702 esset
2243 1645 2612 1717 (Synagoga),
2643 1643 2872 1698 multata
2907 1653 2989 1697 est
3031 1657 3197 1711 regno
3228 1649 3283 1693 et
3315 1654 3406 1696 δι’

1838 1738 2081 1792 cerdotio
2111 1747 2233 1808 post
2258 1736 2464 1793 Christi
2491 1737 2804 1802 adventum,
2840 1734 2936 1805 qui
2963 1734 3218 1804 princeps
3246 1745 3408 1787 verus

1837 1840 1925 1887 est
1952 1838 2116 1900 atque
2144 1839 2348 1887 rector.

2417 1921 2646 1979 CAPUT
2686 1921 2827 1979 XIII.

2139 2037 2390 2093 Iudaica
2423 2038 2593 2106 gentis
2633 2055 2664 2090 a
2713 2037 2814 2091 Deo
2851 2036 3093 2104 defectio.

1909 2157 2073 2226 igitur
2104 2155 2146 2211 si
2181 2170 2286 2210 non
2308 2165 2393 2212 est
2415 2155 2480 2209 iis
2501 2153 2962 2216 sacerdotium,nt
2986 2158 3130 2206 certe
3163 2165 3266 2204 non
3299 2157 3404 2214 est,

1835 2250 2056 2305 evidens
2075 2257 2159 2304 est
2190 2263 2284 2302 eos
2315 2247 2670 2302 meretricari.
2695 2246 2824 2298 Nam
2854 2259 3081 2308 quorum
3115 2243 3407 2312 illegitimze

1833 2350 1960 2396 sunt
1992 2340 2212 2411 nuptizr,
2246 2340 2280 2394 ii
2321 2338 2638 2394 adulterium
2662 2337 3027 2393 committunt.
3049 2335 3200 2402 Quod
3229 2336 3269 2389 si
3292 2336 3404 2405 jam

1832 2447 2022 2489 omnes
2072 2431 2433 2496 fornicamur,
2483 2439 2644 2499 atque
2673 2444 2737 2484 ex
2788 2427 3054 2484 adulterio
3083 2436 3403 2492 nascuntur,

1832 2542 2019 2582 omnes
2053 2527 2224 2596 spurii
2257 2536 2402 2580 sunt.
2459 2542 2477 2575 ι
2522 2525 2591 2578 De
2627 2533 2808 2579 scorto
2858 2533 3037 2576 autem
3097 2531 3278 2588 natus,
3328 2523 3407 2576 ait

1831 2619 1995 2676 Musis
2027 2619 2134 2684 lex,
2170 2635 2278 2674 non
2317 2617 2653 2688 ingredietur
2689 2617 2985 2674 Ecelesiam
3041 2616 3254 2672 Domini
3280 2618 3346 2671 ’°.
3377 2633 3400 2669 ι

1904 2711 2097 2780 Operae
2131 2711 2360 2782 pretium
2403 2717 2486 2766 est
2535 2722 2717 2765 autem
2769 2725 3031 2779 qumrere,
3081 2724 3179 2764 cur
3223 2724 3252 2763 a
3295 2709 3404 2763 Deo

1833 2806 2008 2863 foedus
2036 2805 2471 2860 circumcisionis
2500 2814 2714 2873 pactum
2749 2805 2818 2859 sit
2853 2803 2905 2857 in
2940 2803 3187 2866 lsmaele,
3218 2811 3271 2857 et
3299 2817 3403 2858 non

1830 2902 1883 2957 in
1911 2899 2108 2954 Isaac?
2139 2899 2250 2968 Ego
2288 2896 2494 2953 aﬂirmo
2524 2913 2741 2953 causam
2781 2899 2969 2964 fuisse,
2998 2898 3139 2967 quod
3169 2898 3404 2952 circum-

1829 2993 1966 3049 cisio
1995 3001 2116 3046 erat
2145 2991 2385 3046 desitura
2417 3009 2432 3045 :
2467 2999 2630 3060 atque
2678 2989 2728 3045 id
2780 3005 2964 3045 verum
3017 3005 3156 3053 esse,
3205 3004 3267 3044 ex
3314 2989 3400 3044 his

1830 3086 1925 3141 Dei
1974 3086 2041 3141 ad
2090 3086 2457 3141 Abrahamum
2513 3084 2695 3137 verbis
2759 3091 2978 3152 apparet
3023 3099 3035 3136 :
3089 3101 3106 3135 ι
3145 3083 3222 3136 Tu
3271 3097 3399 3154 ergo

1827 3178 2106 3234 custodies
2142 3185 2356 3246 pactum
2402 3191 2578 3230 meum
2614 3185 2666 3228 et
2693 3189 2875 3228 semen
2907 3183 3054 3227 tuum
3093 3181 3213 3240 post
3261 3183 3309 3226 te
3343 3172 3409 3227 in.

1830 3268 2274 3342 generationibus
2298 3267 2410 3323 suis
2435 3269 2504 3327 ιι.
2536 3287 2554 3320 ι
2582 3265 2650 3321 Et
2676 3267 2870 3321 iterum
2894 3284 2908 3321 :
2944 3284 2961 3317 ‹
2993 3265 3163 3320 Omne
3188 3278 3406 3319 mascup.

1830 3362 1997 3416 linum
2032 3363 2086 3416 in
2133 3361 2571 3431 generationibus
2613 3359 2807 3412 vestris
2849 3357 3403 3412 circumcidetur“.s

1829 3452 1903 3508 De
1948 3454 2101 3509 Isaae
2149 3465 2330 3508 autem
2391 3468 2496 3507 non
2548 3451 2623 3506 ita
2680 3451 2819 3505 Deus
2886 3451 3207 3519 paciscitur;
3258 3451 3394 3506 sed:

1832 3565 1851 3599 ι
1891 3547 2229 3602 Constituam
2286 3556 2500 3615 pactum
2538 3561 2715 3600 meum
2751 3544 2823 3597 illi
2873 3544 2926 3597 in
2980 3543 3156 3598 {terius
3203 3543 3399 3616 scrupi-

1827 3649 2042 3694 ternum
2071 3639 2142 3692 ".
2175 3657 2192 3691 i
2230 3637 2550 3699 Observato,
2585 3645 2639 3690 ut
2668 3629 2902 3700 Ismaeli,
2930 3634 3021 3705 qui
3057 3635 3397 3705 Synagogam

1827 3733 2030 3788 referre
2083 3741 2333 3801 putatur,
2384 3731 2584 3800 quippe
2629 3730 3002 3799 primigenius,
3054 3729 3416 3782 Iit-maturum-

1825 3837 1885 3879 se
1943 3823 2118 3879 {tellus
2167 3824 2428 3878 duratura
2487 3823 2602 3892 ejus
2654 3822 2969 3892 posteritate
3014 3822 3397 3890 repromittat;

1827 3932 1952 3972 cum
1985 3916 2138 3971 Isaae
2176 3930 2324 3980 vero,
2366 3914 2454 3985 qui
2485 3928 2685 3969 novum
2728 3913 2985 3983 pepulum
3018 3920 3397 3982 repraesentat,

1824 4011 2215 4079 sempiternum
2262 4007 2383 4063 iniit
2429 4005 2625 4062 lmdus.
2669 4024 2687 4058 ‹
2719 4005 2926 4060 Ancilla
2973 4004 3292 4084 concepisse
3338 4018 3399 4059 se

1827 4103 2017 4156 videns
2050 4140 2066 4166 ,
2132 4099 2376 4169 despexit
2411 4098 2683 4154 dominam
2726 4114 2878 4154 suam
2925 4097 3005 4165 “;
3045 4117 3062 4149 ι
3109 4097 3397 4169 Synagoga

1824 4195 2056 4259 scilicet,
2089 4203 2310 4261 accepta
2341 4192 2478 4260 lege,
2529 4207 2592 4246 ac
2625 4194 2787 4263 bysso
2814 4206 3176 4262 purpuraque,
3207 4205 3394 4261 regno,

1825 4291 2070 4359 inquam,
2111 4302 2176 4342 ac
2210 4285 2370 4341 simul
2414 4285 2725 4356 pontiﬁcatu
2775 4295 2986 4350 ornata,
3025 4285 3207 4339 heram
3259 4300 3396 4340 con-

1826 4381 2046 4447 tempsit
2103 4394 2300 4444 suam,
2358 4393 2574 4431 manum
2629 4387 2818 4432 contra
2863 4378 2953 4432 Dei
3005 4377 3394 4446 omnipotentis

1822 4475 2164 4544 majestatem
2207 4481 2262 4527 et
2309 4473 2556 4527 dextram
2603 4471 2851 4537 sustulit;
2910 4471 3134 4540 ejusque
3187 4469 3391 4523 vultum

1749 4583 1792 4638 ι)
1822 4567 2042 4622 omnino
2094 4565 2329 4635 effugere
2374 4566 2693 4629 conabatur,
2725 4565 2852 4619 dum
2907 4581 2925 4613 ‹
2961 4564 3208 4617 occidere
3263 4577 3395 4633 pro.

1826 4655 2035 4725 phetas,
2069 4665 2123 4710 et
2157 4654 2395 4723 lapidare
2425 4654 2490 4708 ad
2531 4669 2588 4709 se
2626 4655 2818 4708 missos
2852 4654 3169 4709 moliebatur
3190 4655 3256 4709 ".
3294 4670 3318 4705 ι

2412 4768 2637 4825 CAPUT
2677 4767 2814 4826 XIV.

2083 4887 2424 4953 Comparatio
2462 4883 2753 4954 Synagoga?
2787 4895 2834 4941 et
2874 4887 3126 4954 gentium.

1894 4977 2201 5046 Praepotens
2250 4989 2429 5031 autent
2485 4977 2625 5030 Deus
2676 4978 2881 5031 exsiliis
2919 4977 3015 5046 (ut
3062 4994 3180 5049 quae
3215 4981 3392 5049 primo

1821 5084 2015 5144 Sponte
2049 5073 2292 5142 fugisset)
2327 5071 2664 5142 Synagogam
2696 5072 2837 5126 male
2871 5072 3129 5140 multans,
3170 5079 3386 5130 tandem

1824 5168 1969 5222 velut
2004 5167 2255 5221 ancillam
2309 5169 2494 5221 durius
2534 5166 2792 5230 habitam,
2831 5167 3094 5236 propitius
3130 5184 3223 5237 per
3260 5185 3387 5240 pro-

1819 5259 2010 5329 phetas
2041 5257 2202 5327 jussit
2231 5258 2297 5311 ad
2335 5259 2517 5312 heram
2553 5273 2732 5320 suam,
2757 5258 2808 5310 id
2832 5268 2933 5323 est,
2960 5259 3385 5331 Hierosolymam

1821 5351 2114 5413 reverti”,
2171 5361 2222 5404 et
2258 5351 2375 5418 ejus
2428 5365 2484 5404 se
2533 5350 2710 5403 manui
2747 5350 3102 5415 submittere;
3159 5352 3387 5406 adorare

1820 5443 2064 5496 Videlicet
2109 5443 2158 5495 in
2203 5442 2476 5495 Bethleem
2512 5451 2715 5504 natum,
2753 5448 2806 5495 et
2836 5441 3176 5496 Servatorem
3217 5443 3382 5498 Dentri

1819 5536 2091 5590 Christum
2126 5535 2386 5590 confiteri.
2428 5534 2672 5604 Cumque
2707 5550 2918 5589 reversa
2962 5535 3241 5606 Synagoga
3275 5552 3383 5592 non

1823 5627 1980 5683 modo
2016 5643 2118 5680 non
2148 5626 2517 5692 confiteretur,
2556 5626 2646 5680 scd
2681 5627 2842 5681 etiam
2876 5629 3045 5693 Isaac,
3073 5643 3165 5681 seu
3195 5644 3387 5686 ret-ens

2052 5834 2090 5865 ¹⁸
2132 5832 2266 5890 Osee
2301 5851 2357 5892 tt.
2394 5834 2447 5888 2.
2546 5835 2591 5866 '°
2634 5831 2787 5886 Deut.
2824 5849 2975 5895 xsttt,
3021 5832 3076 5884 2.
3157 5833 3195 5864 “
3240 5831 3374 5888 Gen.

1835 5907 1888 5959 4.
1966 5905 2008 5934 ’⁵
2048 5903 2238 5960 Matth.
2284 5920 2435 5966 xxnt,
2487 5907 2574 5961 57.
2616 5905 2659 5936 "
2698 5904 2834 5958 Gen.
2880 5917 2990 5967 xvi,
3035 5904 3090 5958 9.
