4004 6206
447 350 554 420 819

1660 357 1758 419 AN
1769 351 2085 417 DRDNICI
2128 353 2438 422 COMNEN
2448 363 2474 421 1

3617 364 3718 431 8‘20

448 479 641 526 natum
693 470 970 529 Christum
1032 473 1318 541 illuderet,
1381 489 1502 531 eum
1559 483 1685 547 post
1744 471 2031 543 chlamyde
2060 466 2105 522 Δ
2134 479 2581 543 comperennem.
2620 493 2687 535 ac
2716 489 2846 537 natu
2878 482 3165 553 aequalem.
3220 483 3465 554 mihique
3503 481 3711 538 charis-

448 565 729 631 amiciret,
765 576 821 622 et
878 576 1188 624 contextam
1247 584 1277 626 e
1327 570 1503 641 spinis
1557 582 1811 625 coronam
1864 566 2028 637 capiti

447 657 789 729 imponeret;
830 672 943 717 tum
978 677 1105 719 vero
1136 664 1344 719 audivit
1388 664 1671 720 Christum
1703 664 1769 718 ad
1811 663 2030 717 Patrem

444 768 604 810 suum
638 756 964 813 clamantem
997 774 1012 814 :
1049 778 1068 813 ι
1106 759 1253 829 Ejice
1285 760 1562 825 ancillam,
1608 760 1661 814 id
1727 768 1811 813 est
1851 757 2032 828 Syna—

445 862 662 919 gogam,
700 852 768 905 de
795 851 957 907 domo
982 867 1122 918 mea,
1155 869 1221 908 ne
1248 853 1378 908 mibi
1406 856 1531 910 thus
1557 854 1807 920 adoleat;
1849 867 2025 920 neque

445 941 594 997 enim
623 943 839 1000 ancilla:
873 944 1017 1002 illius
1047 949 1153 1003 erit
1182 946 1355 1003 haeres
1384 964 1508 1004 cum
1542 947 1653 1002 tilio
1680 948 1868 1003 liberae
1891 950 1974 1014 ’νς
2008 967 2027 1000 ι

445 1054 575 1094 nam
631 1056 788 1111 aeque
833 1040 1007 1099 Judmi
1052 1056 1216 1115 atque
1264 1054 1457 1117 gentes
1508 1054 1758 1117 paratum
1810 1061 2032 1117 regnum

446 1135 847 1204 possidebunt;
884 1152 1115 1208 quorum
1157 1138 1233 1193 illi
1262 1140 1564 1204 Christum,
1611 1153 1707 1194 ccu
1760 1137 2035 1193 facinoro-

445 1245 564 1282 sum
604 1229 657 1283 in
687 1245 905 1285 crucem
938 1242 1200 1302 egerunt;
1244 1242 1433 1303 gentes
1483 1247 1611 1289 vero
1660 1248 1785 1287 cum
1828 1230 2035 1287 facino-

445 1324 589 1380 rosis
619 1325 945 1382 crucilixum
977 1330 1338 1397 conspicatae,
1373 1328 1543 1383 Deum
1579 1327 1843 1384 confessae
1883 1335 2032 1382 sunt.

1041 1464 1272 1522 CAPUT
1323 1464 1442 1521 XV.

615 1577 749 1635 Filii
788 1590 841 1635 et
878 1597 961 1638 res
1001 1581 1295 1637 Abrahami
1329 1600 1446 1637 cum
1486 1584 1593 1639 Deo
1627 1584 1857 1640 collatae.

519 1694 697 1765 Atque
729 1709 792 1753 ea
843 1697 1062 1767 quidem
1111 1696 1168 1751 in
1224 1706 1351 1770 typo
1398 1695 1748 1768 Synagogae.
1804 1699 1857 1755 id
1914 1709 2034 1763 est.

2135 567 2354 634 simum.
2391 582 2623 641 corpore
2650 583 2870 643 propter
2906 575 3185 632 hominum
3217 577 3450 633 salutem
3488 572 3717 630 mactari

2135 661 2323 717 volens
2360 663 2558 731 patior.
2609 660 2743 722 illud
2797 684 2928 725 vero
2975 669 3198 740 dignum
3250 669 3556 739 quaestione
3594 678 3719 722 est.

2136 768 2236 810 cur
2268 754 2582 815 Abrahamo
2611 776 2752 831 saepe
2778 764 2972 820 hostiis
3001 775 3249 834 operato,
3283 764 3463 819 locum
3500 762 3551 819 ei
3579 760 3723 817 Deus

2136 864 2245 903 non
2306 852 2577 919 ostendit;
2645 854 2697 909 in
2755 854 2928 911 isaaci
2994 855 3367 913 immolatione
3415 854 3720 926 pracepit:

2143 961 2164 995 ι
2203 942 2352 1000 Vade
2386 948 2437 1002 in
2470 957 2670 1003 terram
2710 950 2961 1014 visionis.
3014 967 3178 1023 super
3208 966 3374 1007 unum
3426 948 3723 1010 montium.

2137 1059 2300 1114 quem
2337 1056 2715 1103 monstravero
2746 1049 2843 1105 tibi
2869 1050 2936 1106 ".
2968 1069 2987 1103 ι
3024 1051 3180 1105 illum
3230 1050 3410 1120 ipsum
3434 1088 3450 1114 .
3480 1048 3723 1121 'opinm‘.

2138 1139 2315 1195 locum
2348 1140 2397 1197 ei
2439 1141 2697 1199 Dominus
2728 1144 2991 1213 ostendit,
3036 1148 3089 1200 in
3131 1161 3238 1216 quo
3270 1160 3425 1201 meus
3456 1142 3727 1199 Dominus

2137 1235 2541 1306 cruciﬁgendus
2569 1247 2709 1294 erat.
2755 1236 2891 1294 Nam
2928 1238 3279 1298 Palaestinum
3323 1238 3504 1298 solum
3555 1251 3728 1308 prope

2139 1327 2635 1402 Hierosolymorum
2675 1332 2810 1391 lines
2840 1334 3075 1406 adjacet.

2724 1473 2953 1531 CAPUT
2990 1473 3133 1531 XVI.

2176 1585 2287 1641 Cur
2321 1588 2375 1643 in
2405 1601 2578 1644 monte
2608 1588 2913 1657 sacriﬁcare
2949 1588 3209 1643 Abraham
3244 1587 3413 1657 ﬁlium
3440 1586 3680 1657 iubetur.

2209 1700 2367 1759 Mane
2401 1717 2631 1776 surgens
2662 1704 3023 1771 Abrahamus,
3072 1704 3286 1760 asinum
3336 1703 3557 1759 sternit.
3591 1702 3721 1758 Asi-

445 1787 676 1845 lsmaele
705 1796 835 1844 sunt
868 1796 1087 1862 peracta
1118 1791 1201 1857 “;
1235 1790 1355 1847 hate
1384 1800 1566 1847 autem
1593 1796 1645 1847 in
1678 1792 1829 1847 lsaac
1850 1834 1866 1860 ,
1909 1793 2029 1849 novi
2058 1815 2107 1877 Β
2141 1811 2268 1851 num
2303 1796 2521 1865 quidem
2563 1794 2930 1863 Abrahamus,
2976 1795 3151 1852 Judas
3186 1807 3369 1852 autem
3400 1793 3721 1852 Iudaeorum

449 1884 634 1955 populi
688 1884 881 1957 ﬁgura,
940 1885 1175 1956 primum
1228 1886 1356 1956 quia
1404 1901 1467 1942 ex
1521 1885 1695 1942 sterili
1750 1886 1929 1953 effeta,
1978 1897 2033 1942 et

449 1981 743 2051 grandaava
772 1989 955 2038 natus.
986 1980 1123 2037 Nam
1148 1982 1276 2053 quia
1300 1997 1367 2038 ex
1404 1981 1622 2054 Virgine
1648 1981 1794 2038 nasci
1826 1983 2033 2038 homini

448 2091 557 2131 non
615 2085 702 2130 est
734 2080 1071 2145 concessum}
1117 2076 1299 2148 (quod
1347 2076 1493 2133 Deus
1532 2076 1878 2149 privilegium
1927 2078 2030 2134 sibi

448 2178 509 2223 ut
550 2170 744 2240 ingens
786 2169 1064 2241 quiddam,
1114 2181 1168 2227 et
1218 2185 1545 2227 arcanorum
1595 2181 1760 2244 atque
1794 2172 2032 2228 admira-

446 2262 639 2319 bilium
663 2266 900 2319 maxime
930 2262 1250 2321 admirabile
1274 2273 1329 2320 et
1353 2279 1614 2321 arcanum
1646 2265 2030 2338 consecravit),

446 2358 739 2423 oportebat
794 2343 1031 2429 aliquem
1090 2368 1274 2432 typum
1341 2368 1506 2431 atque
1557 2361 1806 2417 umbram
1868 2361 2031 2432 hujus

451 2456 705 2510 veritatis
737 2470 802 2511 ex
832 2453 991 2512 eﬂ‘ela
1025 2456 1177 2510 nasci
1213 2455 1548 2511 Abrahamo.
1590 2454 1731 2523 Quin
1776 2465 1833 2512 et
1864 2456 2029 2512 verba

446 2548 613 2603 etiam
643 2548 841 2604 similia
878 2559 1028 2615 sunt.
1078 2566 1197 2621 qua:
1238 2550 1314 2607 de
1333 2549 1539 2606 Christi
1570 2549 1856 2605 nativitate
1886 2549 2034 2605 dice-

443 2641 668 2710 bantur,
708 2650 763 2698 et
796 2658 919 2714 quae
956 2642 1021 2698 de
1053 2642 1205 2698 lsaac
1256 2643 1657 2715 praecedebant.
1700 2642 1869 2714 igitur
1920 2643 2031 2701 illic

442 2734 587 2790 Deus
616 2752 630 2789 :
671 2755 690 2789 ‹
720 2734 901 2803 Quare
932 2737 1054 2791 risit
1086 2735 1221 2793 Sara
1250 2740 1274 2794 ?
1308 2740 1549 2812 nunquid
1583 2738 1698 2796 Deo
1735 2738 2029 2810 quidquam

444 2834 532 2884 est
564 2827 782 2885 diliicile
810 2828 896 2905 i'?
926 2848 947 2882 ι
992 2828 1093 2885 Hic
1124 2830 1349 2887 Gabriel
1381 2832 1590 2903 Virgini
1625 2847 1640 2886 :
1677 2850 1696 2885 ε
1735 2830 1869 2899 Quia
1924 2846 2029 2887 non

441 2922 549 2978 erit
615 2922 950 2994 impossibile
1005 2925 1146 2994 apud
1199 2924 1370 2982 Deum
1424 2941 1584 2982 omne
1648 2925 1873 2981 verbum
1900 2925 1964 2979 ⁸ο.
2003 2943 2022 2979 ι

443 3016 603 3075 Illic:
640 3036 657 3071 ι
694 3016 1002 3083 Revertens
1036 3018 1253 3074 veniam
1292 3020 1359 3075 ad
1414 3028 1465 3075 te
1518 3028 1766 3089 tempore
1801 3020 1935 3085 isto;
1976 3028 2033 3076 et

443 3108 666 3165 habebit
692 3108 857 3165 lilium
895 3108 1055 3176 Sara,
1092 3124 1231 3165 uxor
1261 3121 1351 3166 tua
1382 3112 1449 3167 η.
1486 3129 1507 3165 ι
1550 3111 1693 3168 llic:
1734 3131 1753 3166 ι
1788 3110 2027 3181 Spiritus

445 3212 671 3261 sanctus
695 3202 1046 3275 superveniet
1067 3204 1124 3275 in
1151 3214 1241 3271 te;
1266 3213 1321 3261 et
1342 3206 1518 3262 virtus
1542 3205 1811 3262 Altissimi
1832 3179 2030 3262 obum-
2052 3179 2098 3237 θ

446 3300 630 3357 brabit
662 3300 757 3356 tibi
788 3299 854 3355 ".
889 3315 910 3353 ι
951 3296 1150 3356 Notate
1195 3288 1350 3365 sane,
1413 3288 1477 3355 ut
1517 3307 1640 3370 post
1683 3299 2026 3371 digressum,

446 3404 761 3465 sanctaque
810 3393 1099 3450 Trinitatis
1150 3393 1467 3462 hospitium,
1522 3393 1693 3451 lsaaci
1735 3402 2030 3465 conceptus

441 3489 516 3546 sit
561 3494 913 3545 consecutus.
960 3486 1082 3556 Quo
1127 3488 1298 3553 edito,
1340 3502 1447 3544 non
1498 3487 1609 3559 jam
1666 3488 1941 3545 Abraham
1998 3503 2028 3544 a

448 3583 562 3638 Deo
592 3570 826 3648 audivit,
879 3580 1023 3651 quod
1072 3580 1137 3636 de
1179 3578 1415 3638 Ismaele
1459 3579 1789 3637 firmandum
1841 3596 2028 3638 secum

443 3678 627 3735 l‘cedus
682 3678 941 3733 duratura
990 3674 1106 3745 ejus
1155 3676 1512 3747 posteritate;
1568 3680 1663 3734 sed
1712 3688 1919 3750 patrem
1969 3694 2037 3735 se

444 3774 743 3826 multarum
778 3770 1024 3841 gentium
1054 3768 1307 3826 eii‘ectum
1346 3770 1435 3839 iri,
1469 3771 1672 3841 ingenti
1704 3771 1908 3831 sobolis
1941 3774 2029 3829 in-

445 3875 731 3923 cremento
759 3870 1003 3931 auctum,
1048 3863 1224 3921 ftedus
1259 3873 1439 3921 autem
1477 3881 1600 3923 cum
1644 3865 1831 3924 Isaaco
1868 3878 2029 3924 aeter-

448 3973 580 4015 num
616 3956 1005 4030 paciscendum
1030 3954 1099 4013 ⁸⁸.
1142 3975 1160 4009 ι
1203 3956 1413 4013 Videtis
1447 3956 1750 4031 Synagogae
1794 3960 2029 4033 abroga-

445 4055 673 4118 tionem,
700 4066 764 4108 ac
796 4049 921 4106 novi
947 4049 1128 4122 populi
1164 4051 1609 4120 perpetuitatem.
1650 4051 1756 4108 Sed
1809 4053 1917 4122 iam
1958 4054 2028 4111 ad

444 4144 745 4202 Abrahami
776 4157 997 4215 quoque
1022 4143 1451 4199 immolationem
1483 4143 1668 4200 oculos
1699 4144 2026 4211 referamus,

442 4250 499 4297 et
532 4240 772 4296 Isaacum
803 4238 1087 4294 videamus
1127 4236 1396 4295 Dominici
1432 4237 1686 4309 supplicii
1718 4239 2026 4311 exemplum

446 4343 749 4406 gerentem.
799 4330 935 4387 Nam
987 4340 1050 4386 ut
1097 4329 1445 4388 Abrahamus
1493 4332 1588 4389 Dei
1629 4332 1813 4389 studio
1841 4341 2026 4388 natum

443 4426 799 4491 condonavit,
834 4423 905 4480 ita
938 4433 991 4479 et
1021 4422 1165 4480 Deus
1191 4437 1293 4496 pro
1320 4438 1532 4479 summa
1564 4440 1661 4480 sua
1689 4424 2030 4482 humanitate

2133 1886 2423 1959 collegium
2477 1888 2715 1945 concivit
2763 1907 2776 1946 :
2830 1889 3201 1960 adhibitisque
3250 1887 3458 1944 duobus
3511 1888 3721 1955 pueris,

2133 1984 2347 2041 duobus
2380 1999 2476 2041 seu
2507 1984 2741 2057 populis,
2774 2001 2871 2040 seu
2905 1985 3148 2054 regibus,
3181 1983 3356 2039 Pilato
3405 1993 3460 2040 et
3507 1981 3727 2040 Herode

2132 2078 2354 2149 (pueros
2389 2078 2537 2135 enim
2572 2094 2743 2135 sacra:
2782 2077 3007 2135 Litterae
3045 2078 3333 2149 imperitos
3378 2091 3578 2134 vocare
3632 2091 3725 2135 so—

2133 2174 2265 2245 lent)
2303 2182 2358 2229 et
2389 2173 2580 2229 lsaaco
2612 2172 2746 2240 lilio,
2790 2172 3088 2243 profectus,
3143 2172 3308 2228 tertio
3359 2182 3479 2243 post
3529 2172 3617 2227 die
3652 2170 3727 2227 ad

2134 2265 2335 2333 locum,
2368 2283 2529 2339 quem
2558 2268 2609 2323 ei
2641 2268 2859 2325 dixerat
2891 2269 3054 2335 Deus,
3093 2266 3366 2339 pervenit.
3406 2264 3544 2323 Nam
3590 2265 3721 2337 quia

2132 2372 2240 2415 non
2288 2372 2406 2415 erat
2456 2360 2761 2416 moriturus
2813 2359 2968 2417 Isaac
3024 2359 3222 2415 itinere
3272 2358 3545 2425 faciendo,
3599 2366 3726 2431 post

2132 2454 2373 2510 triduum
2408 2453 2868 2511 resurreCtionem
2913 2453 3268 2526 signiﬁcavit.
3314 2452 3560 2509 Sublatis
3588 2466 3727 2507 ocu-

2132 2549 2237 2615 lis,
2288 2548 2564 2605 Abraham
2624 2549 2801 2605 locum
2866 2546 3057 2618 procul
3113 2546 3589 2613 animadverteris;
3666 2552 3727 2600 et

2104 2658 2286 2700 'meus
2331 2643 2493 2700 Jesus
2539 2643 2869 2714 supplicium
2920 2656 3076 2697 suum
3120 2642 3190 2695 ab
3218 2639 3366 2695 omni
3413 2639 3726 2696 aeternitate

2132 2736 2443 2803 dedicavit;
2481 2737 2697 2793 tantulis
2725 2736 2902 2808 jubet,
2940 2744 3001 2790 ut
3042 2734 3117 2790 ibi
3149 2748 3271 2790 cum
3308 2735 3463 2788 asino
3495 2740 3724 2803 praesto-

2132 2829 2335 2895 lentur,
2374 2830 2501 2885 dum
2539 2830 2655 2901 ipse
2685 2841 2737 2885 et
2769 2845 2904 2900 puer
2935 2829 3030 2884 illo
3062 2833 3213 2883 eant.
3268 2825 3459 2882 itidem
3504 2836 3559 2881 et
3604 2825 3725 2884 suis

2131 2923 2418 2995 discipulis
2465 2937 2620 2979 meus
2673 2921 2929 2978 Salvator
2978 2928 3143 2994 atque
3190 2918 3332 2975 Deus
3364 2920 3485 2975 ait:
3520 2938 3542 2972 ι
3578 2918 3724 2975 Ecce

2131 3020 2283 3075 venit
2333 3019 2493 3085 hora,
2545 3026 2597 3073 et
2623 3016 2732 3087 jam
2786 3015 2960 3082 venit,
3002 3024 3067 3083 ut,
3101 3013 3490 3088 dispergamiui
3544 3029 3721 3068 unus-

2133 3111 2368 3181 quisque
2418 3110 2471 3165 in
2516 3110 2772 3181 propria;
2808 3118 2867 3164 et
2913 3122 3004 3165 me
3044 3106 3230 3179 solum
3266 3104 3634 3178 relinquatis:
3666 3114 3723 3160 et

2133 3218 2239 3259 non
2290 3219 2413 3262 sum
2468 3202 2635 3266 solus,
2669 3202 2793 3272 quia
2845 3199 3010 3256 Pater
3061 3213 3275 3255 mecum
3321 3206 3401 3256 est
3430 3197 3497 3251 ⁸⁷.
3542 3214 3563 3251 ι
3596 3193 3709 3253 Sed

2134 3309 2393 3372 tanquam
2448 3295 2716 3376 propheta
2745 3334 2763 3359 .
2812 3294 2925 3350 illic
2978 3292 3304 3349 Abraham:
3356 3308 3375 3343 r
3415 3289 3718 3361 Postquam

2132 3391 2564 3458 adoraverimus,
2612 3398 2954 3445 revertemur
2987 3386 3053 3442 ad
3086 3400 3182 3443 vos
3208 3385 3276 3440 ".
3313 3403 3332 3436 ι
3366 3381 3469 3440 Hic
3502 3382 3723 3439 animo-

2134 3502 2256 3543 rum
2293 3492 2663 3558 perspector:
2700 3499 2721 3533 ε
2757 3479 3053 3551 Postquam
3097 3489 3479 3542 resurrexero,
3512 3488 3725 3560 prece.

2132 3581 2257 3637 dam
2291 3592 2388 3636 vos
2417 3578 2473 3634 in
2502 3576 2782 3633 Galilaeam
2808 3573 2877 3631 ³³.
2910 3591 2928 3625 ι
2976 3574 3156 3641 Atque
3206 3571 3280 3627 ita
3321 3569 3536 3641 quidem
3585 3567 3725 3625 Ser-

2131 3682 2315 3731 vator.
2348 3670 2626 3727 Abraham
2655 3682 2785 3723 vero
2810 3664 3209 3722 sacrificalibus
3231 3661 3393 3732 lignis
3420 3659 3571 3717 lsaac
3604 3659 3723 3717 tilio

2132 3784 2235 3825 suo
2263 3764 2535 3837 impositis
2561 3781 2577 3832 ;
2614 3771 2733 3819 erat
2756 3762 2901 3817 enim
2927 3758 3102 3815 dulcis
3130 3754 3287 3814 Iesus
3312 3770 3471 3813 suam
3496 3770 3723 3811 crucem

2132 3869 2488 3934 portaturus;
2523 3856 2642 3930 ipse
2681 3856 2859 3925 ignem
2913 3851 3128 3909 ferebat
3179 3866 3383 3917 manu;
3429 3848 3724 3920 conjuncta

2131 3954 2275 4011 enim
2303 3949 2631 4008 humanitati
2663 3947 2922 4004 divinitas
2963 3946 3113 4012 ibat;
3151 3944 3393 4015 gladium
3433 3959 3566 3999 vero
3597 3957 3724 4025 por.

2133 4050 2344 4107 tabat:
2396 4064 2418 4099 ι
2462 4043 2601 4114 Quia
2660 4058 2807 4099 unus
2861 4041 3099 4097 militum
3161 4038 3354 4094 lancea
3412 4038 3558 4095 latus
3599 4037 3725 4109 ejus

2132 4137 2445 4212 aperuit“.
2482 4154 2503 4191 ι
2540 4135 2608 4191 Ει
2656 4134 2956 4206 pergebant
2990 4132 3101 4187 duo
3147 4128 3350 4192 simul;
3394 4128 3570 4184 amba
3614 4144 3718 4182 ηδ-

2133 4244 2267 4291 tum
2317 4233 2373 4289 in
2432 4244 2543 4299 una
2589 4227 2797 4286 Christi
2841 4240 3118 4296 persona;
3169 4222 3531 4292 manebatque
3578 4221 3724 4277 divi-

2130 4328 2277 4383 nitas
2326 4321 2578 4396 corporis
2630 4318 2901 4386 effectrix,
2958 4318 3183 4373 immota
3214 4312 3458 4386 penitus.
3497 4322 3553 4369 et
3602 4313 3724 4369 sine

2131 4422 2327 4479 affectu
2350 4439 2365 4489 ;
2389 4416 2845 4489 quemadmodum
2871 4423 2925 4469 et
2948 4410 3247 4475 Abraham,
3277 4408 3451 4464 Isaaci
3479 4418 3725 4479 parens;

443 4530 609 4591 atque
644 4514 1021 4573 benevolentia
1074 4530 1201 4583 proo
1231 4512 1387 4569 nobis
1422 4513 1804 4571 charissimum
1830 4515 2026 4571 Filium
2065 4539 2110 4597 ο
2139 4515 2296 4573 lsaac
2344 4529 2473 4570 vero
2528 4508 2740 4583 parenti
2796 4507 3122 4578 suggerebat
3166 4519 3184 4559 :
3218 4521 3237 4555 ι
3290 4499 3624 4597 Ecce—ignis
3672 4510 3732 4556 et

444 4613 512 4667 ad
572 4626 763 4667 necem
828 4608 1046 4666 obtulit.
1108 4608 1224 4664 illic
1276 4609 1592 4665 Abrahamo
1639 4610 1795 4680 jubet
1843 4609 2030 4666 Deus:

453 4724 471 4755 ι
507 4703 662 4759 Tolle
696 4702 868 4758 lilium
905 4712 1058 4758 tuum
1098 4702 1459 4773 unigenitum,
1491 4716 1653 4773 quem
1684 4701 1863 4772 diligis
1894 4701 2031 4774 (l5),

448 4799 601 4855 lsaac
626 4797 693 4855 “.
729 4818 748 4851 ›
786 4797 973 4868 Neque
1033 4799 1177 4853 enim
1211 4806 1417 4853 temere
1450 4795 1597 4851 illum
1632 4797 1897 4852 amabas:
1935 4796 2030 4852 sed

449 4894 542 4964 qui
576 4905 762 4948 amore
796 4891 992 4961 dignus
1024 4899 1164 4957 erat,
1202 4888 1301 4944 abs
1354 4898 1405 4943 le
1458 4903 1674 4961 quoque
1721 4889 2031 4945 amabatur.

448 4988 550 5044 Hic
576 4986 829 5057 opiﬁcem
864 4997 1040 5038 meum
1078 4981 1383 5045 Christum,
1418 4982 1536 5053 ipse
1563 4980 1828 5050 assumpti
1864 4981 2029 5045 Deus,

449 5093 616 5151 atque
652 5078 795 5133 idem
827 5075 1124 5132 secundum
1166 5074 1504 5130 divinitatem
1533 5074 1649 5143 ejus
1681 5074 1867 5137 Pater,
1900 5088 2034 5129 con-

452 5179 686 5226 testatur
713 5168 1103 5225 charissimum
1138 5182 1294 5221 suum
1321 5156 1444 5223 esse
1479 5164 1675 5221 Filium
1704 5184 1719 5221 :
1759 5184 1779 5219 σ
1820 5166 1919 5222 llic
1949 5178 2034 5222 est

453 5262 624 5319 Filius
659 5276 815 5316 meus
848 5259 1212 5328 dilectus,vin
1245 5274 1352 5329 quo
1394 5259 1525 5315 mihi
1574 5260 1876 5331 complacui
1904 5260 1971 5317 ³⁵.
2008 5278 2025 5312 ι

452 5356 569 5413 Non
604 5354 859 5421 delector,
916 5354 1114 5425 inquit,
1163 5353 1288 5410 Filii
1328 5369 1484 5420 nece,
1535 5354 1632 5411 sed
1681 5355 2036 5423 quantumvis

2143 4610 2319 4681 ligna:
2367 4607 2460 4663 ubi
2509 4616 2593 4661 est
2641 4602 2861 4659 victima
2914 4596 3283 4656 bolocausti“
3312 4595 3335 4651 ἲ
3369 4613 3387 4647 ι
3438 4594 3726 4679 Servatur,

2140 4704 2328 4761 itidem
2378 4698 2647 4773 passionis
2692 4708 2981 4768 tempore:
3019 4713 3036 4747 ι
3074 4692 3234 4747 Pater
3269 4690 3367 4755 nti,
3418 4687 3628 4759 inquit,
3678 4686 3725 4744 si

2139 4795 2401 4870 possibile
2448 4803 2569 4855 est,
2622 4800 2869 4846 transeat
2916 4804 2945 4842 a
2986 4802 3071 4842 me
3118 4785 3263 4841 calix
3309 4783 3452 4850 iste;
3487 4779 3727 4852 Spiritus

2137 4891 2356 4962 quidem
2385 4895 2668 4960 promptus
2696 4890 2816 4947 est.
2866 4895 2997 4937 caro
3027 4886 3209 4933 autem
3244 4873 3463 4932 inﬁrma
3489 4872 3554 4928 “.
3589 4890 3611 4927 ι

2707 5014 2937 5076 CAPUT
2988 5012 3153 5071 XVII.

2239 5139 2399 5196 Isaae
2428 5136 2783 5192 immolandas
2819 5130 3021 5188 Christi
3058 5126 3306 5195 cruciﬁxi
3332 5136 3490 5198 typus
3528 5134 3628 5183 ut.

2214 5254 2497 5328 Progressi
2523 5260 2701 5306 autem
2730 5248 2927 5313 ambo;
2964 5246 3016 5299 id
3044 5253 3153 5308 est.
3184 5243 3327 5298 Deus
3355 5243 3516 5297 homo
3540 5222 3727 5314 Iesus,

2146 5355 2199 5409 in
2234 5353 2410 5407 locum
2438 5352 2820 5420 pervenerunt,
2849 5340 3062 5396 scilicet
3102 5335 3391 5409 Golgotba.
3422 5337 3603 5407 Atque
3649 5336 3727 5393 ibi

522 5540 567 5570 ’⁷
609 5536 743 5592 Ccn.
782 5552 894 5599 xxi,
935 5534 1023 5589 ΞΟ.
1104 5535 1149 5567 ’⁸
1186 5535 1321 5591 Ceu.
1350 5550 1476 5591 xvut
1511 5572 1527 5598 ,
1572 5534 1659 5588 li.
1732 5535 1778 5566 ¹⁹
1820 5532 1951 5587 Gen.
1991 5548 2031 5586 x‘

2138 5573 2141 5584 .
2181 5530 2266 5584 l3.
2345 5528 2391 5560 "
2431 5526 2567 5599 Luc.
2604 5523 2767 5599 ι.Δ
2844 5522 2887 5552 ³³
2928 5520 3097 5599 (ἴδω,
3144 5534 3315 5599 xv_t_tt._
3344 5516 3430 5573 £0.
3507 5516 3554 5549 δ’
3591 5514 3725 5599 ng.

454 5628 504 5671 ι.
550 5611 641 5666 35.
748 5607 791 5639 ³³
830 5607 966 5663 Gen.
1012 5623 1143 5671 xvu,
1186 5607 1220 5660 5
1271 5623 1421 5675 seqq.

457 5684 502 5713 ³⁵³
540 5682 673 5737 Gen.
724 5695 875 5745 un,
925 5678 979 5734 5.
1048 5680 1092 5711 ³³
1137 5673 1516 5743 Mantuam,
1565 5676 1670 5743 “5:2;
1715 5676 1877 5731 Marc.
1916 5691 2023 5740 xiv,
2088 5673 2178 5729 2".

454 5771 580 5810 nm
602 5795 615 5820 ,
651 5754 741 5810 59.

1512 5589 1569 5636 ί⁸⁵
1608 5605 1741 5659 Gen.
1787 5621 1919 5663 xxii.
1963 5602 2014 5657 8.

2147 5601 2333 5657 Matth.
2375 5616 2454 5665 tu,
2502 5598 2585 5651 l7.
2636 5594 2681 5626 "
2720 5595 2872 5665 Gen.
2904 5609 3035 5665 xxii,
3066 5590 3121 5645 2.
3204 5590 3250 5622 ⁸⁷
3290 5589 3597 5665 Joau._xvt_,
3628 5590 3728 5665 52.

2258 5672 2303 5703 “
2342 5660 2495 5728 Joa'u.
2546 5684 2657 5735 xxx,
2699 5666 2787 5722 3i.
2864 5664 2908 5698 δι
2952 5663 3087 5719 Gen.
3132 5678 3272 5729 uit,
3321 5660 3373 5718 7.
3449 5662 3496 5694 “
3530 5660 3727 5721 Matth.

528 5900 641 5970 (l5).
690 5896 831 5953 LXX
877 5893 1187 5967 ἠγάπησας,
1228 5895 1290 5948 ad
1335 5890 1476 5963 quod
1524 5891 1705 5947 iorsnn
1752 5888 1936 5947 alludit
1974 5888 2026 5945 in
2067 5902 2221 5955 seqq.
