4004 6206
143 348 237 411 8‘21

1214 339 1600 402 DIAIOGUS
1646 333 1949 395 CONTRA
1987 337 2326 400 JUDEOS.

3288 319 3403 384 822

145 467 415 522 Abraham
464 465 739 521 exstruxit
794 479 944 519 aram
971 481 985 528 ;
1046 464 1124 519 uti
1158 473 1212 519 et
1242 464 1330 518 hic
1357 465 1680 519 lilhoslroltis
1708 495 1720 517 ι
1750 449 1798 509 Α
1830 447 2194 530 perspectum,
2231 454 2690 528 quemadmodum
2725 468 2790 507 ex
2821 466 2916 507 sua
2953 446 3084 505 olim
3117 446 3284 516 stirpe
3312 460 3408 517 per

144 558 430 614 trshttnalis
476 559 631 613 l'ocus
677 557 856 623 lapide
887 565 1249 627 praestructus
1280 557 1496 619 fuerat;
1546 560 1723 626 impo-

147 653 373 721 sitisque
409 652 599 721 lignis;
631 653 709 704 sic
759 651 905 706 enim
958 660 1013 705 ct
1063 652 1116 704 in
1171 632 1418 705 calvaria
1456 668 1589 706 crux
1644 659 1722 705 est

147 747 357 811 deﬁxa;
409 745 559 800 Isaac
615 744 784 798 illium
843 757 1011 798 suum-
1052 745 1453 814 constringens,
1514 745 1564 799 id
1618 754 1723 808 est,

148 839 400 893 Christus
454 840 517 892 ad
575 841 860 908 legendam
913 837 1256 892 divinitatem
1314 855 1544 907 corpore
1593 837 1729 893 ami-

149 945 302 994 cnrs;
343 931 500 1000 lignis
527 931 579 984 in
601 947 692 986 ara
719 933 1066 1001 superponit;
1111 945 1176 986 eo
1211 933 1354 1003 quod
1393 933 1444 986 in
1478 933 1639 1003 ligno,
1695 947 1730 987 ο

153 1024 470 1078 miraculum
507 1025 520 1078 !
566 1024 918 1094 suspenditur
960 1025 1067 1095 ille,
1105 1029 1482 1100 quiAdantum
1526 1026 1729 1094 lapsum

155 1134 248 1187 per
297 1118 500 1186 lignum
539 1133 655 1174 erat
702 1126 1086 1191 restituturus,
1120 1136 1173 1180 et
1199 1124 1288 1195 qui
1322 1124 1374 1177 in
1402 1137 1526 1177 arca
1558 1121 1732 1190 lignea

159 1211 266 1267 Noe
295 1229 502 1273 tutatus
538 1222 739 1273 fuerat.
781 1219 984 1272 Deinde
1027 1217 1169 1273 ferro
1203 1231 1421 1270 manum
1461 1213 1731 1277 admovet,

155 1316 219 1370 ad
255 1315 429 1368 lilium
468 1329 627 1367 suum
684 1311 1073 1366 immolandum
1110 1327 1125 1364 :
1157 1324 1283 1363 nam
1341 1308 1427 1363 his
1481 1307 1736 1361 omnibus

151 1407 443 1478 patrandis
474 1403 751 1460 Abraham
794 1401 1206 1473 inaspectabilis
1240 1400 1418 1455 Patris
1448 1402 1515 1453 de
1546 1399 1737 1466 unige-

154 1502 266 1556 nito
323 1500 466 1555 Filio
519 1499 798 1553 decretum
851 1505 1015 1566 atque
1064 1497 1402 1550 voluntatem
1454 1493 1732 1547 ostendit:

157 1611 176 1643 ι
218 1590 285 1646 Et
313 1605 444 1646 ecce
473 1588 697 1656 angelus
731 1587 942 1641 Domini
976 1586 1043 1641 de
1071 1586 1211 1641 coslo
1238 1583 1495 1640 clamavit
1518 1583 1737 1647 dicens;

156 1685 457 1746 Abraham,
513 1681 810 1734 Abraham.
869 1678 971 1744 Qui
1020 1680 1299 1749 respondit
1332 1695 1346 1731 :
1379 1679 1583 1732 Adsum
1610 1676 1676 1729 ⁸⁸.
1717 1694 1735 1726 ›

156 1771 255 1830 Hic
303 1775 529 1844 angelus
574 1791 606 1831 e
656 1774 795 1828 coelo
826 1789 948 1828 cum
978 1772 1254 1828 Abraham
1305 1772 1741 1839 sermocinatur;

159 1871 209 1922 in
267 1870 556 1924 Dominico
613 1868 901 1940 supplicio,
965 1870 1145 1939 magni
1194 1869 1410 1926 consilii
1469 1865 1743 1940 Angelus,

161 1962 333 2015 Deum
386 1971 442 2015 et
490 1959 704 2015 Patrem
767 1960 1081 2016 inclamavit
1120 1978 1133 2016 :
1167 1981 1186 2014 ι
1224 1961 1335 2025 Eli,
1374 1960 1494 2028 Eli,
1548 1962 1748 2017 lamma

159 2055 499 2111 sabactaui?
535 2056 638 2112 hoc
666 2065 787 2122 est;
825 2054 967 2111 Dens
1014 2071 1198 2120 meus,
1251 2057 1391 2113 Deus
1444 2071 1595 2112 meus
1621 2097 1636 2121 ,
1692 2063 1751 2111 ut

159 2150 292 2218 quid
332 2150 672 2220 dereliquisti
703 2149 900 2206 me“?
931 2169 949 2201 ι
984 2151 1050 2206 Et
1077 2150 1314 2222 Angelus
1338 2153 1404 2206 ad
1432 2150 1707 2206 Abraham
1734 2169 1749 2206 :

166 2262 183 2294 ι
223 2243 348 2298 Non
379 2244 645 2299 extendas
675 2259 898 2298 manum
933 2254 1078 2299 tuam
1113 2257 1278 2314 super
1301 2259 1550 2314 puerum,
1579 2261 1754 2315 neque

163 2336 342 2392 iacias
393 2337 470 2392 illi
521 2339 854 2408 quidquam;
908 2355 1056 2395 nunc
1094 2342 1342 2409 cognovi,
1397 2342 1539 2411 quod
1594 2342 1755 2398 times

166 2433 341 2488 Deum
367 2433 434 2486 ".
475 2455 494 2486 ι
531 2433 618 2488 Ait
649 2449 823 2489 vero:
860 2455 876 2485 ι
917 2433 1072 2491 Nunc
1121 2435 1386 2505 cognovi,
1418 2454 1437 2488 ι
1491 2451 1588 2506 pro
1625 2435 1753 2502 illo,

171 2525 576 2582 demonstrasti
631 2526 743 2596 jam
795 2527 972 2582 mihi:
1013 2543 1118 2583 non
1151 2531 1314 2585 'enim
1361 2529 1585 2599 ignarus
1638 2538 1758 2586 erat

170 2620 484 2676 Dominus:
532 2641 549 2673 I
586 2622 653 2677 Et
692 2639 796 2677 non
848 2625 1137 2694 pepercisti
1181 2625 1458 2695 nnigenito
1510 2627 1621 2682 lilio
1665 2637 1758 2684 tuo

168 2725 399 2786 propter
432 2731 539 2771 me.
576 2733 594 2768 ι
629 2715 799 2786 igitur
824 2715 1101 2772 Abraham
1134 2719 1424 2775 mactando
1461 2719 1572 2775 lilio
1603 2735 1756 2776 suam

168 2824 302 2876 erga
343 2805 515 2862 Deum
551 2809 956 2864 observantiam
997 2813 1238 2866 ostendit
1268 2829 1282 2867 ε
1317 2812 1404 2868 ille
1434 2827 1563 2869 vero
1605 2813 1762 2870 Anti-

169 2915 318 2968 quos
353 2898 564 2953 dierum
594 2900 638 2930 "
675 2899 816 2954 Deus
861 2916 990 2971 erga
1042 2902 1289 2959 homines
1321 2918 1560 2960 amorem
1603 2919 1759 2962 suum

171 2993 435 3063 probavit
467 2993 800 3049 immolando
827 2994 1111 3067 unigenito
1143 2993 1303 3053 Filio.

743 3132 976 3188 CAPUT
1014 3132 1199 3189 XVill.

244 3251 404 3306 Aries
428 3267 552 3305 om
586 3249 833 3305 cornibus
870 3249 1008 3305 inter
1041 3268 1220 3322 vepres
1257 3252 1383 3322 quid
1414 3254 1693 3322 signiﬁcet.

248 3369 388 3420 Tum
449 3364 793 3422 Abrahamus
841 3366 1041 3421 erectis
1088 3365 1260 3420 oculis
1308 3382 1448 3436 pone
1490 3368 1772 3435 conSpcxit

176 3465 435 3517 arietem.
488 3461 644 3514 Aries
694 3461 782 3514 hic
818 3458 967 3513 verbi
1015 3469 1355 3528 assumptum
1411 3460 1770 3530 intelligatur.

178 3557 320 3611 Nam
355 3555 424 3610 de
452 3569 518 3609 eo
546 3553 627 3608 sic
661 3553 836 3623 prodit
869 3552 1039 3607 lsaias
1072 3568 1086 3606 :
1123 3570 1142 3604 ι
1177 3553 1329 3608 Sicut
1374 3555 1490 3608 ovis
1528 3554 1595 3607 ad
1627 3554 1774 3610 occi-

179 3653 398 3706 sionem
452 3651 680 3702 ducetur
705 3647 771 3702 ‘7.
813 3663 833 3700 ι
891 3645 1196 3702 Haerentem
1247 3648 1524 3712 cornibus,
1574 3648 1626 3701 id
1668 3654 1773 3715 est,

178 3742 631 3805 cruciallixum,
688 3741 741 3794 in
796 3739 992 3794 frutice
1086 3739 1285 3805 Sahec,
1332 3741 1473 3809 qttod
1554 3750 1639 3797 est
1692 3756 1778 3794 re-

190 3839 391 3892 missio
434 3857 446 3893 :
498 3835 639 3904 apud
689 3834 948 3890 Hebrmos
1006 3836 1150 3888 enim
1202 3831 1379 3889 Sabec
1421 3836 1776 3889 remissionem

181 3935 340 3981 notat
379 3943 394 3978 :
430 3937 823 3994 aggressusque
857 3922 1160 3989 Abraham,
1205 3924 1256 3977 id
1306 3933 1410 3990 est,
1465 3925 1780 3994 unigenitus

185 4019 284 4074 Dei
321 4017 512 4082 Filius,
549 4017 1003 4087 comprehensum
1037 4016 1284 4082 arietem,
1335 4018 1386 4072 id
1431 4028 1534 4083 est,
1567 4034 1780 4073 assum-

187 4125 348 4184 ptum
406 4127 607 4181 corpus
653 4111 708 4166 in
769 4111 1144 4166 holocaustum
1195 4112 1430 4180 obtulit;
1483 4111 1779 4183 supplicio,

185 4219 347 4280 puta,
386 4206 607 4277 ohjecit,
638 4221 735 4275 pro
765 4204 896 4269 lilio,
921 4204 1132 4260 Adamo
1167 4204 1375 4261 scilicet
1406 4206 1578 4276 lapso.
1609 4208 1784 4278 Atque

193 4305 304 4358 ista
337 4316 468 4356 vera
512 4314 651 4364 esse,
677 4299 864 4353 audite
888 4312 1009 4353 cum
1045 4299 1353 4354 Abrahamo
1384 4299 1782 4370 colloquentem

195 4398 371 4451 Deum
403 4411 416 4446 :
456 4412 474 4445 ι
517 4391 622 4447 Per
686 4391 1065 4459 mentctipsum
1089 4390 1290 4459 juravi,
1325 4392 1455 4447 dicit
1484 4392 1783 4449 Dominus:

195 4489 330 4559 quia
371 4487 552 4542 feciin
596 4486 738 4540 hanc
778 4499 913 4547 rem,
963 4493 1016 4539 et
1053 4499 1158 4538 non
1207 4485 1497 4554 pepercisti
1548 4485 1656 4541 lilio
1699 4498 1787 4541 tuo

196 4587 490 4657 unigenito
531 4594 750 4651 propter
796 4597 920 4635 tne:
961 4579 1276 4635 benediram
1330 4582 1446 4646 tibi,
1498 4594 1553 4638 et
1603 4584 1788 4637 multi-

195 4681 420 4752 plicabo
469 4691 654 4731 semen
709 4685 860 4730 tuum
885 4675 952 4730 “.
993 4693 1012 4728 ι
1059 4675 1123 4728 Ει
1154 4686 1273 4746 post
1304 4691 1473 4745 pauca
1511 4694 1524 4730 :
1560 4696 1578 4728 ι
1616 4676 1788 4732 Dene-

197 4777 464 4831 dicentur
494 4771 551 4826 in
586 4771 797 4827 semine
846 4779 939 4824 tuo
991 4785 1181 4825 omnes
1233 4780 1419 4839 gentes
1473 4781 1631 4826 terrae
1659 4772 1723 4827 δ’.
1767 4791 1784 4824 ι

203 4868 453 4935 Quorum
485 4863 775 4919 verborum
816 4863 931 4916 hch
971 4874 1056 4916 est
1087 4862 1355 4916 sententia
1398 4886 1409 4917 :
1447 4861 1526 4916 Ex
1572 4865 1644 4916 tui
1699 4864 1790 4917 lilii

207 4957 551 5028 posteritate,
589 4954 802 5010 scilicet
848 4950 1019 5018 Isaac,
1063 4952 1153 5021 qui
1190 4952 1290 5006 mei
1330 4951 1448 5006 Filii
1486 4962 1568 5008 est
1610 4964 1790 5024 typus,

209 5063 366 5102 mens
413 5058 606 5100 natura
661 5045 794 5100 mihi
846 5045 1172 5115 conjunctus
1207 5043 1376 5100 Filius
1406 5045 1662 5115 prodibit,
1698 5064 1793 5116 per

205 5155 371 5209 quem
402 5154 593 5195 omnes
630 5139 776 5194 orbis
816 5147 1082 5193 terrarum
1122 5147 1310 5208 gentes
1359 5140 1790 5210 sOSpitabuntur.

209 5233 587 5287 Abrahamum
651 5247 786 5287 vero
839 5235 1162 5290 meonomite
1219 5250 1480 5290 arcanum
1537 5235 1796 5292 habuisse

288 5470 334 5502 “
372 5467 507 5523 Gen.
546 5483 680 5527 xxtt.
725 5468 815 5522 ll.
888 5467 935 5498 “
976 5467 1160 5520 Matth.
1199 5482 1368 5533 xxvn,
1401 5467 1490 5521 46.

219 5556 357 5598 xxtt.
401 5540 487 5593 16.
563 5539 608 5571 δ’
649 5539 778 5593 ibid.
817 5541 902 5592 18.
978 5538 1022 5569 °°
1057 5539 1194 5592 Gen.
1239 5555 1383 5599 xxtv,
1425 5539 1479 5595 4.

218 5611 270 5646 ⁸⁵
305 5613 442 5667 Gen.
485 5627 609 5678 XXV,
649 5611 738 5666 Q5.
816 5611 861 5642 ⁵⁵
906 5611 922 5663 l
966 5607 1096 5681 Reg.
1139 5627 1195 5675 tt,
1237 5612 1328 5678 '55,
1372 5611 1459 5666 56.

1567 5468 1612 5500 ⁸⁸
1654 5467 1787 5522 Gen.
1834 5483 1962 5530 xin,
2002 5466 2082 5519 19..

1569 5539 1612 5570 "
1654 5539 1789 5591 Gen.
1833 5555 1957 5600 XXV,
1999 5537 2090 5590 ‘20.

1538 5611 1583 5641 "
1626 5609 1769 5664 Psai.
1811 5623 2041 5675 Lxxxttt,
2091 5608 2172 5661 ll.

1833 552 1983 606 Isaac
2016 561 2071 607 et
2115 549 2284 605 Jacob
2324 547 2419 604 Dei
2473 544 2644 602 Filius
2681 541 3051 600 incarnandus
3090 549 3257 607 esset,
3288 539 3408 594 evi-

1834 646 1965 700 dens
1997 652 2080 700 est
2113 659 2178 698 ex
2209 657 2272 698 eo
2315 639 2456 710 quod
2487 639 2570 694 sui
2609 637 2824 709 generis
2858 649 3056 691 uxores
3091 632 3406 688 asciverint.

1833 737 1969 792 Nam
2030 736 2142 806 ipse
2199 742 2420 803 accepta
2477 747 2572 786 sua
2613 729 3015 800 consanguinea
3040 727 3107 792 '°,
3163 725 3412 781 lsaacum

1837 846 2052 902 quoque
2087 829 2336 898 accipere
2371 827 2714 897 permisit",
2749 824 2972 896 parique
3002 821 3162 881 modo
3195 821 3414 873 lsaacns

1835 928 2100 984 Jacohum
2125 927 2200 988 ⁶¹;
2248 923 2343 980 sed
2381 923 2690 978 Rebeccam
2729 920 2897 974 misso
2945 931 3104 994 servo
3130 912 3412 984 conjugetn

1840 1019 2099 1090 petiit“;
2135 1019 2208 1073 ita
2238 1018 2383 1073 enim
2420 1024 2473 1072 et
2514 1016 2657 1070 Deus
2691 1016 2785 1083 per
2835 1011 3020 1066 Mosen
3075 1008 3416 1081 SynagOgam

1841 1113 2187 1169 instauravit.
2226 1109 2511 1174 Iacobum,
2545 1106 2638 1178 qui
2682 1106 2884 1162 Christi
2922 1101 3228 1170 exemplum
3274 1099 3420 1154 fere-

1845 1207 1937 1263 bat
1959 1248 1974 1273 ,
2009 1208 2074 1260 ad
2109 1221 2239 1261 suos
2269 1202 2502 1273 gentiles
2533 1201 2686 1257 lsaac
2716 1198 2969 1270 privatim
3005 1194 3213 1252 dimisit
3237 1233 3252 1256 ,
3285 1194 3420 1247 duas

1845 1303 1971 1357 inde
2031 1316 2230 1356 uxores
2279 1299 2492 1355 duriter
2542 1305 2595 1351 et
2624 1293 2895 1350 laboriose
2929 1300 2984 1343 ut
3034 1290 3136 1344 sibi
3175 1288 3418 1342 duceret.

1844 1401 2033 1456 itidem
2056 1406 2110 1453 et
2140 1394 2306 1450 Pater
2335 1394 2401 1448 ab
2431 1391 2578 1447 onmi
2605 1388 2910 1445 aeternitate
2951 1383 3240 1454 nnigenam
3266 1394 3422 1435 suum

1846 1492 2040 1548 Filium
2067 1489 2132 1544 ad
2159 1495 2468 1543 creaturam
2495 1496 2670 1547 suam,
2701 1480 2751 1534 id
2783 1489 2866 1534 est
2893 1477 3160 1539 homines,
3196 1471 3423 1532 dimisit,

1851 1599 1907 1642 ut
1945 1586 2072 1641 inde
2101 1598 2321 1638 carnem
2361 1592 2670 1642 assumens,
2707 1589 2802 1644 per
2829 1570 3150 1642 supplicium
3173 1609 3187 1631 ,
3223 1578 3278 1621 et
3321 1565 3427 1618 Do-

1851 1679 2050 1734 minica
2088 1674 2353 1730 miracula
2399 1671 2536 1726 duas
2579 1666 2850 1722 Ecclesias
2881 1663 3025 1719 velut
3071 1671 3296 1728 nuptum
3334 1673 3429 1713 ac-

1852 1775 2074 1841 ciperet.

2432 1858 2662 1918 CAPUT
2703 1855 2848 1913 XIX.

2206 1957 2553 2027 Comparatio
2590 1953 2777 2008 Jacobi
2817 1960 2867 2005 et
2912 1949 3076 2004 Esau.

1925 2054 2080 2124 Quod
2112 2054 2184 2110 ila
2220 2068 2277 2108 se
2310 2052 2536 2114 habere,
2568 2047 2754 2101 audite
2788 2042 2880 2096 Dei
2915 2040 2981 2095 ad
3015 2038 3314 2095 Rebeccant
3352 2049 3440 2090 re-

1854 2165 2110 2221 sponsum
2142 2165 2158 2204 :
2199 2167 2218 2200 (
2259 2147 2387 2202 Duae
2416 2152 2604 2214 gentes
2657 2147 2784 2195 sunt
2818 2138 2868 2191 in
2906 2144 3060 2190 utero
3092 2141 3183 2187 tuo
3222 2137 3278 2186 et
3316 2131 3422 2181 duo

1857 2243 2037 2316 populi
2080 2258 2145 2296 ex
2184 2249 2377 2296 ventre
2411 2248 2509 2294 tuo
2544 2234 2878 2297 dividentur,
2917 2250 2936 2284 ι
2975 2226 3183 2282 scilicet
3225 2221 3441 2278 Iudaeo-

1858 2352 1976 2393 rum
2008 2350 2171 2400 unus,
2201 2333 2340 2389 alter
2371 2339 2725 2396 exterorum;
2759 2344 2777 2378 t
2816 2324 3152 2395 pepulusqne
3184 2316 3442 2388 populum

1858 2431 2156 2505 superabit,
2186 2438 2239 2484 et
2265 2428 2438 2499 major
2462 2423 2668 2482 serviet
2696 2420 2898 2476 minori
2927 2419 2997 2472 ".
3033 2434 3054 2468 ι
3084 2413 3190 2482 Qui
3227 2426 3287 2467 se
3311 2419 3445 2464 natu

1861 2530 2124 2600 majorem
2158 2527 2367 2596 iactat,
2417 2521 2579 2579 alteri
2623 2527 2745 2592 post
2794 2525 2925 2572 nato
2972 2511 3207 2576 serviet;
3258 2505 3311 2563 id
3339 2512 3443 2569 est,

1861 2599 2084 2679 Judaica
2124 2635 2256 2692 gens
2289 2616 2547 2673 Ecclesiae
2573 2629 2636 2670 ex
2665 2611 2920 2683 gentibus
2951 2605 3194 2663 collecta
3220 2599 3443 2656 serviet.

1862 2706 2041 2790 Atque
2074 2718 2124 2773 id
2161 2726 2213 2772 et
2249 2714 2341 2770 Dei
2363 2710 2592 2783 angelus
2615 2705 2728 2782 (16)
2754 2705 2843 2763 his
2872 2703 2941 2760 ad
2973 2700 3086 2756 Heli
3131 2696 3446 2790 pontiﬁcem

1862 2813 2048 2870 verbis
2080 2809 2367 2866 conﬁrmat
2396 2823 2412 2861 :
2444 2803 2522 2859 Te
2555 2811 2811 2871 tuamque
2846 2794 3080 2865 patriam
3109 2792 3328 2848 domum
3366 2783 3450 2841 sic

1863 2905 2180 2963 exscindam
2209 2917 2223 2954 :
2250 2919 2267 2952 ι
2296 2899 2366 2954 Ει
2391 2893 2668 2952 suscitabo
2693 2890 2823 2946 mihi
2845 2887 3184 2944 sacerdotem
3211 2878 3450 2944 ﬁdelem,

1866 3000 1957 3070 qui
2009 2997 2162 3068 juxta
2205 3011 2302 3049 cor
2339 3004 2518 3046 meum
2574 2995 2628 3043 et
2682 2985 2920 3040 animam
2976 2991 3152 3034 meam
3205 2973 3387 3029 faciet.
3425 2989 3449 3052 ι

1869 3093 2013 3150 Sane
2050 3091 2141 3159 qui
2172 3087 2354 3143 omnia
2395 3099 2461 3139 ex
2494 3079 2711 3152 ingenio
2747 3077 3039 3143 animaque
3075 3068 3185 3130 Dei,
3208 3067 3357 3131 facit,
3403 3062 3452 3119 is

1793 3185 1836 3244 ϐ
1870 3206 1934 3245 ex
1989 3189 2100 3242 Deo
2143 3193 2247 3247 est,
2304 3191 2357 3237 et
2403 3180 2603 3235 iterum
2657 3172 2944 3244 Angelus:
2975 3187 2994 3220 ‹
3034 3165 3102 3222 Et
3152 3159 3454 3217 ambulabit

1875 3297 2060 3339 coram
2095 3278 2318 3335 Christo
2354 3289 2471 3329 meo
2507 3268 2723 3326 cunctis
2752 3266 2964 3328 diebus,
3003 3280 3021 3315 ι
3065 3258 3117 3314 id
3155 3253 3459 3323 est,‘nsque

1875 3379 1940 3430 ad
1984 3369 2532 3431 consummationem,
2568 3373 2732 3432 atque
2765 3359 2950 3414 itidem
2978 3373 2992 3411 :
3029 3373 3046 3406 ι
3077 3352 3345 3407 Futurum
3370 3353 3456 3402 est

1877 3480 2055 3525 autem
2083 3508 2097 3533 ,
2146 3475 2201 3519 ut
2246 3463 2560 3533 quicunque
2610 3451 2934 3511 remanserit
2967 3450 3020 3503 in
3066 3446 3228 3501 domo
3264 3454 3352 3498 tua
3377 3481 3394 3507 ,
3427 3455 3452 3490 ι

1877 3558 2326 3619 internecionem,
2379 3560 2474 3608 aut
2525 3547 2894 3618 captivitatem
2936 3535 3279 3611 ell'ugiendo;
3313 3552 3333 3586 ι
3363 3544 3459 3587 ve-

1879 3656 1991 3710 niat
2019 3659 2079 3707 ut
2107 3659 2294 3704 oretur
2324 3662 2420 3718 pro
2458 3659 2557 3710 eo,
2590 3652 2645 3698 et
2691 3639 2886 3696 oli'erat
2934 3645 3218 3691 nummum
3259 3640 3459 3694 argen-

1880 3758 2049 3811 teum,
2082 3744 2334 3812 dicatque
2366 3760 2379 3797 :
2417 3737 2639 3794 Dimitte
2666 3748 2750 3789 me
2779 3734 3013 3787 obsecro
3049 3725 3114 3780 ad
3140 3735 3307 3778 unum
3336 3731 3461 3787 par-

1880 3854 1986 3898 tem
2018 3837 2432 3900 sacerdotalem,
2453 3830 2809 3888 ulcomedam
2845 3821 3148 3881 buccellatn
3177 3815 3333 3889 panis
3351 3814 3456 3866 ".9

1881 3936 2032 4004 Quod
2069 3932 2246 4002 angeli
2277 3931 2343 3985 ad
2384 3927 2728 3984 sacerdotem
2775 3919 3001 3989 tenigma
3038 3908 3306 3980 ejusmodi
3336 3916 3462 3963 est:

1883 3999 2349 4098 lnopem,v.luda:ae
2381 4021 2498 4078 solo
2532 4017 2842 4079 multatum,
2869 4018 3156 4068 venturum
3186 4007 3252 4058 ad
3279 3999 3463 4056 Eccle-
3535 4076 3540 4081 _

1885 4123 2019 4178 siam
2046 4137 2111 4175 ex
2144 4119 2394 4190 gentibus
2426 4111 2796 4173 constitutam,
2830 4115 3112 4159 nummum
3144 4100 3464 4169 argenteum

1883 4218 2112 4286 petitum
2137 4188 2231 4268 :jct
2259 4211 2375 4265 viro
2408 4204 2631 4262 illustris
2657 4218 2721 4257 ac
2744 4195 3012 4271 pontiﬁcii
3042 4189 3259 4266 generis
3283 4188 3463 4244 dicet:

1887 4309 2006 4365 Non
2034 4307 2214 4362 ambio
2256 4302 2387 4359 mihi
2424 4295 2808 4357 sacerdotium,
2851 4301 3031 4358 neque
3063 4299 3286 4355 regnum
3317 4278 3468 4336 desi-
3562 4344 3570 4352 _

1891 4403 2042 4466 dero,
2086 4397 2179 4454 sed
2207 4405 2265 4450 ttt
2292 4395 2346 4450 in
2376 4389 2591 4460 aliquod
2616 4385 2978 4443 sacerdotium
3004 4378 3245 4450 rejiciar,
3277 4383 3330 4431 et
3359 4376 3476 4427 "non

1896 4505 1952 4549 ut
1984 4465 2314 4552 ministrent,
2347 4483 2490 4540 velut
2515 4481 2686 4553 prius.
2735 4476 2830 4533 sed
2866 4484 2924 4528 ut
2951 4484 3144 4544 panem
3175 4465 3470 4522 minimum

1896 4593 2092 4645 lucrer.
2133 4583 2392 4650 idemque
2424 4576 2587 4633 David
2616 4571 2946 4643 praesagiens
2971 4566 3047 4620 ait
3073 4581 3089 4618 :
3127 4581 3151 4615 t-
3179 4558 3324 4629 Εἰθςί
3357 4554 3456 4611 ab-

1890 4685 2068 4755 jectus
2098 4693 2218 4734 esse
2247 4677 2300 4728 in
2336 4673 2497 4727 domo
2529 4667 2619 4723 Dei
2655 4665 2782 4727 mei,
2816 4661 2986 4731 magis
3017 4671 3180 4729 quam
3221 4651 3472 4707 habitare

1898 4752 1949 4833 in
1985 4769 2346 4830 tabernaculis
2381 4774 2725 4835 peccatorum
2750 4758 2817 4812 ⁸⁸.
2860 4776 2878 4808 ι
2918 4754 3006 4809 Dei
3054 4753 3273 4806 domum
3317 4752 3471 4798 vates

1899 4867 2192 4924 Ecclesium
2213 4878 2274 4917 ex
2307 4856 2558 4928 gentibus
2588 4863 2778 4917 notat;
2808 4847 3093 4916 impiorum
3121 4831 3472 4896 tabernacula

1897 4962 2202 5017 Judzeornm
2243 4957 2384 5008 fana.
2420 4951 2556 5006 Vere
2588 4945 2731 5001 enim
2771 4941 3016 4997 Judzeum
3057 4947 3251 4991 nomen
3283 4930 3338 4985 in
3375 4943 3472 4985 ex.-

1899 5063 2010 5107 tera
2048 5046 2283 5102 Ecclesia
2331 5043 2597 5111 abiectum
2651 5045 2707 5092 et
2754 5034 2977 5093 infame,
3020 5026 3247 5090 nudum,
3294 5018 3472 5088 exsul,

1871 5139 2063 5217 regno
2097 5143 2240 5198 omni
2283 5149 2336 5196 et
2390 5133 2695 5192 sacerdotio
2742 5138 2985 5184 exutum.
3033 5121 3212 5190 Atque
3251 5116 3367 5171 haec
3396 5112 3476 5170 sic

1899 5209 2123 5300 habere,
2156 5249 2218 5289 ex
2257 5232 2322 5286 iis
2361 5242 2479 5299 quae
2511 5232 2628 5293 post
2663 5221 2929 5280 dicentur,
2963 5209 3256 5270 constabit.

2164 5464 2207 5493 ⁸⁸
2251 5461 2382 5513 Dan.
2425 5475 2522 5519 vn,
2569 5457 2620 5510 9.
2701 5451 2742 5487 ’⁵⁷
2807 5451 2909 5503 lsa.
2962 5461 3079 5510 LIII,
3119 5444 3172 5498 7.
3337 5437 3476 5493 Gen.

2168 5534 2211 5564 ⁸²
2247 5533 2382 5587 Gt-tt.
2431 5546 2620 5592 xxv'ttt,
2663 5526 2715 5578 τὶ.

296 5805 407 5873 (t6)
443 5803 500 5857 In
533 5802 794 5864 lleltrtco,
850 5809 907 5853 ut
957 5809 1009 5853 ct
1043 5798 1093 5855 in
1132 5798 1342 5866 Grmco,
1395 5803 1460 5856 ad
1504 5798 1725 5854 verbum
1778 5802 1882 5863 est,
1939 5794 2015 5849 t-ir
2047 5794 2159 5861 Dei,
2208 5793 2256 5848 id
2290 5799 2370 5848 est
2404 5789 2617 5844 divinus
2662 5792 2842 5848 vates,
2887 5773 3156 5850 quomodo
3204 5766 3363 5827 vertit
3406 5773 3461 5843 et

225 5877 528 5934 Chaldaeus.

2794 5523 2839 5555 ⁸³
2879 5519 3012 5576 Gen.
3057 5531 3206 5581 xxrx,
3239 5511 3306 5566 21
3350 5521 3476 5581 sqq.
3562 5536 3568 5540 -
