4004 6206
462 345 571 408 823

461 562 622 616 rioris
648 560 837 614 lat-ob.
872 559 1054 629 Neque
1088 558 1365 613 enimvero
1388 567 1610 629 pmpter
1633 555 1939 625 exemplum
1962 553 2032 608 ad

461 665 669 706 natura:
698 665 915 720 quoque
944 651 1214 706 excidium
1264 650 1346 706 fas
1387 657 1471 718 est
1506 648 1743 718 grassari
1774 665 1789 701 :
1823 663 1842 698 ι
1873 645 2035 701 Post-

456 759 620 812 quam
658 751 877 812 tempus
926 743 1166 809 pariendi
1216 743 1510 797 advenerat
1543 747 1702 811 (nam
1754 739 2036 807 superiora

462 833 658 887 iterum
696 833 1027 900 tractemus)
1066 833 1156 900 qui
1207 831 1357 902 prior
1403 844 1658 902 egressus
1707 839 1827 894 est,
1882 827 2036 882 rufus

460 934 597 988 erat,
632 936 686 979 et
719 934 861 979 totus
892 925 944 978 in
985 940 1192 980 morem
1243 924 1398 995 pellis
1444 923 1729 991 hispidus:
1757 929 2037 975 vocatum-

457 1033 562 1084 que
581 1027 666 1073 est
690 1031 886 1071 nomen
919 1015 1036 1084 ejus
1057 1017 1198 1071 Esau
1222 1015 1289 1070 ⁸⁷.
1329 1034 1347 1069 ι
1380 1015 1584 1069 Irarum
1609 1024 1662 1070 et
1688 1009 2038 1068 immanitatis

459 1110 846 1178 plenusEsau
899 1112 1075 1164 vultus
1123 1121 1204 1164 est
1248 1123 1263 1163 :
1317 1108 1449 1165 tales
1487 1108 1630 1163 enim
1683 1117 1738 1162 et
1784 1104 2040 1160 Israelita:

467 1219 596 1260 sunt
625 1223 641 1261 :
671 1207 853 1277 itaque
883 1214 938 1261 et
969 1207 1048 1262 sui
1080 1207 1297 1276 generis
1345 1215 1494 1260 vates
1539 1202 1949 1263 interfecerunt,
1985 1209 2041 1255 et

459 1301 679 1352 (lt‘lllllm
764 1300 815 1352 in
863 1300 1040 1368 ipsum
1101 1299 1266 1352 etiam
1328 1295 1604 1352 Christum
1676 1294 2037 1351 admiserunt.

463 1410 479 1438 ο
520 1388 777 1444 Proditus
807 1389 943 1445 alter
973 1389 1278 1458 egrediens,
1333 1387 1569 1458 plantam
1601 1385 1790 1441 fratris
1822 1385 2039 1440 tenebat

462 1497 646 1544 manu,
682 1490 736 1534 et
760 1481 960 1537 idcirco
986 1481 1274 1551 appellavit
1301 1496 1423 1536 eum
1446 1479 1614 1535 Jacob
1639 1479 1706 1547 ⁸⁸,
1743 1497 1762 1532 ι
1798 1494 1858 1534 ea
1889 1493 1946 1533 re
1969 1478 2043 1532 sic

462 1575 813 1645 gnifivans,et
835 1591 894 1633 se
916 1592 979 1632 eo
1003 1577 1394 1646 potiturum,et
1414 1591 1626 1631 servum
1651 1590 1717 1631 ac
1735 1573 2040 1629 ministrum

464 1668 810 1735 habiturum;
847 1684 970 1722 nam
1006 1668 1184 1725 calces
1217 1669 1420 1724 laboris
1447 1668 1774 1738 praecipuum
1811 1677 1960 1732 sunt,
1989 1676 2043 1721 et

462 1761 751 1816 ministerii
783 1761 1018 1831 iudices.
1068 1761 1197 1816 Erat
1242 1773 1421 1816 autem
1459 1759 1627 1815 Jacob
1663 1760 1844 1819 ltilS;
1894 1761 2039 1831 quod
2070 1801 2116 1860 Β

461 1854 712 1908 liumanze
758 1855 1191 1908 mansuetudinis
1247 1857 1462 1922 signum
1505 1860 1627 1918 est;
1680 1851 1910 1920 talisque
1955 1862 2040 1907 est

463 1946 566 2000 title
597 1960 789 2000 recens
825 1946 1124 2001 instructus
1162 1945 1411 2015 populus,
1451 1945 1622 2009 mitis,
1662 1959 1724 1998 ac
1766 1943 1887 2000 sine
1932 1945 2034 2000 ira.

462 2037 728 2092 Venustas
779 2037 950 2106 enim}
981 2039 1229 2108 corporis
1279 2047 1655 2107 argumentum
1704 2037 1868 2092 habet
1916 2036 2034 2105 pul-

459 2127 786 2183 t-hritudinis
809 2129 1055 2194 internae,
1078 2137 1132 2184 et
1160 2143 1280 2199 quae
1302 2139 1484 2184 mente
1504 2137 1777 2183 teneatur.
1802 2127 2040 2197 Eratque

463 2222 600 2275 Esau
636 2221 865 2276 venandi
895 2221 1098 2290 peritus
1125 2239 1140 2277 :
1164 2236 1290 2276 nam
1319 2220 1576 2278 Israelita:
1604 2237 1798 2277 cruore
1827 2231 1882 2277 et
1911 2222 2037 2276 bru~

461 2314 663 2368 llt'ldlls
694 2316 962 2384 gaudent;
990 2314 1156 2371 Jacob
1188 2316 1403 2386 quietus
1436 2315 1631 2371 aedium
1658 2314 1934 2370 habitator
1954 2313 2035 2368 ὀε

460 2409 597 2464 tales
623 2418 750 2464 sunt
775 2408 939 2463 etiam
972 2408 1027 2463 in
1060 2407 1165 2463 llde
1198 2408 1346 2474 novi,
1396 2423 1601 2474 comes,
1634 2415 1889 2478 expertes
1921 2407 2037 2473 ine,

459 2512 516 2556 et
545 2502 713 2556 solam
745 2503 998 2570 pietatem
1029 2500 1174 2556 docti
1205 2516 1409 2556 amare.
1451 2499 1560 2557 Sed
1587 2499 1736 2557 lsaac
1783 2499 2040 2572 diligebat

457 2593 675 2661 quidem
712 2592 877 2658 Esau,
923 2607 1028 2647 non
1066 2599 1125 2648 ut
1164 2592 1339 2647 virum
1377 2591 1605 2656 bonum,
1656 2603 1710 2648 et
1747 2592 2042 2647 voluntatis

460 2687 554 2742 Dei
600 2685 904 2751 conscium,
945 2687 1040 2742 sed
1085 2686 1320 2740 venandi
1363 2685 1690 2742 studiosum.
1752 2685 1917 2753 quue
1967 2685 2039 2739 ita

457 2794 580 2836 esse
613 2789 671 2833 ut
694 2779 1338 2850 inteltigeretur,causam
1367 2784 1604 2848 quoque'
1627 2793 1797 2834 sacrae
1820 2776 2041 2834 Littera:

458 2874 764 2946 adjiciunt,
809 2891 829 2928 ι
865 2887 930 2929 eo
954 2873 1098 2942 quod
1135 2874 1200 2928 de
1243 2873 1626 2929 venationibus
1669 2871 1808 2927 illius
1849 2886 2041 2927 vesce-

458 2979 665 3023 retur:
714 2975 770 3021 et
816 2966 1061 3023 Rebecca
1113 2966 1373 3036 diligebat
1429 2963 1694 3021 Iacob“.
1731 2983 1750 3018 ι
1806 2965 1911 3022 Ubi
1960 2973 2044 3020 est

459 3062 604 3115 enim
641 3075 749 3116 non
782 3061 1015 3115 mendax
1050 3059 1403 3130 promissum,
1446 3068 1500 3114 et
1533 3073 1695 3113 verus
1731 3073 1883 3114 amor
1910 3071 2041 3112 con-

460 3155 728 3224 sequitur.
763 3153 905 3208 Esau
939 3169 1067 3209 vero
1109 3168 1216 3208 non
1251 3163 1310 3207 ut
1345 3153 1520 3206 virum
1567 3151 1766 3208 bonum
1801 3167 1832 3205 a
1884 3159 2041 3220 patre
2069 3145 2111 3205 C
2148 3167 2394 3223 assidens

461 3256 724 3312 amatum,
774 3245 904 3300 nulli
954 3245 1180 3300 dubium
1211 3255 1335 3311 est;
1374 3245 1465 3314 qui
1509 3246 1667 3315 panis
1696 3243 1951 3315 pauxillo,
1985 3252 2041 3299 et

459 3339 713 3395 conlecto
745 3354 808 3394 ex
853 3339 999 3393 lente
1041 3338 1244 3407 edulio,
1290 3337 1469 3394 aetatis
1499 3337 1912 3411 praerogativam
1941 3341 2040 3393 ad-

460 3435 686 3489 dixerit.
709 3433 891 3504 Atque
921 3434 996 3488 ita
1038 3448 1168 3488 sane
1199 3441 1254 3489 et
1286 3432 1569 3504 Synagoga
1596 3443 1816 3502 propter
1843 3430 2037 3487 exilem

461 3528 726 3598 regnandi
758 3528 1092 3600 voluptatem
1123 3529 1416 3596 adoptione
1445 3526 1679 3594 excidit;
1702 3525 1904 3581 Jacobo
1928 3541 2045 3580 ma-

461 3622 561 3677 tris
601 3637 808 3695 opera,
868 3622 1072 3694 ingenii
1137 3621 1440 3689 facilitate,
1505 3621 1675 3693 patris
1728 3621 2040 3677 felicitatem

459 3718 677 3786 adepto.
711 3716 789 3772 Ac
830 3717 1290 3786 quemadmodum
1345 3716 1590 3772 Rebecca
1626 3713 1913 3780 Jacobum,
1966 3714 2041 3768 ita

459 3818 515 3863 et
546 3808 649 3863 mei
687 3807 887 3863 Christi
933 3807 1486 3864 incruenta'victima
1533 3822 1735 3863 novum
1784 3807 2040 3879 populum

465 3900 576 3956 Deo
609 3908 661 3956 et
691 3898 839 3955 Patri
877 3899 1194 3956 conciliavit
1238 3909 1294 3956 ct
1343 3901 1600 3972 placavit.
1646 3899 1752 3957 Sed
1787 3900 2041 3971 quoniam

462 3993 702 4064 rejectns
755 4011 782 4049 a
839 3994 949 4050 Deo
999 4005 1085 4050 est
1124 3996 1290 4059 Esau,
1335 4003 1390 4051 et
1441 4010 1540 4052 nos
1582 3994 1720 4051 adeo
1773 3996 2042 4051 hactenus

457 4089 529 4144 de
576 4104 642 4146 eo
687 4088 1064 4154 sermocinati,
1113 4089 1374 4159 deinceps
1420 4104 1541 4160 quae
1569 4089 1636 4145 ad
1663 4088 1829 4146 Jacob
1867 4089 2042 4146 solum

461 4189 710 4250 spectant
737 4195 1158 4251 prosequamur.
1196 4180 1308 4236 Etsi
1341 4179 1469 4240 illud
1517 4183 1669 4253 prius
1712 4197 1889 4252 operae
1918 4197 2044 4252 pre-

466 4277 598 4329 tium
636 4284 718 4332 est
751 4276 1042 4346 dispicere,
1093 4289 1193 4331 cur
1233 4274 1372 4333 Esau
1421 4276 1633 4347 paterni
1681 4278 1807 4334 boni
1847 4278 2045 4334 ominis

463 4382 652 4432 causa,
702 4367 904 4434 ingenti
951 4367 1102 4424 obito
1143 4367 1350 4433 labore,
1383 4369 1652 4425 diliicilem
1702 4385 1759 4424 se
1798 4370 2044 4440 praebens

460 4470 612 4529 pater
660 4459 897 4531 graviter
939 4458 1236 4527 ejulanlem
1290 4459 1647 4514 benedixerit.
1707 4457 1823 4515 Hoc
1877 4458 2037 4519 facto.

459 4553 675 4621 opinor,
710 4548 856 4608 Isaae
888 4552 1343 4608 scelestissimam
1371 4551 1710 4624 Synagogam
1737 4554 1918 4618 docet,
1938 4553 2038 4606 nisi

461 4647 529 4699 ad
569 4647 730 4700 Deum
769 4645 1044 4701 hominem
1084 4644 1293 4710 .lesutn,
1339 4660 1499 4714 quem
1547 4647 1598 4700 in
1646 4660 1864 4700 erucem
1911 4647 2041 4715 egit,

463 4752 702 4802 reversa,
751 4753 874 4792 eum
933 4739 1358 4806 regenerationis
1404 4737 1641 4803 lavacro,
1701 4736 1923 4806 perinde
1977 4753 2042 4794 ac

465 4829 605 4882 Esau
650 4841 856 4900 patrem
905 4829 1183 4899 lacrymis,
1220 4827 1498 4899 propitiet,
1549 4829 1769 4884 cmleste
1798 4827 2038 4899 {regnum

465 4924 726 4994 consequi
784 4939 891 4978 non
951 4938 1131 4994 posse.
1184 4924 1288 4978 Sed
1341 4939 1560 4978 rursum
1609 4924 1676 4977 ad
1724 4922 2039 4977 vaticinium

465 5033 774 5073 sermonem
823 5017 1147 5072 referamus.
1186 5035 1205 5068 ι
1244 5015 1410 5087 Igitur
1460 5031 1711 5087 egressus
1759 5013 1926 5070 Jacob
1974 5017 2042 5070 de

465 5111 730 5167 Bersabee
750 5111 1006 5182 pergebat
1034 5109 1235 5164 llaran.
1251 5111 1495 5180 Cumque
1515 5109 1745 5164 venisset
1769 5109 1834 5162 ad
1855 5123 2040 5178 quem-

465 5205 589 5259 dam
647 5205 847 5270 locum,
883 5213 936 5258 et
979 5203 1136 5257 vellet
1184 5202 1236 5257 iu
1283 5218 1346 5258 eo
1394 5208 1732 5274 requiescere
1765 5212 1880 5274 post
1913 5203 2044 5257 solis

465 5297 775 5352 occubitum
800 5298 865 5349 “.
902 5315 920 5348 ι
957 5295 1165 5351 .lacobo
1210 5296 1361 5362 solis,
1418 5297 1507 5366 qui
1558 5307 1737 5350 mente
1770 5305 2039 5363 teneatur,

466 5391 636 5462 signis
683 5391 947 5447 divinitus
989 5390 1312 5452 erudiendo.
1367 5388 1622 5444 sensiletu
1662 5388 1822 5444 condi
1872 5389 2040 5443 solem

470 5485 773 5554 oportebat,
807 5492 866 5538 ut
895 5498 1054 5554 quam
1085 5483 1363 5538 subiturus
1395 5498 1610 5553 quoque
1639 5492 1757 5536 erat
1788 5483 1843 5538 in
1873 5483 2045 5538 domi-

473 5578 593 5638 vico
625 5577 892 5648 supplicio
920 5577 1206 5647 caliginem
1241 5577 1578 5647 praesagiret.

538 5724 585 5757 "
626 5723 765 5779 Gen.
807 5736 938 5786 xxv,
980 5722 1072 5776 25.
1151 5721 1197 5754 "
1236 5720 1373 5778 Gen.
1415 5737 1467 5782 v,
1515 5719 1606 5774 26.
1683 5722 1729 5754 ”
1768 5721 1899 5778 ibid.
1940 5724 2030 5777 27.
2107 5722 2154 5756 “
2197 5721 2336 5778 Gen.
2378 5736 2500 5783 xxv,
2540 5718 2631 5772 28.

1126 5792 1172 5864 ‘f
1211 5793 1457 5848 ibid-12.
1535 5792 1582 5824 η
1611 5793 1743 5851 ibid.
1782 5792 1864 5851 ιδ.
1943 5796 1988 5829 σε
2015 5793 2170 5853 toan.
2216 5810 2254 5864 ι,
2295 5791 2384 5849 51.

479 5798 515 5838 ο
546 5793 680 5851 Gen.
731 5807 920 5846 xxvttt.
965 5792 1051 5850 ll.

473 5871 514 5903 ⁸⁸
552 5867 743 5926 Matth.
783 5880 838 5938 x,
879 5861 970 5922 ‘28.
1048 5865 1092 5897 ⁷⁸
1130 5861 1272 5922 Psal.
1307 5880 1434 5934 xxx,
1469 5864 1524 5922 9.

1645 344 1958 407 ANDRON
1970 343 2074 404 [CI
2115 343 2470 404 COMNENI

531 469 609 522 Ac
641 466 835 536 prioris
860 465 1078 536 quidem
1110 467 1288 535 populi
1325 465 1495 536 figura
1525 473 1606 520 est
1635 463 1806 532 Esau;
1840 472 2022 532 poste-
2050 457 2104 518 Λ

3608 342 3715 407 824

2728 461 2957 520 CAPUT
2996 462 3116 518 XX.

2415 601 2605 658 Jacobi
2644 617 2722 658 res
2773 619 2895 658 cum
2948 601 3158 659 Christo
3203 603 3430 658 cultam.

2214 759 2234 794 ‹
2276 739 2420 795 Tulit
2451 740 2518 796 de
2551 741 2821 810 lapidibus
2852 742 2941 809 qui
2986 740 3261 808 iacebant,
3299 748 3354 795 et
3399 753 3716 810 supponens

2139 835 2300 903 capiti
2351 850 2449 891 suo
2492 837 2558 893 “.
2609 855 2628 888 ι
2677 834 2932 906 Lapidem
2973 833 3143 891 Jacob
3169 834 3421 903 sumpsit,
3453 832 3718 904 quoniam

2139 935 2446 980 exterarum
2491 926 2728 996 gentium
2779 924 3004 995 populus
3033 938 3132 993 per
3158 932 3445 992 augustum
3480 919 3634 974 illum
3666 927 3726 974 et

2146 1037 2166 1072 ι
2205 1018 2515 1085 angularem
2553 1018 2808 1088 lapidem,
2844 1037 2863 1070 ι
2902 1017 2954 1072 id
2983 1026 3088 1082 est,
3116 1015 3414 1080 Christum,
3446 1014 3517 1068 ad
3553 1014 3726 1068 Deum

2140 1109 2488 1166 confluxurus
2513 1119 2650 1165 erat.
2677 1109 2844 1182 Igitur
2874 1109 2963 1166 hic
2988 1122 3204 1180 quoque
3230 1116 3455 1178 auguste
3484 1106 3729 1176 lapidem

2142 1203 2208 1257 ad
2260 1213 2422 1271 caput
2455 1202 2704 1259 adhibuit
2755 1223 2774 1257 ι
2821 1202 3086 1258 Dormivit
3115 1203 3169 1258 in
3201 1202 3394 1258 eodem
3432 1200 3557 1256 loco
3587 1200 3657 1254 ⁸⁸.
3701 1216 3724 1250 ι

2142 1296 2278 1352 Nam
2310 1297 2411 1352 etsi
2436 1310 2664 1366 corpore
2687 1297 2992 1352 dormiebat
3020 1293 3213 1358 Iacob;
3239 1305 3296 1349 at
3325 1292 3539 1348 lsraelis
3564 1308 3726 1347 mens

2143 1389 2534 1446 sollicitabatur
2565 1403 2581 1444 :
2617 1407 2638 1444 ι
2671 1389 2924 1461 Viditqne
2972 1389 3026 1444 in
3075 1390 3284 1446 somnis
3331 1388 3534 1445 scalam
3569 1396 3729 1444 stan-

2144 1494 2249 1540 tem
2295 1499 2460 1554 super
2492 1498 2714 1546 terram.
2760 1495 2815 1542 et
2865 1499 3125 1541 cacumen
3173 1483 3322 1541 illius
3349 1491 3575 1557 tangens
3613 1494 3728 1538 cte-

2144 1579 2255 1633 luttt
2289 1577 2354 1634 “.
2396 1596 2415 1631 ›

2741 1689 2970 1748 CAPUT
3006 1689 3125 1746 XX.

2283 1835 2444 1893 Scala
2479 1832 2645 1889 Iacob
2677 1841 2828 1960 typus
2979 1833 3238 1959 Viqginis,
3281 1842 3330 1888 et
3374 1833 3580 1903 reliqua

2771 1923 2864 1960 aco
2905 1921 2922 1960 ι
2964 1922 3048 1960 aes
3078 1923 3132 1959 a.

2771 1921 2922 1960 aeaut
2963 1921 3132 1976 gesta.

2216 2047 2428 2103 Scalam
2471 2047 2559 2103 hic
2591 2046 2726 2103 mihi
2773 2045 3047 2118 Virginem
3098 2045 3362 2118 intelligo,
3414 2059 3512 2116 per
3555 2058 3728 2114 quam

2142 2142 2193 2195 in
2243 2142 2441 2196 etclam
2490 2157 2521 2197 e
2566 2152 2707 2197 terra
2758 2141 3105 2210 surrigimur.
3160 2159 3180 2193 ε
3217 2139 3452 2210 Angelos
3505 2152 3729 2210 quoque

2141 2232 2235 2290 Dei
2264 2234 2623 2289 ascendentes
2652 2243 2705 2291 et
2733 2233 3121 2290 descendentes
3154 2248 3250 2304 per
3278 2247 3422 2297 eam,
3453 2241 3506 2287 et
3542 2229 3731 2285 Domi-

2144 2342 2270 2380 num
2303 2325 2545 2381 innixum
2576 2326 2739 2382 scalae
2768 2327 2836 2384 ".
2877 2345 2896 2379 ι
2929 2325 3172 2381 Primum
3201 2325 3266 2380 ad
3295 2341 3414 2382 eam
3444 2323 3731 2380 descendit

2141 2418 2380 2487 Gabriel,
2413 2417 2700 2474 Dominum
2748 2419 3096 2475 nuntiaturus
3147 2419 3338 2473 eodem
3389 2415 3733 2472 faustissitno

2142 2512 2337 2569 nuntio
2369 2521 2685 2579 conceptum
2723 2511 2830 2575 iri,
2866 2526 2933 2567 ex
2977 2525 3150 2580 eaque
3176 2509 3396 2577 iamiam
3426 2507 3593 2564 Deum
3631 2507 3737 2562 bo-

2143 2605 2343 2660 minem
2395 2604 2756 2674 proditurum.
2794 2603 2994 2658 Deinde
3027 2611 3082 2657 et
3124 2600 3382 2666 ministri,
3422 2614 3486 2656 ac
3531 2599 3732 2655 salutis

2145 2707 2341 2754 nostrae
2373 2697 2649 2755 custodes.
2683 2697 2941 2752 Servator
2968 2695 3113 2750 enim
3146 2709 3300 2749 meus
3345 2691 3399 2749 in
3434 2690 3735 2771 Evangelia

2145 2791 2434 2847 conﬁrmat
2471 2805 2487 2845 :
2521 2810 2541 2844 α
2581 2787 2848 2844 Videbitis
2884 2788 3081 2844 caelum
3121 2797 3386 2855 apertum,
3423 2794 3476 2840 et
3511 2783 3742 2855 angelos

2144 2887 2238 2942 Dei
2277 2886 2633 2942 ascendentes
2658 2893 2710 2939 et
2739 2880 3127 2937 descendentes
3175 2892 3340 2949 supra
3391 2877 3589 2932 Filium
3627 2877 3735 2931 bo-

2144 2980 2308 3035 minis
2346 2980 2412 3035 “.
2457 2997 2476 3032 ›
2526 2978 2894 3032 Ascendentes
2944 2976 3011 3028 ad
3061 2988 3218 3038 eum,
3269 2972 3361 3042 qui
3416 2970 3558 3026 Deus
3603 2984 3732 3052 cum

2146 3081 2312 3134 esset.
2340 3073 2502 3127 homo
2529 3072 2689 3125 etiam
2726 3069 2923 3134 factus,
2958 3064 3331 3136 inaspectabili
3365 3063 3512 3119 Patri
3538 3062 3738 3117 dexter

2436 3184 2449 3220 :
2496 3163 2885 3220 descendentes
2933 3163 3000 3215 ad
3052 3159 3318 3226 homines,
3373 3157 3735 3230 procuranda

2141 3276 2330 3316 eorum
2361 3258 2549 3315 salutis
2578 3271 2762 3313 causa.
2792 3256 2847 3311 ld
2881 3253 3026 3310 enim
3052 3261 3106 3308 et
3134 3251 3356 3318 Paulus,
3386 3251 3488 3306 mei
3520 3248 3731 3306 Christi

2140 3368 2224 3418 os,
2263 3360 2490 3408 testatus
2518 3360 2620 3412 est,
2652 3349 2804 3418 cujus
2833 3348 2899 3404 de
2941 3347 3147 3416 angelis
3190 3346 3306 3402 lucc
3349 3354 3474 3400 sunt
3505 3343 3671 3399 verba
3705 3361 3728 3400 :

2149 3463 2170 3497 σ
2230 3444 2419 3500 Nonne
2466 3457 2655 3498 omnes
2711 3450 2836 3496 sunt
2885 3438 3333 3495 administratorii
3385 3438 3608 3506 spiritus
3667 3437 3726 3493 in

2142 3534 2499 3592 ministerium
2532 3533 2678 3587 missi
2708 3544 2929 3602 propter
2956 3546 3048 3586 eos
3086 3531 3176 3601 qui
3212 3529 3580 3586 hereditatem
3621 3544 3723 3586 ca-

2140 3629 2294 3700 pient
2320 3626 2508 3683 salutis
2538 3626 2620 3680 "7
2655 3644 2675 3680 ι
2714 3625 2821 3682 Sed
2853 3624 2917 3679 ad
2953 3624 3267 3680 vaticinium
3304 3635 3671 3679 revertamur.

2219 3717 2398 3791 Atque
2432 3719 2521 3773 ille
2552 3734 2672 3773 eum
2705 3718 2783 3774 sic
2808 3727 2891 3773 est
2927 3716 3192 3773 allocutus
3222 3734 3236 3769 :
3273 3735 3292 3768 ι
3327 3717 3439 3784 Ego
3473 3732 3590 3771 sum
3624 3714 3735 3770 Do-

2146 3815 2326 3871 minus
2362 3813 2502 3869 Deus
2530 3811 2802 3868 Abraham
2836 3810 3002 3881 patris
3030 3810 3127 3872 tui,
3162 3822 3217 3865 et
3247 3809 3386 3866 Deus
3419 3811 3574 3865 lsaac
3595 3807 3667 3865 “.
3703 3826 3728 3862 ι

2145 3909 2279 3980 Ego.
2316 3908 2485 3977 Quis?
2516 3907 2689 3963 Scalae
2724 3905 3036 3960 imminens.
3068 3902 3149 3958 Ne
3189 3911 3390 3967 metue,
3425 3902 3635 3957 scilicet
3667 3902 3739 3953 ab

2146 4005 2286 4060 Esau
2331 4004 2498 4058 fratre
2530 4008 2644 4055 tuo.
2677 3998 2867 4054 Itidem
2899 4007 2954 4054 et
2989 3995 3249 4053 Servator
3279 4011 3408 4051 suos
3433 3993 3742 4062 discipulos

2149 4097 2400 4153 monebat
2430 4114 2446 4153 :
2475 4113 2495 4147 ι
2524 4094 2703 4150 Nolite
2735 4094 2928 4149 timere
2957 4106 3074 4156 eos,
3103 4093 3191 4159 qui
3221 4090 3476 4145 occidunt
3507 4101 3733 4155 corpus,

2146 4193 2380 4248 animam
2415 4199 2596 4246 autem
2631 4203 2736 4243 non
2769 4193 2993 4257 possunt
3023 4181 3276 4238 occidere
3311 4181 3376 4235 ⁸⁸.
3417 4198 3438 4233 ι
3473 4179 3627 4245 Quod
3667 4192 3740 4234 eo

2146 4285 2476 4355 pertinebat,
2501 4289 2560 4336 ut
2584 4289 2847 4334 terrorem
2877 4277 2942 4332 iis
2965 4274 3255 4339 eximeret,
3281 4273 3371 4342 qui
3405 4271 3457 4326 in
3489 4287 3550 4326 se
3579 4284 3734 4340 spent

2147 4378 2440 4443 haberent;
2487 4371 2760 4444 quomodo
2803 4381 2857 4426 et
2903 4368 3100 4424 beatus
3137 4365 3303 4420 David
3355 4364 3564 4419 felicem
3617 4361 3736 4417 cla-

2149 4477 2259 4524 mat
2297 4468 2368 4533 ",
2418 4465 2595 4535 quiin
2642 4479 2707 4520 eo
2754 4477 2904 4530 spem
2953 4460 3126 4531 ponit.
3182 4476 3202 4509 α
3237 4455 3484 4519 Terram,
3519 4455 3573 4509 in
3626 4467 3732 4523 qua

2151 4557 2356 4615 dormis
2412 4558 2504 4612 tibi
2551 4555 2711 4620 dabo,
2748 4561 2802 4608 et
2832 4550 3022 4607 semini
3076 4557 3191 4604 tuo.
3241 4564 3260 4598 ι
3301 4545 3430 4613 Ejus
3479 4544 3732 4613 stirpem,

2151 4667 2254 4708 non
2304 4650 2475 4704 solum
2527 4663 2592 4701 ex
2643 4662 2708 4700 eo
2759 4655 3070 4715 prognatos.
3106 4643 3201 4697 sed
3251 4649 3468 4695 exteros
3515 4653 3737 4709 quoque

2153 4747 2291 4801 Deus
2329 4743 2584 4814 appellat.
2623 4740 2754 4794 Nam
2806 4747 2862 4793 ut
2893 4737 3054 4801 Esau,
3089 4735 3178 4805 qui
3216 4734 3357 4789 filius
3391 4733 3540 4788 Isaac
3590 4739 3733 4794 erat,

2151 4841 2201 4894 in
2256 4839 2556 4910 Synagogaa
2609 4832 2864 4886 felicitate
2924 4843 3208 4882 numerum
3268 4825 3470 4880 nullum
3526 4823 3736 4887 tenuit,

2150 4934 2290 5001 quod
2325 4929 2540 4986 virtutis
2569 4936 2626 4982 et
2668 4926 2761 4981 Dei
2801 4925 3004 4979 notitiae
3035 4923 3137 4977 iter
3173 4936 3274 4980 non
3324 4921 3626 4984 insisteret;
3661 4920 3734 4973 ita

2151 5026 2237 5092 qni
2270 5040 2365 5093 per
2400 5023 2487 5076 Dei
2522 5019 2770 5074 notitiam
2810 5027 2863 5071 et
2889 5015 3168 5076 virtutem,
3206 5013 3418 5068 etiamsi
3450 5027 3516 5067 ex
3555 5011 3738 5083 genti-

2154 5119 2253 5172 bus
2280 5116 2412 5180 sint,
2437 5113 2654 5169 Christo
2700 5125 2760 5166 se
2806 5107 3126 5176 adiungunt,
3162 5106 3253 5160 lilii
3286 5103 3501 5160 lsraelis
3546 5114 3735 5160 erunt.

2152 5208 2429 5277 Siquidem
2455 5203 2669 5259 lsraelis
2691 5200 2895 5257 notatio
2918 5208 3022 5262 est,
3049 5217 3067 5252 ι
3095 5212 3247 5253 meus
3264 5196 3433 5251 Deum
3459 5196 3675 5251 videns.
3708 5213 3730 5248 ι

2153 5303 2336 5368 Itaque
2369 5300 2457 5368 qui
2506 5306 2743 5351 mentem
2779 5293 2982 5348 habent
3023 5299 3328 5362 purgatam,
3373 5289 3440 5344 ad
3488 5289 3734 5345 divinum

2154 5397 2494 5469 splendorem
2549 5390 2980 5462 suscipiendum,
3027 5386 3227 5443 merito
3279 5384 3495 5440 lsraelis
3543 5385 3634 5438 lilii
3679 5392 3738 5439 et

2154 5499 2301 5553 sunt,
2333 5495 2386 5540 et
2420 5484 2788 5539 nominantur.
2825 5480 3002 5550 Atque
3051 5479 3191 5533 hanc
3229 5487 3466 5534 nostram
3506 5486 3739 5532 senteno

2154 5584 2281 5637 tiam
2316 5579 2516 5649 reliqua
2557 5591 2727 5632 sacrae
2756 5574 3048 5646 Scriptura:
3091 5571 3249 5629 facile
3279 5571 3682 5629 confirmabant
3713 5587 3736 5630 :

2721 5717 2762 5751 “
2805 5714 2945 5773 Gen.
2992 5730 3182 5780 xxvm,
3229 5713 3314 5777 l0,
3359 5714 3446 5769 ll.
3523 5712 3567 5744 "
3597 5711 3736 5768 ibid.

2495 5791 2539 5824 ⁸⁷
2572 5787 2736 5846 Hebr.
2787 5803 2863 5856 tt,
2922 5785 3008 5844 14.
3109 5787 3157 5820 ⁸⁸⁵
3196 5786 3330 5844 Gen.
3372 5799 3582 5852 xxviii,
3642 5785 3736 5842 l5.
