4004 6206
356 358 462 424 825

1414 375 1800 438 DIALOGUS
1837 371 2142 437 CONTRA
2181 373 2521 439 IUDIEOS.

3488 368 3601 435 826

363 491 381 526 t
423 472 648 542 Eritque
680 490 864 534 semen
910 488 1057 538 tuum
1096 486 1250 554 quasi
1297 485 1469 555 pulvis
1505 496 1690 555 terrae;
1743 488 1934 543 dilata-
1963 498 2013 554 Α
2044 495 2354 540 exterarum
2402 493 2641 556 gentium
2670 485 2944 555 populum.
2997 484 3074 542 Ita
3123 484 3265 542 enim
3303 499 3399 544 eos
3447 503 3600 545 meus

359 564 503 620 lteris
523 567 588 620 ad
611 566 955 627 Occidentem
985 584 1038 630 et
1065 576 1357 643 Orientem,
1385 589 1440 634 et
1465 581 1918 651 Septentrionem.

352 666 406 709 et
438 656 714 715 Meridiem
747 664 814 717 ".
848 685 868 719 ι
899 666 1086 723 Videte
1120 679 1176 723 ut
1207 680 1498 739 quaternas
1530 673 1712 726 mundi
1741 683 1923 740 partes

352 765 524 804 sacra:
569 753 786 810 Littera:
825 759 1292 829 complectantur?
1321 778 1445 818 cum
1488 761 1667 818 Iudaea
1697 775 1920 832 quotum

349 838 592 909 aliquod,
623 855 676 898 et
708 846 990 902 minimum
1032 860 1190 905 terrae
1235 863 1570 923 segmentum
1605 855 1695 908 sit.
1739 853 1922 921 Itaque

351 932 404 985 itl
443 939 614 1004 magis
656 937 928 994 illustrans
959 951 1127 1006 vates,
1159 943 1306 998 addit
1337 963 1350 998 :
1385 964 1403 996 t
1439 945 1834 1000 Benedicentut-
1864 947 1916 1002 in

349 1036 424 1090 te,
457 1038 513 1084 ct
565 1033 618 1085 in
654 1035 858 1088 semine
885 1042 999 1100 tuo,
1033 1047 1242 1092 cuncta:
1276 1040 1443 1093 tribus
1496 1049 1653 1094 terra:
1682 1041 1750 1095 ⁷³.
1793 1060 1810 1091 ι
1861 1040 1917 1095 lti

344 1131 452 1187 est,
488 1122 555 1176 ab
603 1134 797 1180 exorto
843 1127 968 1182 Iesu
1010 1130 1226 1184 Christo
1273 1131 1396 1185 Deo.
1437 1131 1528 1185 Sin
1577 1134 1629 1186 id
1675 1144 1917 1187 evertere

341 1217 645 1282 conamini,
677 1219 818 1273 nulla
849 1222 989 1274 inter
1012 1237 1105 1276 vos
1134 1233 1186 1276 et
1215 1232 1400 1290 gentes
1433 1223 1659 1280 felicitas
1685 1232 1739 1278 et
1766 1240 1916 1278 com-

343 1309 533 1362 munio
583 1312 719 1375 erit,
770 1315 863 1367 sed
911 1315 1194 1368 discidium
1243 1323 1405 1383 atque
1455 1315 1741 1370 dissensio.
1779 1315 1913 1372 Nam

341 1398 609 1456 hactenus
641 1404 782 1472 apud
834 1419 1019 1460 omnes
1064 1417 1250 1475 gentes
1293 1408 1610 1476 contempti,
1659 1417 1713 1462 et
1757 1405 1912 1464 invisi

339 1493 502 1550 estis.
530 1513 548 1546 t
583 1495 647 1548 Et
678 1511 772 1553 cro
803 1506 990 1551 custos
1013 1507 1158 1563 tuus,
1191 1515 1513 1570 quocunque
1544 1500 1861 1567 perrexeris.
1889 1520 1908 1552 ι

339 1584 524 1649 Quare
567 1597 748 1644 certus
797 1592 934 1644 hanc
980 1591 1045 1645 ab
1077 1600 1278 1645 :eterno
1317 1591 1673 1646 meonetniam
1716 1593 1768 1646 itt
1824 1602 1910 1646 tua

335 1675 515 1746 stirpe
553 1678 945 1748 complendum,
993 1681 1098 1734 iter
1141 1697 1301 1737 omne
1351 1693 1500 1737 tuum
1548 1697 1770 1738 securus
1818 1686 1912 1738 tle-

336 1781 524 1822 curre.
557 1789 574 1821 t
606 1768 670 1821 Et
701 1772 950 1827 reducam
983 1780 1035 1825 te
1070 1773 1123 1828 in
1159 1784 1356 1828 terram
1389 1777 1544 1840 hanc,
1588 1793 1605 1824 ι
1645 1774 1694 1828 iti
1726 1783 1826 1836 est,
1858 1776 1910 1827 in

2022 573 2270 628 Christus
2323 575 2558 644 appellat
2604 591 2673 631 :t
2710 576 2824 646 Ego
2864 590 2983 630 sum
3034 586 3220 646 pastor
3271 576 3482 638 bonus.
3539 586 3593 631 et

2024 678 2289 733 cognosco
2313 681 2440 722 oves
2470 683 2642 734 meas,
2674 678 2729 724 et
2770 678 3098 738 cognoscunt
3133 683 3219 724 me
3254 684 3405 724 mete.
3444 670 3598 725 Sicut

2023 754 2166 808 novit
2193 771 2280 810 me
2310 757 2492 822 Pater,
2528 769 2582 813 et
2606 774 2705 830 ego
2733 774 2967 829 agnosco
3001 760 3250 826 Patrem;
3282 769 3336 815 et
3360 763 3595 816 animam

2023 861 2193 902 meam
2224 863 2366 918 pono
2392 865 2490 918 pro
2515 851 2709 907 ovibus
2739 853 2874 908 tncis
2901 853 2974 909 τ’.
3009 871 3026 904 ι
3065 853 3257 909 Notate
3286 852 3595 923 diligenter.

2019 932 2153 990 Nam
2201 952 2266 992 ex
2312 953 2378 994 eo
2429 951 2590 1010 puteo
2643 941 3089 1012 adaquabantur.
3140 944 3591 1011 quemadmodum

2017 1030 2264 1086 Christus
2296 1033 2347 1086 itt
2382 1031 2672 1104 Evangelio
2701 1035 2776 1087 ait
2806 1049 2822 1088 :
2854 1050 2874 1086 α
2911 1033 2966 1088 Si
2996 1034 3117 1104 quis
3153 1035 3286 1098 sitit,
3317 1035 3492 1087 veniat
3526 1035 3593 1088 ad

2021 1139 2124 1184 me,
2161 1134 2215 1178 et
2247 1125 2392 1180 bibat
2419 1125 2488 1179 ‘°.
2532 1144 2553 1179 ι
2590 1124 2731 1182 Oves
2765 1126 2873 1182 illic
2902 1127 3094 1193 bruta,
3147 1126 3234 1180 hic
3276 1126 3589 1181 rationales.

2025 1233 2045 1268 ι
2086 1215 2151 1269 Et
2200 1231 2260 1271 us
2307 1219 2422 1284 ejus
2451 1219 2644 1287 grandi
2680 1218 2856 1289 lapide
2889 1219 3265 1274 claudebatur.
3303 1238 3322 1272 ›
3360 1219 3406 1274 Is
3453 1220 3591 1289 lapis

2018 1309 2351 1362 monumenti
2419 1307 2726 1365 Servatoris
2783 1308 2985 1365 Christi
3049 1325 3241 1366 saxum
3319 1311 3587 1382 designat.

2017 1397 2218 1454 Eodem
2243 1415 2431 1454 omnes
2461 1418 2647 1472 greges
2671 1404 2957 1472 cogebant,
2993 1404 3200 1460 scilicet
3226 1405 3502 1475 propheta:
3531 1413 3585 1460 et

2016 1493 2279 1560 apostoli;
2311 1493 2632 1562 avnlutoque
2680 1510 2809 1549 saxo
2841 1510 2969 1550 oves
3004 1496 3368 1566 adaquabant,
3397 1497 3449 1550 id
3481 1507 3587 1561 est,

2013 1583 2347 1652 explicandis
2395 1587 2566 1640 sacris
2604 1586 2826 1641 Litteris
2870 1588 3122 1658 populum
3162 1590 3369 1643 caelesti
3409 1599 3590 1644 musto

2018 1676 2287 1745 rigabant.
2324 1677 2670 1747 Rursumque
2700 1693 2889 1732 saxum
2937 1678 3002 1731 ad
3041 1693 3103 1734 os
3150 1680 3295 1750 putei
3338 1681 3592 1735 advolve-

2016 1770 2161 1823 battt.
2189 1771 2390 1823 Saxum
2431 1775 2530 1825 hoc
2558 1772 2726 1840 putei,
2758 1772 2899 1842 quod
2930 1779 3117 1826 saxum
3147 1783 3228 1828 est
3261 1774 3587 1828 monumenti

335 1861 616 1928 antiquam
641 1862 830 1918 Adami
857 1865 1188 1920 nobilitatem
1223 1868 1521 1922 restituam.
1553 1888 1572 1919 ε
1603 1866 1708 1922 Nec
1733 1868 1912 1922 dintit-
1945 1861 1984 1914 Β
2017 1861 2339 1917 immortalis
2363 1864 2508 1926 vim.
2539 1866 2846 1933 congregati
2876 1864 2978 1919 duo
3007 1865 3291 1934 pontiﬁces
3325 1867 3509 1919 Antias
3535 1875 3590 1921 et

336 1963 454 2006 tam
505 1954 605 2007 nisi
655 1957 996 2024 complevero
1027 1959 1299 2024 universa,
1331 1975 1449 2029 quae
1482 1960 1589 2014 dixi
1625 1961 1690 2016 ".
1734 1981 1752 2014 ι
1799 1961 1912 2015 Non

334 2045 576 2106 deﬁciet.
602 2045 963 2117 inquit,tuam
997 2051 1218 2118 stirpem
1241 2051 1487 2116 felicitas,
1508 2053 1634 2121 quin
1662 2065 1722 2106 ex
1755 2068 1838 2115 ea,
1864 2051 1914 2108 id

331 2145 446 2198 est.
460 2152 524 2192 ex
543 2137 780 2209 Virgine,
800 2142 1038 2212 corporis
1056 2143 1210 2212 quasi
1241 2143 1530 2198 miscellam
1549 2159 1912 2212 assumpsero.

415 2225 565 2292 Quod
603 2229 650 2284 si
700 2232 820 2300 quis
849 2231 900 2286 id
945 2232 1184 2301 pressius
1223 2233 1520 2303 intelligere
1567 2235 1703 2301 vult,
1747 2233 1913 2291 Iacob

332 2317 520 2387 ipsum
556 2332 921 2389 percontetur.
955 2321 1118 2387 Cedo,
1153 2324 1306 2378 beate
1352 2322 1538 2389 lsrael,
1577 2341 1820 2394 quaenam
1851 2343 1910 2381 ea

330 2420 492 2475 sunt,
527 2426 646 2480 qua:
691 2416 950 2486 benignus
996 2415 1231 2473 Sabaoth
1266 2418 1523 2473 Dominus
1556 2417 1821 2473 facturum
1855 2436 1912 2475 se

329 2504 651 2572 promittit?
683 2522 703 2556 t
742 2504 856 2559 Non
890 2507 1163 2561 auferetur
1208 2517 1482 2578 sceptrum
1531 2510 1597 2563 de
1645 2508 1813 2574 Iuda,
1859 2521 1913 2565 et

327 2599 446 2650 dux
476 2596 540 2651 de
573 2596 775 2652 femore
797 2597 935 2666 ejus,
963 2601 1132 2654 donec
1160 2602 1339 2656 veniat
1367 2602 1459 2669 qui
1490 2601 1783 2656 mittendus
1805 2613 1908 2666 est,

326 2699 390 2742 et
423 2689 536 2758 ipse
557 2690 662 2743 erit
689 2691 1024 2759 exspectatio
1047 2693 1286 2762 gentium
1317 2694 1382 2747 ".
1423 2711 1442 2746 ι
1474 2693 1766 2748 Audivistis
1793 2707 1916 2762 pro-

329 2781 512 2850 phetae
537 2797 722 2836 vocem
749 2785 949 2839 nostris
974 2786 1152 2840 verbis
1181 2796 1539 2842 consentanea
1568 2786 1911 2857 loquentem?

325 2869 466 2924 Illud
513 2870 656 2924 enim
705 2873 848 2941 quod
881 2875 1230 2929 constitutum
1265 2885 1373 2943 est,
1418 2889 1734 2944 conceptum
1785 2888 1910 2932 ante

326 2963 531 3016 saecula
584 2978 842 3018 arcanum
894 2965 1188 3035 signiticat.
1242 2985 1260 3019 t
1318 2967 1559 3036 Cumque
1603 2967 1910 3038 evigilasset

322 3057 503 3113 Iacob
535 3058 601 3112 de
630 3073 844 3125 somno,
881 3076 900 3110 ι
934 3059 984 3114 id
1011 3071 1113 3126 est,
1147 3060 1426 3116 scientiam
1456 3077 1667 3118 omnem
1698 3077 1904 3128 eorum,

325 3166 456 3220 qua:
507 3150 648 3206 Deus
696 3151 954 3216 dixisset,
1009 3155 1272 3208 memoria
1323 3154 1678 3224 complexus:
1725 3157 1902 3210 tAit:

2015 1951 2248 2021 Caiphas
2289 1968 2412 2008 cum
2447 1954 2714 2020 ettstodia,
2761 1955 2827 2009 ad
2856 1970 2916 2010 os
2967 1958 3301 2011 monumenti
3337 1958 3592 2011 advolve-

2016 2053 2158 2100 rnnt.
2198 2045 2265 2100 Et
2297 2043 2463 2101 Iacob
2511 2047 2648 2101 duos
2692 2059 2934 2116 pastores
2981 2049 3267 2106 allocutus.
3309 2050 3419 2105 Illic
3454 2065 3586 2106 sane

2013 2135 2180 2192 Iacob
2234 2140 2367 2192 duos
2417 2147 2682 2207 pastores,
2741 2140 2830 2195 hie
2899 2139 3147 2196 Salvator
3195 2151 3377 2196 noster
3425 2150 3588 2212 atque

2014 2228 2175 2292 Deus,
2204 2229 2348 2284 velut
2372 2230 2509 2284 alter
2535 2228 2727 2296 Iacob,
2758 2232 2892 2287 duos
2925 2232 3224 2302 pontifices.
3260 2233 3362 2299 En,
3393 2233 3586 2303 inquit,

2017 2318 2121 2373 diei
2147 2317 2370 2372 multum
2397 2320 2571 2375 adhuc
2595 2331 2711 2386 est;
2741 2321 2958 2390 longum
2987 2323 3283 2394 paenitendi
3315 2326 3584 2392 spatium;

2014 2426 2115 2467 nec
2148 2421 2357 2482 tempus
2401 2422 2484 2467 est
2533 2414 2756 2484 cogendi
2807 2415 3033 2484 pecoris,
3085 2427 3296 2486 tempus
3339 2416 3467 2472 illttd
3501 2432 3588 2472 se-

2012 2504 2176 2560 cundi
2219 2503 2321 2559 mei
2365 2506 2646 2570 adventus,
2675 2522 2781 2576 quo
2825 2523 2952 2562 oves
2987 2507 3054 2562 ab
3101 2509 3268 2562 haedis
3316 2522 3584 2577 separem.

2012 2595 2295 2666 Adaquate
2327 2611 2474 2660 oves,
2519 2595 2611 2650 Dei
2653 2598 2897 2652 notitiam
2933 2614 3030 2667 per
3065 2609 3216 2654 actus
3259 2598 3588 2666 poenitentia:

2012 2685 2220 2749 docete,
2252 2695 2305 2740 et
2335 2696 2544 2756 pastum
2581 2686 2685 2752 ite;
2721 2687 2822 2740 hoc
2852 2697 2955 2754 est,
2996 2688 3048 2740 in
3089 2697 3288 2742 aeterna
3337 2686 3586 2741 taberna-

2010 2776 2130 2830 cula
2165 2776 2468 2832 concedite.
2516 2776 2596 2831 Ad
2643 2793 2802 2848 quem
2853 2777 2949 2843 illi,
2984 2776 3099 2832 Non
3142 2793 3448 2849 possumus,
3496 2777 3579 2832 in-

2010 2870 2219 2939 qttiunt.
2247 2869 2386 2925 idem
2413 2886 2726 2938 responsum
2759 2880 2812 2926 et
2861 2871 3143 2942 pontiﬁces
3173 2872 3351 2924 ovium
3382 2868 3585 2938 pastori

2010 2964 2295 3020 dederunt.
2330 2963 2448 3019 Non
2479 2980 2786 3035 possumus,
2837 2966 2928 3034 qui
2973 2966 3141 3019 Deum
3193 2964 3584 3030 interfecitnus,

2009 3059 2076 3114 ad
2112 3057 2315 3128 frugem
2345 3065 2398 3112 et
2429 3056 2806 3126 paenitentiam
2841 3057 3052 3122 redire;
3091 3058 3191 3110 nisi
3240 3059 3438 3111 coactis
3471 3071 3586 3110 omo

2013 3151 2168 3207 nibus
2209 3151 2480 3220 gregibus,
2509 3150 2746 3219 gentium
2786 3149 3016 3215 scilicet,
3044 3158 3356 3202 amoveatur
3393 3161 3584 3201 saxum

325 3241 475 3298 Vere
522 3244 779 3299 Dominus
833 3254 912 3298 est
963 3245 1016 3300 in
1069 3245 1186 3300 loco
1240 3247 1377 3311 isto,
1429 3256 1485 3302 et
1542 3262 1642 3315 ego
1691 3249 1904 3304 nescie-
1934 3247 1975 3302 C
2009 3242 2077 3296 ab
2098 3257 2192 3295 ore
2218 3241 2384 3310 putei,
2411 3256 2576 3295 sacra:
2605 3239 2897 3310 Scriptura!
2926 3249 3181 3308 tanquam
3216 3248 3582 3307 tegumentum

327 3338 456 3392 bam
488 3337 555 3391 ".
602 3356 621 3390 ι
661 3337 724 3391 Ει
772 3333 1177 3408 intelligentiam
1220 3339 1550 3396 subobscure
1598 3341 1805 3405 innuit,
1851 3349 1904 3396 et

322 3430 822 3500 comprehendendi
863 3431 1234 3500 impotentiam
1281 3431 1512 3500 fatetur;
1550 3449 1900 3504 pavensqne:

331 3541 356 3574 ι
413 3521 582 3588 Quam
637 3521 894 3576 terribilis
941 3532 1060 3586 est,
1114 3523 1320 3593 inquit,
1386 3524 1539 3580 locus
1599 3525 1702 3580 iste
1749 3528 1825 3582 ὀἱ
1879 3548 1898 3580 ›

323 3614 472 3669 Vere
503 3625 560 3670 tu
593 3615 836 3684 quidem,
858 3614 1168 3670 beatissime
1209 3615 1387 3672 lsraei.
1422 3616 1590 3674 Valde
1621 3618 1762 3673 enim
1797 3629 1905 3673 ter-

327 3707 504 3764 ribilis
554 3715 636 3762 est
681 3706 775 3762 Dei
820 3709 888 3763 ad
938 3706 1192 3763 mortales
1237 3709 1554 3766 descensus.
1619 3728 1637 3761 t
1673 3710 1788 3765 Non
1823 3721 1906 3765 est

327 3798 420 3854 hic
450 3797 620 3861 aliud,
639 3815 657 3849 ι
684 3795 887 3852 scilicet
916 3814 945 3852 e
977 3797 1142 3862 scala,
1164 3796 1216 3852 id
1241 3809 1343 3864 est,
1368 3813 1433 3853 ex
1467 3796 1682 3870 Virgine
1709 3798 1902 3867 Maria,

324 3901 704 3963 corporatum,
739 3909 758 3943 t
796 3890 898 3945 nisi
929 3891 1118 3944 domus
1142 3891 1256 3954 Dei,
1297 3909 1315 3944 ι
1348 3907 1465 3961 quae
1489 3903 1594 3957 est,
1629 3893 1905 3961 insepara-

329 3984 370 4039 b
395 3985 458 4039 lTs
482 3982 625 4045 unio,
657 4000 676 4033 ι
708 3991 760 4036 et
785 3982 898 4037 haec
921 3990 1069 4052 porta
1097 3982 1214 4035 cmli
1240 3982 1311 4037 ".
1336 4001 1355 4034 ι
1385 3982 1710 4048 Ιίεεε,δεαῐιι,
1745 3982 1906 4053 Virgo

329 4076 494 4132 simul
544 4086 598 4132 et
649 4075 899 4144 Deipara,
942 4074 1063 4128 εωιί
1119 4085 1274 4144 porta
1321 4084 1424 4129 est.
1474 4071 1607 4128 Nam
1644 4091 1738 4144 per
1785 4091 1904 4129 eam

332 4169 625 4224 descendet
648 4181 744 4222 ceu
769 4167 818 4220 in
842 4165 1012 4220 vellus
1037 4166 1236 4235 pluvia,
1263 4167 1570 4237 unigenitus
1596 4167 1686 4221 Dei
1713 4168 1903 4225 Filius.

333 4263 463 4316 [lac
508 4259 597 4330 qui
633 4259 860 4323 viderat,
911 4267 1073 4328 atque
1125 4259 1402 4328 explorate
1449 4262 1684 4323 tenebat,
1735 4261 1907 4316 nostis

329 4352 782 4423 quemadmodum
814 4366 970 4405 mane
994 4366 1221 4421 surgens
1250 4349 1437 4417 Iacob,
1473 4361 1527 4405 et
1571 4352 1800 4422 lapidem
1828 4353 1902 4417 ei,

330 4460 492 4517 quem
519 4449 893 4513 conspexerat,
922 4443 1216 4508 innnxerit,
1248 4452 1301 4499 et
1327 4451 1510 4498 votum
1538 4446 1860 4514 nuncuparit
1885 4461 1902 4501 :

329 4539 375 4592 si
406 4539 510 4593 hoc
532 4552 686 4591 suum
714 4537 816 4590 iter
839 4535 1094 4590 Dominus
1119 4536 1276 4590 scalte
1305 4535 1522 4591 innixus
1552 4537 1902 4602 fortuttasset,

2009 3346 2039 3386 a
2071 3331 2185 3402 lege
2209 3333 2488 3386 amolitum
2518 3331 2618 3395 sit;
2642 3341 2695 3386 et
2729 3333 2800 3384 ita
2829 3331 3158 3400 adaqttetnus
3185 3345 3394 3398 greges.
3419 3328 3574 3396 Nam,

2005 3435 2225 3481 auctore
2257 3424 2390 3479 Isaia
2421 3443 2433 3477 :
2471 3443 2491 3478 t
2529 3424 2664 3480 Cum
2701 3424 2973 3493 plenitudo
3012 3423 3248 3494 gentium
3273 3424 3571 3488 intraverit,

2007 3525 2132 3571 tunc
2162 3517 2337 3571 omnis
2370 3517 2531 3573 lsrael
2561 3517 2857 3572 salvabitttr
2889 3517 2959 3572 ⁸⁸.
2997 3534 3016 3566 ι

2074 3609 2261 3663 Atlltttc
2291 3624 2354 3662 eo
2389 3622 2508 3662 cum
2540 3606 2646 3662 illis
2675 3607 3032 3677 colloquente,
3057 3607 3109 3661 id
3139 3615 3239 3673 est,
3272 3604 3580 3662 Iudaeorum

2007 3700 2346 3771 Synagogam
2399 3700 2740 3755 commodum
2791 3700 3132 3769 castigante:
3165 3717 3183 3750 ι
3218 3699 3284 3754 Et
3312 3715 3441 3754 ecce
3479 3700 3582 3753 lla-

2005 3793 2123 3848 chel
2156 3792 2408 3846 veniebat
2455 3808 2578 3847 cum
2623 3792 2813 3848 ovibus
2859 3793 3027 3862 patris
3075 3793 3155 3846 sui
3188 3792 3267 3858 ⁸’;
3311 3811 3330 3845 ι
3374 3792 3582 3847 scilicet

2006 3886 2243 3956 gentium
2276 3885 2540 3941 Ecclesia.
2572 3884 2672 3942 Hic
2715 3888 3058 3957 conspicatus
3091 3885 3280 3953 Iacob,
3311 3887 3579 3955 Christus,

2005 3979 2246 4046 gentium
2309 3980 2634 4046 Ecclesium,
2698 3981 2880 4036 Laban
2935 3995 3046 4037 sua:
3105 3982 3290 4036 matris
3340 3983 3579 4051 germani

2005 4069 2195 4138 ﬁliam,
2240 4071 2293 4126 id
2327 4082 2428 4138 est,
2461 4088 2526 4128 ex
2557 4073 2850 4144 SynagOgte
2882 4089 3138 4143 germano
3165 4078 3408 4128 sscitant.
3444 4071 3576 4128 Nam

2008 4163 2060 4217 in
2111 4178 2302 4218 novam
2337 4162 2628 4220 Ecclesiam
2679 4175 3000 4234 cooptantur
3044 4167 3240 4235 partim
3286 4182 3349 4220 ex
3385 4179 3582 4234 genere

2007 4253 2176 4320 Esau,
2202 4255 2291 4310 alii
2321 4271 2387 4311 ex
2419 4257 2632 4322 lsmael,
2659 4259 2850 4327 partim
2885 4259 2992 4312 nati
3021 4273 3086 4312 ex
3116 4257 3348 4322 Nat-hor,
3378 4257 3572 4325 partim

2004 4362 2072 4402 ex
2122 4347 2242 4414 Lot,
2291 4349 2526 4418 itemque
2575 4366 2639 4406 ex
2692 4350 2816 4406 ﬁliis
2850 4350 3094 4414 Ceturre;
3139 4351 3227 4418 qui
3283 4351 3580 4419 Synagogm

2007 4445 2247 4511 germani
2277 4450 2424 4506 sunt,
2459 4443 2658 4512 quippe
2700 4457 2889 4497 omnes
2921 4443 3192 4496 Abraham
3230 4445 3397 4511 stirpe
3426 4443 3575 4497 editi.

2009 4532 2076 4587 Et
2120 4547 2372 4603 egressus
2404 4531 2592 4597 Iacob,
2642 4533 2692 4588 id
2739 4541 2842 4598 est,
2887 4531 3144 4586 Dominus
3195 4543 3378 4586 noster
3423 4531 3578 4588 Iesus

327 4647 453 4688 eum
496 4630 598 4685 sibi
631 4632 794 4684 Deum
839 4627 989 4693 fore;
1022 4636 1075 4681 et
1111 4628 1212 4684 hoc
1247 4641 1460 4694 saxum,
1496 4629 1635 4697 quod
1671 4629 1898 4696 figuram
1934 4615 1975 4668 Ῑ)
2003 4625 2250 4680 Christus
2279 4641 2344 4680 ex
2376 4627 2604 4681 mortuis
2646 4627 2930 4688 excitatus,
2965 4627 3179 4681 avolttto
3213 4643 3346 4679 saxo
3378 4628 3442 4679 ab
3482 4641 3574 4679 ore

328 4725 635 4778 contineret
684 4719 945 4789 itnpollttti
1006 4719 1123 4788 ejus
1174 4721 1436 4790 corporis,
1501 4721 1590 4774 Dei
1659 4723 1896 4776 domum.

327 4818 470 4885 Quin
515 4825 570 4872 ct
618 4816 856 4872 decimas
902 4814 952 4870 ei
996 4817 1246 4869 daturum
1279 4835 1293 4868 ε
1321 4831 1424 4884 qua
1473 4831 1530 4868 re
1560 4815 1898 4886 Syuagugam

329 4906 652 4971 instruebat,
702 4921 820 4976 quae
871 4907 1107 4960 omnium
1163 4907 1306 4961 domi
1365 4917 1610 4961 natorum
1663 4909 1900 4963 decimas

328 5000 625 5072 penderet;
657 5008 710 5052 et
737 4997 1069 5067 spiritualem
1102 5013 1164 5051 ac
1194 5013 1388 5052 novum
1417 4999 1666 5068 populum
1694 4999 1900 5069 signifi-

326 5087 506 5152 cabat,
543 5084 637 5154 qui
691 5086 851 5138 totius
901 5087 1077 5140 aetatis
1120 5101 1232 5139 suae
1279 5097 1439 5155 atque
1487 5089 1610 5142 vitae
1662 5088 1899 5144 decimas

327 5185 692 5232 consecraret.
724 5174 906 5244 Itaque
937 5191 965 5228 a
999 5177 1101 5229 Deo
1133 5175 1338 5231 itineris
1365 5190 1608 5247 compos,
1642 5188 1801 5247 atque
1829 5179 1896 5233 ad

328 5269 509 5324 Laban
561 5266 846 5322 incolumis
896 5270 1209 5348 perductus.
1262 5287 1279 5320 t
1336 5269 1479 5323 Vidit
1528 5268 1673 5339 (nam
1731 5269 1896 5325 Mosi:

326 5364 523 5419 lterum
557 5362 718 5417 verba
748 5360 1057 5429 tractemus)
1089 5371 1302 5430 puteum
1336 5360 1385 5413 in
1414 5375 1561 5428 agro,
1591 5380 1608 5412 ι
1633 5361 1682 5414 id
1715 5370 1815 5424 est,
1843 5361 1893 5414 t'n

324 5469 552 5522 corp0re
581 5453 782 5508 fontem
815 5451 1132 5506 immortalis
1158 5451 1297 5505 vitae.
1325 5470 1344 5502 (
1385 5450 1523 5504 Duos
1551 5467 1760 5519 quoque
1775 5468 1894 5524 gre-

324 5564 420 5618 ges
448 5547 627 5600 ovium
664 5544 987 5599 accubantes
1009 5544 1163 5614 juxta
1192 5558 1313 5598 eum
1340 5544 1406 5608 ⁷⁸,
1450 5561 1468 5595 t
1503 5541 1807 5600 Iudaeorum
1835 5555 1891 5600 et

395 5682 441 5713 ἰ
467 5679 602 5736 Gen.
635 5694 867 5741 xxxvnt.
907 5678 989 5734 Η.
1063 5680 1112 5714 ⁷⁸
1144 5679 1274 5735 ibid.

323 5753 367 5781 "
393 5749 526 5821 Gen.
558 5765 708 5810 xxrx.
735 5750 789 5821 2.
866 5751 910 5782 ⁷⁸
934 5749 1088 5809 Ioan.
1119 5768 1172 5821 x,
1209 5751 1292 5819 ιι,
1323 5751 1409 5808 i5.

324 5823 370 5856 "
396 5820 550 5877 Ioau.
596 5837 671 5888 tv,
709 5820 791 5876 Η.

1348 5682 1395 5714 ⁷⁸
1428 5681 1673 5750 ἱὺίιιηίῦ.
1734 5682 1777 5714 ⁷⁸
1812 5683 1945 5738 Gen.
1976 5699 2120 5750 xm,
2162 5685 2274 5740 l0.-
2322 5685 2368 5717 "
2398 5684 2531 5739 Cen.
2565 5698 2757 5749 xxvttt,
2799 5680 2885 5737 16.

1483 5753 1527 5786 ⁸⁸
1557 5749 1715 5810 Ioan.
1754 5769 1847 5820 vtt,
1879 5752 1967 5810 57.

2004 4717 2170 4786 putei,
2205 4717 2254 4770 id
2288 4725 2393 4784 est,
2426 4731 2454 4770 a
2499 4716 2702 4771 foribus
2748 4718 3104 4780 monumenti,
3138 4733 3200 4772 ac
3229 4718 3368 4785 quod
3405 4727 3486 4771 est
3521 4719 3571 4770 itt

2001 4807 2117 4876 lege
2157 4807 2370 4876 pingue,
2408 4818 2463 4862 et
2515 4809 2820 4863 intricatum
2874 4811 3148 4873 amolitus,
3198 4825 3309 4864 Suae
3361 4813 3570 4864 matris.

2003 4900 2318 4970 Synagogze,
2344 4912 2397 4954 ut
2429 4899 2540 4970 jam
2569 4902 2825 4964 diximus,
2851 4904 3090 4971 germani
3113 4919 3240 4956 oves
3264 4904 3570 4971 adaquavit,

2002 4992 2428 5048 immurtaiitatis
2459 4993 2688 5062 vittaque
2719 4994 2952 5062 ﬂuento;
2977 5006 3033 5046 ut
3062 4997 3112 5048 in
3141 4994 3432 5065 Evangelia
3458 4996 3570 5050 ait:

2013 5102 2031 5136 t
2071 5084 2170 5151 Qui
2203 5086 2397 5140 biberit
2425 5103 2486 5140 ex
2517 5101 2678 5154 aqua,
2705 5101 2868 5156 quam
2893 5102 2991 5154 ego
3019 5087 3158 5140 dabo
3189 5086 3258 5152 ei,
3291 5102 3394 5139 non
3429 5086 3578 5140 sitiet

2006 5174 2059 5230 in
2105 5185 2365 5230 aeternum
2399 5194 2413 5230 ε
2451 5176 2547 5231 sed
2579 5192 2741 5247 aqua,
2774 5165 2930 5247 Quam
2965 5193 3062 5248 ego
3107 5178 3244 5231 dabo
3276 5177 3345 5243 ei,
3384 5177 3470 5232 fiet
3521 5177 3573 5231 in

2004 5280 2071 5322 eo
2102 5265 2222 5322 fons
2255 5283 2407 5337 aqua:
2435 5269 2680 5323 salientis
2713 5269 2762 5321 in
2792 5269 2950 5322 vitam
2975 5278 3229 5322 internum
3260 5267 3324 5320 ⁸³.
3362 5288 3378 5318 ι
3401 5268 3576 5337 Atque

2004 5359 2117 5414 btec
2151 5360 2367 5429 quidem
2409 5376 2560 5416 naeus
2593 5376 2744 5414 amor
2783 5359 2957 5414 Iesus.
3000 5359 3163 5413 Iacob
3212 5376 3336 5413 vero
3374 5358 3576 5414 Rache-

2003 5452 2106 5506 lem
2153 5452 2496 5506 deosculatus
2545 5463 2659 5515 est;
2712 5452 2893 5505 itidem
2935 5463 2988 5506 et
3040 5467 3230 5505 novam
3279 5451 3574 5506 Ecclesiatn

1999 5544 2091 5599 Dei
2126 5545 2448 5615 Uttigenitus
2479 5544 2788 5613 complexus
2833 5550 2936 5598 est.

2963 5682 3008 5714 ⁷⁸
3035 5680 3142 5734 ihitl
3195 5680 3279 5735 Π.
3355 5679 3400 5712 ⁷⁷
3435 5679 3566 5735 ibid.

2063 5756 2109 5791 ⁸⁸
2140 5755 2239 5814 lsa.
2271 5771 2383 5824 ιιι,
2422 5755 2525 5820 20;
2581 5753 2737 5810 Rom.
2784 5768 2863 5820 xt,
2913 5751 3004 5808 25.
3079 5752 3126 5785 “
3177 5752 3312 5808 Gen.
3374 5767 3451 5817 tr,
3510 5750 3569 5806 9.
