4004 6206
407 329 515 396 82Ἱ

977 441 1208 501 CAPUT
1252 441 1418 499 XXII.

627 555 989 613 DuteJncobi
1036 572 1250 617 uxores,
1285 554 1413 622 quid
1458 554 1784 626 signiﬁcent.

491 675 599 732 Sed
648 692 715 730 ne
760 672 1106 730 recensendis
1155 673 1384 745 singulis
1430 672 1670 742 prolixus
1698 674 1905 739 videar,
1941 682 1997 729 et

418 788 533 831 rem
564 772 629 827 ad
657 770 857 824 exitum
900 769 1190 837 perducam
1220 787 1234 824 :
1262 766 1430 823 Jacob
1472 768 1555 822 bis
1594 778 1798 837 septem
1832 784 1996 824 anno-

421 881 539 920 rnm
588 863 813 919 servitio
861 864 996 917 duas
1028 860 1286 930 coniuges
1322 862 1496 924 duxit,
1546 862 1780 933 priorem
1817 860 1992 927 Liam,

418 959 642 1013 alteram
679 955 1004 1022 Rachelem;
1054 972 1279 1026 quarum
1332 955 1419 1009 illa
1469 955 1831 1027 Synagogam,
1880 955 1995 1011 haec

417 1050 617 1104 Christi
667 1048 959 1104 Ecclesium
988 1050 1427 1119 reprmsentabat.
1464 1049 1751 1106 Sciendum
1784 1063 1868 1108 εει
1894 1066 1995 1107 au-

418 1152 547 1208 tem,
579 1142 815 1211 priorem
867 1143 1046 1196 studio
1091 1152 1145 1197 et
1193 1158 1377 1199 amore
1410 1144 1726 1221 posterioris
1764 1160 1791 1198 a
1824 1144 1996 1201 Jacob

417 1246 694 1304 acceptam
732 1236 920 1293 fuisse.
953 1237 1083 1292 Nam
1111 1237 1311 1293 Rachel
1344 1255 1466 1295 cum
1500 1239 1734 1296 formosa
1769 1252 1933 1306 esset,
1965 1257 1993 1296 a

414 1328 582 1387 Jacoh
635 1332 937 1397 amabantur,
994 1342 1051 1385 ιιι
1101 1347 1128 1386 a
1173 1332 1394 1387 Christo
1440 1334 1677 1401 gentium
1729 1333 1991 1388 Ecclesia.

414 1423 579 1493 idque
610 1439 795 1479 verum
840 1442 983 1487 esse.
1016 1427 1145 1495 ipsa:
1175 1442 1346 1481 sacrae
1377 1426 1594 1483 Litterae
1624 1427 1993 1483 testimonium

415 1518 649 1574 dicunt:
683 1537 702 1573 ‹
739 1517 835 1573 Lia
868 1534 997 1574 vero
1045 1518 1209 1589 lippis
1254 1528 1371 1574 erat
1415 1518 1608 1582 oculis,
1666 1537 1686 1572 ο
1735 1533 1888 1589 atque
1932 1533 1997 1573 ac

417 1613 699 1683 Synagnga
730 1613 997 1683 impotens
1027 1614 1092 1665 ad
1140 1616 1493 1682 spectandum
1528 1613 1771 1668 divinum
1818 1614 2000 1681 splen-

416 1710 604 1761 dorem
638 1724 653 1760 :
686 1724 704 1759 ι
756 1705 958 1762 Rachel
1008 1706 1204 1761 decora
1259 1705 1420 1769 facie,
1469 1718 1523 1763 et
1568 1715 1792 1760 venusto
1840 1721 1997 1776 aspe-

415 1809 505 1855 ctu
555 1799 625 1852 ⁸δ.
683 1818 701 1851 ι
744 1798 809 1854 Ut
856 1798 1098 1867 gentium
1150 1798 1427 1862 Ecclesia,
1480 1798 1570 1854 Dei
1620 1798 1894 1869 agnitione
1942 1807 1995 1855 et

415 1891 619 1946 virtute
670 1890 1016 1959 locupletata.
1071 1890 1139 1945 Et
1189 1906 1405 1945 rursum
1448 1907 1464 1945 :
1511 1908 1530 1942 ι
1578 1890 1817 1945 Servivit
1865 1906 1995 1959 ergo

415 1983 585 2038 Jacob
617 1998 714 2051 pro
756 1981 958 2037 Rachel
1009 1991 1214 2052 septem
1262 1984 1439 2043 annis.
1470 1992 1521 2037 et
1548 1982 1873 2046 videbantur
1919 1983 1995 2037 illi

419 2075 575 2144 pauci
621 2074 741 2129 dies
785 2090 896 2144 pra:
930 2077 1130 2129 amoris
1174 2074 1542 2145 magnitudine
1572 2073 1638 2129 ⁸⁸.
1681 2092 1698 2126 ι
1741 2073 1806 2129 Ει
1839 2075 1998 2144 paulo

415 2177 541 2240 post
573 2185 587 2223 :
626 2187 645 2222 ι
688 2169 939 2222 Amorem
974 2167 1256 2235 sequentis
1283 2166 1447 2236 priori
1485 2166 1722 2235 praetulit
1750 2166 1815 2221 ⁸⁸.
1855 2185 1874 2220 ι
1922 2165 1999 2223 ita

416 2242 469 2316 et
498 2260 748 2316 Christus
781 2262 1023 2332 gentium
1073 2260 1374 2315 Ecclesiam
1414 2257 1531 2329 plus
1568 2274 1732 2329 quam
1766 2258 2002 2332 Synago-

418 2368 541 2424 gam
570 2352 791 2407 amavit.
826 2351 956 2406 Nam
988 2361 1043 2406 et
1076 2354 1213 2407 hanc
1236 2352 1336 2406 sibi
1365 2350 1748 2421 desponderat,
1778 2354 1871 2407 sed
1906 2367 2001 2421 per

415 2454 758 2515 sequestrum
792 2445 1002 2509 Mosen,
1042 2446 1495 2515 quemadmodum
1543 2452 1593 2517 et
1642 2441 1809 2499 Jacob
1849 2443 1997 2497 Liam

418 2549 608 2590 amore
635 2534 916 2599 Rachelis;
949 2549 1069 2589 cum
1099 2536 1340 2605 gentium
1376 2520 1616 2589 Ecclesia
1644 2535 1913 2599 Christus,
1944 2543 2002 2590 ut

417 2626 587 2685 Jacob
620 2643 740 2683 cum
788 2627 1048 2695 Racheie,
1084 2643 1144 2684 os
1166 2628 1345 2696 junxit
1379 2646 1392 2683 :
1426 2629 1879 2699 quemadmodum
1909 2645 2003 2699 per

421 2733 600 2779 vatem
637 2722 779 2778 Deus
812 2724 865 2777 in
896 2724 1034 2778 hanc
1075 2724 1403 2779 sententiam
1447 2722 1702 2794 aperuit:
1738 2743 1757 2776 ι
1795 2724 1859 2778 Ει
1894 2739 2002 2778 non

420 2817 640 2872 docebit
676 2816 815 2891 ultra
850 2816 931 2871 vir
963 2815 1271 2884 proximum
1322 2831 1505 2882 suum,
1540 2824 1595 2872 et
1640 2816 1727 2870 vir
1775 2815 2001 2872 fratrem

422 2920 580 2960 suum
627 2904 812 2960 dicens
854 2923 868 2961 :
921 2905 1199 2976 Cognosce
1248 2906 1561 2973 Dominum;
1616 2922 1806 2977 omnes
1857 2910 2003 2966 enim

424 3010 753 3066 cognoscent
802 3015 887 3054 me
932 3000 1233 3054 atminimo
1269 3015 1457 3056 eorum
1503 3017 1675 3074 usque
1720 3005 1787 3067 ad
1828 3003 2004 3059 maxi-

422 3108 570 3147 mum
600 3092 669 3147 '7.
706 3112 723 3144 ι
756 3093 933 3160 Atque
975 3094 1090 3149 haec
1126 3093 1177 3147 in
1219 3095 1507 3165 praesentia
1542 3097 1607 3151 de
1632 3076 1815 3152 Iacob
1854 3097 2000 3152 suﬂi-

419 3185 570 3240 ciant
596 3204 611 3240 :
647 3200 768 3240 nam
796 3188 862 3241 de
888 3201 953 3241 eo
985 3196 1035 3242 et
1069 3185 1119 3239 in
1157 3185 1420 3241 descensu
1446 3187 1499 3240 in
1524 3186 1843 3259 Egyptum,
1873 3199 1921 3244 et
1949 3190 2001 3246 in
2022 3178 2076 3255 το

421 3280 706 3335 Pharaone
736 3280 1012 3335 adorando
1042 3280 1368 3334 mentionem
1400 3279 1682 3336 faciemus.

493 3373 663 3445 igitur
693 3374 745 3427 in
785 3372 973 3441 primis
1008 3372 1403 3428 observandum
1451 3382 1554 3436 est,
1604 3373 1880 3439 lsraelem,
1928 3374 2009 3444 gi-

425 3463 651 3532 gnendis
695 3462 976 3517 duodecim
1014 3461 1366 3529 Patriarcbis,
1414 3463 1715 3540 instituisse
1764 3463 2009 3541 Synago—

421 3571 541 3624 gain
576 3570 638 3610 ex
674 3553 782 3609 Lize
817 3554 958 3609 natis
988 3573 1003 3609 :
1036 3571 1135 3626 per
1167 3556 1500 3613 concubinas
1537 3572 1689 3621 vero,
1718 3568 2008 3614 extraneas

423 3647 680 3703 mulieres
729 3647 1095 3715 signiﬁcasse,
1148 3662 1286 3718 quas
1332 3650 1516 3719 generi
1580 3665 1680 3705 suo
1725 3649 2008 3707 accenseri

424 3754 616 3809 passus
643 3739 746 3806 sit;
780 3755 876 3805 per
908 3737 1144 3797 Rachele
1174 3748 1342 3807 satos,
1376 3740 1580 3798 Christi
1625 3753 1679 3798 et
1712 3744 2009 3814 proditoris

418 3828 572 3886 ludar
602 3830 847 3912 exempla
882 3838 1138 3899 notasse;
1166 3831 1217 3885 in
1240 3829 1734 3906 losephoChristi.
1766 3834 1823 3893 in
1865 3834 2005 3892 Ben-

418 3921 588 3998 iamin
619 3923 770 3981 Iudae
800 3924 1116 3996 proditoris.

977 4038 1212 4096 caeur
1252 4002 1445 4098 xxut.

637 4159 713 4215 De
745 4158 976 4229 Jorepho
1019 4157 1280 4229 allegoria
1325 4156 1533 4215 Christo
1576 4158 1798 4215 tributa.

492 4252 675 4321 Quare
702 4254 808 4310 hoc
829 4253 1042 4324 quidem
1066 4252 1206 4317 loco,
1234 4249 1454 4306 omissis
1475 4250 1686 4316 decem,
1721 4252 1787 4309 de
1806 4252 2008 4324 Joseph

424 4358 479 4403 et
512 4345 789 4414 Beniamin
837 4346 1002 4402 verba
1048 4343 1333 4405 faciamus.
1372 4342 1480 4399 Sed
1520 4359 1695 4413 neque
1729 4345 1831 4401 hoc
1872 4360 2011 4415 prae-

425 4440 833 4496 termittendum
880 4448 965 4493 est
1008 4435 1191 4501 nobis,
1225 4452 1323 4490 cur
1370 4450 1401 4491 a
1450 4447 1673 4506 parente
1721 4437 2008 4507 aufugiens

1608 316 2037 384 ANDRONICI
2070 316 2416 382 COMNENI

2022 437 2070 497 Δ
2172 435 2438 493 Creterum
2461 439 2663 509 Josepb
2688 441 2827 508 apud
2855 439 3049 496 fratres
3068 433 3590 491 invidia'lahorabat
3609 430 3671 483 ’ἠ

3568 316 3674 379 828

2099 536 2157 582 ut
2196 538 2249 585 et
2280 530 2420 599 apud
2449 529 2663 586 Judrcos
2711 540 2829 601 post
2863 516 3114 585 Christus
3147 545 3162 585 :
3196 527 3272 584 sic
3303 526 3447 583 enim
3490 523 3681 580 scribit

2097 618 2151 676 in
2204 622 2492 693 Evangelio
2539 620 2768 677 dilectus
2821 621 2908 677 ille
2954 619 3191 676 Joannes
3235 636 3251 673 :
3290 637 3309 671 ι
3361 615 3421 670 In
3465 617 3681 685 propria

2097 716 2266 781 venit,
2298 724 2351 771 et
2383 715 2466 770 sui
2508 730 2631 771 eum
2682 730 2786 770 non
2824 723 3147 786 receperunt
3178 715 3249 769 ".
3290 731 3310 765 ι
3350 710 3428 765 11ιί
3468 721 3687 780 propter

2098 807 2297 862 fartam
2328 810 2375 863 ei
2408 826 2435 862 a
2467 818 2621 878 patre
2650 807 3034 863 versicolorem
3069 807 3327 871 tunicam,
3361 814 3417 860 et
3447 806 3682 867 somnia,

2097 900 2321 955 oderant
2353 900 2614 968 fratrem;
2642 900 2807 962 Judmi
2836 900 3113 969 Christum
3148 907 3365 970 propter
3388 896 3678 966 quamdam

2096 995 2385 1050 mentalem
2420 995 2573 1065 quasi
2619 1010 2936 1065 purpuram,
2969 1010 3091 1064 quae
3138 993 3187 1048 ei
3221 992 3458 1047 ctelestis
3502 988 3685 1045 Patris

2098 1087 2428 1158 benignitate
2453 1089 2562 1158 jam
2593 1104 2659 1143 ex
2691 1089 2958 1157 virgineo
2997 1097 3213 1154 ventre,
3257 1074 3491 1139 tinctu-ra
3540 1081 3690 1137 velut

2097 1177 2352 1233 discolori
2399 1186 2655 1233 contexta
2703 1177 2899 1242 fuerat,
2928 1191 2992 1232 ac
3022 1179 3237 1231 demum
3270 1184 3496 1246 propter
3524 1174 3683 1228 lucu-

2098 1270 2241 1325 lenta
2292 1271 2456 1325 etiam
2508 1270 2792 1336 miracula,
2847 1269 3331 1339 persequebantur.
3394 1266 3470 1320 llli
3528 1265 3683 1319 fratri

2099 1362 2399 1418 invidentes
2445 1378 2739 1431 quaerere:
2785 1382 2805 1416 ι
2857 1363 3106 1433 Nunquid
3163 1378 3256 1416 rex
3307 1372 3490 1417 noster
3539 1360 3684 1417 eris?

2099 1464 2193 1511 aut
2242 1456 2591 1523 subjiciemur
2629 1456 2820 1514 ditioni
2878 1464 2984 1513 tuae
3042 1457 3127 1510 "1'
3162 1475 3182 1510 ι
3244 1455 3412 1511 Judaei
3450 1470 3582 1510 vero
3628 1455 3681 1509 in

2099 1554 2305 1622 porticu
2358 1550 2666 1609 Salomonis
2724 1553 3199 1611 circumdederunt
3251 1549 3683 1615 Emmanuelem,

2099 1654 2152 1700 et
2183 1644 2433 1699 dicebant
2476 1645 2526 1699 ei
2555 1663 2570 1700 :
2612 1663 2631 1696 ι
2663 1643 2953 1714 Quousque
2978 1646 3214 1699 animam
3238 1652 3476 1699 nostram
3505 1642 3689 1697 tollis?

2106 1738 2160 1793 Si
2191 1748 2244 1792 tu
2272 1753 2330 1793 es
2359 1736 2637 1804 Christus,
2661 1738 2748 1795 die
2786 1738 2940 1794 nobis
2968 1738 3141 1808 palam
3177 1738 3245 1793 θ’.
3283 1756 3302 1790 ι
3341 1736 3423 1792 Illi
3456 1737 3686 1805 missum

2033 1819 2076 1875 Β
2101 1830 2167 1886 ad
2203 1846 2263 1887 se
2311 1833 2379 1886 ab
2414 1839 2636 1898 parente
2684 1829 2908 1887 fratrem
2957 1830 3277 1900 conspicati,
3322 1829 3465 1885 inter
3504 1844 3565 1884 se
3600 1828 3687 1897 ja-

2102 1934 2251 1980 ctare
2281 1942 2299 1980 :
2336 1943 2355 1976 ι
2391 1922 2532 1979 Ecce
2578 1922 2882 1981 sotnniator
2914 1926 3087 1989 venit;
3134 1923 3317 1978 venite
3364 1922 3684 1978 occidamus

2101 2032 2246 2082 eum,
2274 2026 2329 2073 et
2370 2017 2645 2072 mittamus
2678 2017 2728 2073 in
2755 2018 3043 2078 cisternam
3072 2024 3308 2072 veterem
3335 2015 3405 2070 ".
3441 2032 3461 2068 ›
3513 2012 3688 2070 Juda'l

2100 2112 2348 2183 opificem
2380 2128 2533 2168 suum
2564 2110 2632 2164 ab
2670 2110 3044 2181 inaspectabili
3092 2109 3253 2165 Patre
3295 2109 3519 2164 missum
3566 2123 3689 2163 cer-

2104 2214 2317 2267 nentes,
2360 2205 2584 2263 dicere:
2619 2226 2638 2259 ι
2680 2206 2775 2261 iiic
2805 2213 2887 2260 est
2917 2205 3114 2269 haeres,
3151 2202 3330 2258 venite
3369 2201 3686 2257 occidamus

2103 2312 2248 2361 eum,
2285 2308 2337 2353 et
2371 2297 2688 2353 habebimus
2718 2297 3085 2353 hereditatem
3113 2295 3232 2366 ejus
3262 2296 3329 2351 ".
3370 2314 3389 2347 ι
3426 2293 3506 2349 illi
3541 2291 3687 2361 apud

2103 2400 2311 2459 patrem
2345 2389 2732 2455 defensionem,
2764 2389 2818 2445 hi
2848 2390 2990 2458 apud
3019 2388 3251 2443 Pilatum
3281 2386 3532 2442 meditari
3564 2404 3578 2440 :
3613 2383 3690 2439 illi

2105 2482 2172 2537 ab
2204 2481 2424 2538 immani
2456 2481 2569 2538 fera
2595 2482 2911 2538 devoratum
2940 2480 3300 2548 confirmare;
3334 2479 3388 2535 bi
3416 2495 3432 2533 :
3468 2497 3488 2531 ι
3533 2477 3691 2535 Hunc

2105 2574 2411 2631 invenimus
2442 2574 2845 2630 subvertentem
2876 2582 3091 2643 gentem
3120 2580 3387 2636 nostram,
3420 2578 3474 2627 et
3504 2568 3694 2640 prohi-

2106 2663 2565 2723 bentem-tributa
2602 2663 2733 2717 dare
2761 2661 2988 2729 Caesari,
3039 2673 3094 2719 et
3144 2662 3409 2735 dicentem
3442 2677 3500 2739 se
3527 2660 3692 2716 Chri-

2104 2764 2247 2811 stum
2298 2769 2477 2825 regem
2523 2769 2642 2809 esse
2669 2755 2740 2809 ’⁸.
2783 2773 2801 2806 ι
2841 2754 2953 2809 illic
2982 2750 3172 2809 Ruben
3206 2753 3413 2808 hortari
3438 2752 3472 2809 ἑ
3500 2772 3519 2806 ι
3567 2752 3689 2808 Non

2106 2848 2443 2905 interliciatis
2464 2849 2698 2905 animam
2724 2850 2865 2920 ejus,
2897 2864 2994 2906 nec
3015 2848 3303 2904 eh‘nndatis
3330 2848 3653 2915 sanguinem
3671 2888 3690 2914 ,

2105 2941 2197 2998 sed
2231 2941 2473 3011 projicite
2495 2956 2619 2998 eum
2652 2942 2703 2996 in
2738 2942 3027 2999 cisternam
3063 2940 3205 2995 hanc
3232 2940 3311 3006 ";
3352 2958 3371 2993 ›
3400 2939 3608 2995 scilicet
3633 2951 3694 2995 ut

2107 3051 2229 3092 eum
2267 3036 2511 3091 manibus
2543 3050 2732 3090 eorum
2763 3035 3020 3105 eriperet.
3058 3033 3154 3091 llic
3189 3032 3414 3101 Pilatus,
3443 3020 3694 3088 ut‘Chri-

2112 3140 2251 3185 Stum
2280 3145 2309 3185 e
2334 3127 2640 3183 Judaeorum
2670 3129 2917 3183 manibus
2944 3128 3199 3197 eriperet,
3231 3140 3433 3198 negare
3458 3142 3475 3179 :
3505 3144 3526 3177 ι
3563 3124 3694 3181 an-
3757 3158 3763 3163 -

2116 3221 2217 3274 lam
2247 3235 2474 3275 causam
2517 3221 2709 3279 mortis
2757 3220 2979 3276 invenio
3012 3220 3067 3276 in
3099 3234 3208 3276 eo:
3239 3219 3528 3292 corripiam
3563 3231 3697 3290 ergo

2109 3313 2258 3369 illum
2292 3323 2348 3370 et
2393 3314 2659 3370 dimittam
2690 3315 2760 3369 ’⁷.
2800 3334 2820 3368 ι
2858 3314 2972 3370 illic
3007 3313 3214 3370 Rubeni
3244 3314 3448 3370 fratres
3478 3312 3696 3368 obtem-

2109 3424 2329 3477 perare;
2368 3409 2458 3465 hic
2500 3409 2696 3474 Judaei,
2728 3418 2787 3463 ut
2821 3410 3064 3464 omnium
3113 3407 3501 3475 cruentissimi,
3533 3405 3696 3462 Pilati

2108 3502 2273 3573 verba
2305 3502 2561 3558 refutare.
2592 3502 2699 3558 Sed
2744 3502 2853 3558 iilic
2886 3502 3073 3557 Ruben
3114 3512 3333 3572 propter
3358 3500 3693 3564 orationem,

2108 3592 2363 3651 fraterna:
2410 3595 2737 3667 proditionis
2780 3594 2924 3649 haud
2958 3608 3091 3649 sane
3136 3593 3328 3648 insons
3363 3600 3478 3658 est;
3514 3606 3698 3660 neque

2108 3685 2197 3741 hic
2226 3685 2432 3743 Pilatus
2465 3703 2495 3744 a
2527 3686 2819 3761 Dominicae
2845 3685 3007 3742 caedis
3034 3686 3264 3746 crimine
3296 3686 3456 3742 libera

2187 3779 2382 3836 Verum
2413 3796 2482 3837 ne
2512 3779 2724 3848 dicendi
2769 3780 3035 3837 brevitate
3082 3780 3260 3836 minus
3286 3780 3574 3851 perspicue
3599 3777 3697 3835 Jo-

2110 3874 2264 3945 sephi
2312 3882 2691 3955 argumentum
2731 3889 3054 3945 proponam,
3097 3874 3333 3946 ipsamet
3376 3874 3699 3945 prophetica

2112 3964 2277 4021 verba
2310 3966 2368 4032 in
2405 3966 2643 4037 medium
2696 3968 2958 4037 producta
3007 3965 3250 4023 inaudite
3281 3984 3295 4022 :
3340 3985 3361 4020 ι
3393 3964 3699 4023 Confestim

2111 4058 2296 4129 igitur,
2323 4066 2383 4114 ut
2410 4058 2662 4130 pervenit
2682 4059 2750 4115 ad
2788 4059 2993 4118 fratres
3019 4074 3168 4126 suos,
3196 4060 3541 4117 nudaverant
3571 4072 3701 4116 eum

2111 4154 2292 4209 tunica
2321 4154 2390 4211 ⁸⁸.
2427 4172 2445 4206 r
2478 4153 2558 4209 Illi
2591 4154 2865 4225 dereptam
2900 4153 3136 4211 tunicam
3170 4154 3313 4226 patri
3347 4162 3601 4218 servant;
3644 4148 3701 4207 hi

2110 4246 2384 4303 detractas
2412 4246 2631 4303 Christo
2656 4258 2836 4303 vestes
2866 4247 3195 4316 partiuntur.
3230 4245 3297 4303 Et
3337 4245 3696 4317 accipientes.

2117 4359 2137 4393 ι
2178 4338 2441 4395 Miserum
2473 4341 2529 4397 in
2561 4340 2856 4395 cisternam
2884 4341 2966 4406 ";
3000 4357 3020 4392 ι
3061 4339 3139 4396 illi
3178 4348 3456 4409 arreptum
3487 4338 3541 4392 in
3564 4352 3703 4407 spe.

2112 4448 2238 4501 cum
2283 4431 2607 4498 deturbant,
2659 4430 3137 4489 hi-exanimatum
3190 4431 3243 4486 in
3290 4439 3702 4486 monumentum

429 4534 653 4597 Rachel.
683 4532 800 4602 eius
830 4531 968 4587 idola
1002 4530 1328 4600 surripuerit
1351 4530 1397 4562 ⁸⁸
1440 4531 1599 4586 Certe
1622 4544 1739 4592 non
1777 4543 1836 4586 ut
1866 4530 2006 4586 clam
2036 4545 2085 4605 ι)
2114 4528 2413 4595 deponunt.
2441 4524 2509 4580 Et
2538 4525 2777 4579 cisterna
2804 4531 2922 4578 erat
2948 4537 3141 4587 vacua,
3168 4536 3289 4593 qua
3325 4536 3432 4579 non
3465 4521 3700 4577 habebat

426 4626 672 4695 haberet,
695 4624 789 4678 sed
826 4632 884 4678 ut
904 4622 1163 4679 aboleret.
1189 4623 1270 4675 An
1306 4621 1516 4677 sciiicet
1546 4637 1667 4692 qua:
1691 4623 1893 4679 Christi
1916 4622 2016 4679 Ec-

426 4721 605 4790 clesiae
643 4718 947 4785 exemplum
979 4719 1305 4779 contineret,
1340 4727 1568 4788 paterno
1595 4734 1815 4791 quoque
1845 4719 2013 4777 simu-

428 4816 697 4869 lacrortttn
751 4815 896 4867 cultu
939 4812 1183 4878 dimisso.
1238 4812 1525 4867 simulacra
1566 4812 1732 4869 exitio
1761 4831 1821 4870 se
1854 4814 2014 4870 datu-

430 4918 546 4959 ram
588 4902 803 4957 innuit?
849 4901 982 4957 Nam
1022 4912 1135 4956 uta
1167 4902 1333 4956 Jacoh
1365 4903 1627 4973 vestigata
1662 4904 1800 4960 haud
1840 4906 2015 4961 tenuit

430 4995 663 5061 Rachel;
704 4995 777 5049 ita
808 5001 864 5048 et
897 4992 1068 5048 altero
1098 4992 1288 5056 Jacob,
1324 4993 1608 5051 Salvatore
1639 5011 1761 5051 meo
1793 4995 2016 5051 Christo

427 5099 643 5153 exorto,
677 5090 917 5159 gentium
950 5088 1211 5153 Ecclesia,
1245 5098 1525 5156 paternam
1559 5104 1713 5144 suam
1760 5088 2014 5160 impietap

433 5192 540 5237 tem
574 5180 879 5252 ignominiae
908 5189 963 5236 et
994 5182 1209 5237 excidio
1240 5182 1409 5239 dedit.
1442 5182 1518 5238 Ac
1553 5182 2015 5252 quemadmodum

433 5274 556 5331 illos
590 5290 656 5329 ex
690 5274 938 5345 gentibus
968 5274 1221 5329 Christus
1270 5289 1375 5329 non
1422 5274 1655 5329 admittit
1692 5289 1813 5329 cum
1844 5275 2014 5331 simu-

436 5366 618 5430 lacris,
649 5365 721 5419 ita
756 5379 855 5419 nec
885 5364 1222 5436 Synagogant
1249 5380 1373 5419 cum
1402 5362 1644 5421 Judaicis
1671 5367 1927 5431 victimis.
1956 5382 2020 5423 ac

434 5460 874 5520 circumcisione.
931 5459 1105 5530 Atque.
1141 5460 1257 5513 hac
1291 5457 1508 5529 quidem
1544 5459 1623 5514 sic
1653 5459 1874 5516 habent.

510 5623 555 5654 ⁸⁵
606 5620 743 5677 Gen.
810 5634 959 5681 xxxx,
993 5618 1077 5674 i7.
1152 5618 1199 5650 "
1231 5616 1359 5671 ibid.
1386 5616 1477 5672 9.0.
1552 5615 1599 5646 ⁸⁸
1632 5614 1761 5669 ibid.
1789 5613 1881 5669 30.

440 5696 485 5728 '°
514 5693 669 5747 .loau.
714 5706 755 5750 ι,
784 5689 869 5743 ll.

441 5783 490 5817 ο.
526 5779 679 5823 mn,
715 5761 768 5816 Ξ.
847 5762 891 5794 ’⁸
928 5759 1063 5817 Cen.
1121 5776 1265 5817 xxxv.

443 5839 463 5878 ι
489 5836 645 5891 Junii.
678 5849 829 5899 xvttt,
861 5832 951 5887 253.

1372 5775 1433 5826 tt,
1463 5758 1551 5813 ‘22.

948 5660 959 5681 ,
993 5618 1077 5674 l7.
1152 5618 1199 5650 "
1231 5616 1359 5671 ibid.
1386 5616 1477 5672 9.0.
1552 5615 1599 5646 ⁸⁸
1632 5614 1761 5669 ibid.
1789 5613 1881 5669 50.
1985 5611 2004 5645 '

948 5691 991 5723 "
1022 5689 1158 5745 Gen.
1198 5704 1402 5751 xxxv",
1436 5689 1490 5743 8.
1564 5687 1612 5720 "
1640 5685 1795 5741 Joan.
1847 5700 1899 5751 ι,
1926 5683 1998 5738 ⁸24

2111 5627 2275 5666 orem.
2308 5611 2572 5677 annm.
2673 5610 2720 5642 ⁸⁸
2746 5610 2872 5665 ibid.
2904 5610 2993 5663 52.
3098 5610 3142 5640 ¹⁹
3194 5610 3329 5663 Gen.
3406 5622 3614 5671 nam,
3649 5610 3709 5665 ι.

2106 5683 2139 5715 ⁵³
2165 5683 2297 5740 Gen.
2337 5698 2545 5749 xum,
2576 5681 2664 5746 l9,
2707 5680 2797 5735 20.
2875 5679 2923 5713 ⁸⁸
2954 5678 3139 5734 Matth.
3176 5694 3293 5751 axi,
3324 5678 3411 5751 38.
3487 5680 3539 5719 ’σι
3568 5678 3709 5751 Luc.

1388 5730 1551 5825 3,32.
1642 5730 1865 5825 7"‘Luc.
1886 5730 2004 5811 ’χχιι

2106 5730 2297 5810 ιεῗῖέ
2336 5730 2877 5811 ὂ’ὲῖιζ’ἶι3ίίνίι.”ἑ5.ς
2938 5730 3161 5811 “Titinii.
3326 5730 3386 5784 ’ῖ
3402 5730 3542 5807 ibid.
3569 5730 3709 5810 ﬁeri.

2119 4632 2341 4688 aquam.
2373 4615 2841 4685 Quemadmodum
2870 4614 2983 4671 illic
3015 4630 3209 4685 specus
3242 4629 3437 4685 aquam
3464 4629 3574 4671 non
3603 4614 3703 4671 bac

2120 4709 2317 4775 behat,
2366 4710 2438 4764 ita
2500 4723 2674 4780 neque
2723 4708 2812 4764 hic
2859 4717 3268 4763 monumentum
3321 4705 3513 4761 mortis
3567 4706 3703 4766 vim.

2124 4820 2145 4853 ι
2186 4800 2250 4856 Ει
2278 4802 2531 4856 sedentes
2562 4811 2622 4856 ut
2652 4799 2998 4855 comederent
3026 4812 3217 4868 panem
3250 4798 3307 4863 ις
3346 4816 3364 4850 ι
3403 4796 3499 4863 iiii,
3536 4813 3602 4851 eo
3646 4798 3703 4852 in

2120 4908 2341 4963 specum
2369 4896 2609 4957 detruso,
2634 4892 2823 4947 sedent
2851 4889 2915 4945 ad
2941 4888 3121 4945 cibum
3150 4888 3469 4959 capiendum
3490 4908 3505 4955 ;
3527 4887 3705 4947 ludai

2120 4996 2241 5060 post
2274 4986 2612 5041 Dominicum
2646 4983 2847 5040 caedem
2880 4984 3087 5040 Pascha
3138 4982 3364 5039 faciunt.
3416 4981 3509 5037 Sic
3552 4984 3706 5038 enim

2122 5082 2281 5137 habet
2332 5077 2675 5148 Evangelista
2721 5094 2736 5135 :
2784 5093 2803 5129 ι
2842 5075 2907 5131 Ει
2952 5078 3051 5147 ipsi
3102 5091 3211 5132 non
3270 5074 3596 5130 introierunt
3644 5074 3705 5131 in

2121 5172 2459 5245 pratorium,
2484 5180 2569 5236 _ut
2617 5185 2724 5226 non
2757 5171 3281 5237 contaminarentur,
3315 5167 3410 5225 sed
3456 5176 3515 5222 ut
3546 5183 3706 5222 man-

2120 5268 2383 5323 ducarent
2432 5263 2641 5320 Pascha
2683 5264 2727 5319 ’.
2776 5282 2796 5316 ι
2835 5261 3029 5318 Notate
3076 5262 3360 5331 diligenter
3405 5259 3709 5331 Scriptum

2127 5373 2383 5416 mentem.
2414 5358 2655 5415 Sublatis
2685 5358 2858 5415 oculis
2908 5356 3369 5413 animadvertunt.
3413 5353 3547 5408 Nam
3583 5363 3712 5422 post

2125 5461 2395 5521 sumptum
2422 5466 2451 5505 a
2487 5447 2619 5504 Juda
2654 5448 2987 5504 Dominicum
3017 5462 3210 5519 panem
3249 5446 3470 5501 intravit
3493 5444 3551 5505 in
3578 5458 3709 5501 eum

2673 5608 2720 5642 ⁸⁸
2746 5608 2872 5665 ibid.
2904 5609 2993 5663 52.
3098 5607 3142 5640 ⁸⁹
3194 5606 3329 5663 Gen.
3406 5622 3614 5671 nam,
3649 5607 3711 5665 ι.
