4004 6206
364 386 470 453 829
559 441 565 449 .

365 597 652 656 ismaelitte
701 594 752 649 vi
793 603 936 650 tores
997 603 1272 651 venerunt
1331 595 1399 650 de
1453 594 1678 650 Galaad.
1729 591 1947 663 Josephi

364 692 535 753 enim,
571 699 630 742 ut
659 689 961 751 etChristi,
995 695 1270 757 emptores
1313 703 1382 743 ex
1424 685 1784 742 circumsione
1826 699 1948 740 esse

359 783 669 852 oportebat.

921 867 1154 926 CAPUT
1194 869 1384 926 XXIV.

571 1009 819 1065 Camelus
850 1009 900 1064 in
932 1007 1211 1080 Scriptura
1241 1006 1424 1063 odium
1456 1007 1740 1080 signiﬁcat.

439 1148 505 1201 Et
532 1144 720 1201 cameli
752 1160 936 1200 eorum
974 1151 1236 1208 aromate,
1269 1155 1323 1200 et
1358 1146 1558 1210 resina,
1587 1155 1749 1214 atque
1776 1152 1948 1198 stacte

359 1237 548 1295 Onusti
597 1248 770 1293 erant.
806 1236 1055 1292 Camelos
1097 1239 1402 1303 nominans,
1435 1237 1604 1291 Anna:
1635 1248 1690 1290 et
1723 1236 1944 1306 Caiphae

355 1349 616 1403 corpora,
649 1332 940 1405 pontificali
992 1330 1129 1385 stola
1163 1331 1382 1396 amicta,
1431 1340 1601 1384 notat.
1637 1330 1733 1383 Est
1763 1338 1940 1382 autem

355 1430 692 1487 camelorum
723 1440 892 1496 genus
923 1423 1245 1492 iniuriarum
1288 1422 1792 1478 retinentissimum.
1841 1419 1944 1474 ita-

357 1540 467 1593 que
497 1523 666 1594 figura
711 1532 923 1590 quoque
954 1516 1138 1571 odium
1178 1516 1436 1570 adversus
1478 1514 1760 1569 veritatem
1798 1511 1945 1569 desi-

357 1617 584 1687 gnabat.
618 1615 717 1680 Qui
749 1628 810 1668 ea
837 1614 890 1666 in
920 1610 1209 1682 Egyptum
1237 1607 1584 1676 importatum
1618 1606 1785 1671 ibant,
1816 1620 1944 1676 perc

359 1709 494 1765 inde
537 1723 600 1762 ac
660 1705 735 1761 iiii
769 1704 1076 1760 circumcisi
1121 1716 1340 1772 operam
1387 1700 1611 1765 dabant,
1656 1708 1714 1752 ut
1768 1696 1936 1752 Deum

354 1804 636 1904 Wa...
688 1800 982 1904 atumat
1033 1796 1653 1904 ῖηῖξιτοεηάιξτξιξιυξτξηίο
1729 1791 1939 1904 gms
1971 1828 2013 1883 Β
2042 1791 2656 1904 ςςέ.ξ.“ᾱῖῑέ;’.ῑις;;ι

352 1909 493 1964 ergo
536 1893 702 1949 Judas
739 1893 994 1948 fratribus
1042 1890 1157 1946 suis
1194 1908 1210 1945 :
1243 1886 1383 1955 Quid
1420 1885 1574 1943 nobis
1619 1885 1858 1956 prodest,
1892 1885 1938 1940 si

353 1983 721 2040 occiderinms
759 1981 982 2037 fratrem
1031 1990 1296 2044 nostrum,
1330 1986 1386 2034 et
1424 1976 1780 2034 celaverimus
1814 1991 1941 2031 san-

355 2078 577 2148 guinem
614 2077 818 2146 ipsius?
850 2075 1044 2132 Melius
1067 2081 1170 2138 est,
1203 2085 1256 2127 ut
1298 2070 1656 2128 venumdetur
1699 2067 1943 2125 ismaeli-

354 2171 455 2239 tis,
491 2181 544 2226 et
593 2186 781 2225 manus
827 2178 1026 2224 nostra:
1056 2183 1163 2223 non
1207 2167 1515 2236 polluantur
1543 2182 1558 2221 :
1589 2165 1757 2220 frater
1795 2164 1940 2219 enim
1976 2192 1984 2200 -

351 2273 418 2320 et
457 2279 587 2320 caro
615 2275 801 2320 nostra
847 2272 929 2318 est
957 2262 1002 2318 ⁸.
1042 2279 1062 2315 ι
1096 2261 1390 2331 Oportebat
1426 2271 1536 2315 tum
1571 2274 1785 2329 quoque
1810 2273 1942 2312 ven-

355 2356 624 2412 ditionem
673 2370 768 2425 per
800 2353 993 2411 ludam
1029 2353 1164 2418 fieri,
1197 2353 1452 2422 quoniam
1486 2360 1541 2407 et
1571 2366 1715 2406 nunc
1747 2349 1943 2406 Serva-

353 2450 498 2503 toris
523 2448 760 2505 venditio
787 2463 879 2518 per
918 2445 1110 2502 Judam
1148 2446 1477 2516 proditorem
1511 2443 1650 2501 facta
1685 2454 1791 2502 est.
1833 2442 1940 2499 Sed

349 2540 452 2609 ille
479 2539 699 2596 fratrem
732 2540 960 2595 liberare
982 2540 1186 2606 volens,
1220 2538 1584 2592 venditionem
1612 2537 1692 2592 eis
1719 2537 1890 2593 suasit
1922 2550 1938 2590 :

350 2634 572 2708 duobus
598 2634 740 2690 enim
766 2633 922 2688 malis
946 2633 1347 2702 comparandis,
1380 2632 1558 2688 minus
1583 2632 1768 2703 elegit;
1796 2633 1945 2687 isca-

362 2728 562 2792 riotcs,
597 2728 688 2798 qui
730 2726 970 2782 doctoris
1004 2725 1204 2782 caedem
1254 2726 1504 2795 spiraret,
1539 2741 1639 2780 nec
1681 2726 1945 2794 perlicere

348 2803 566 2892 posset,
589 2818 929 2890 pontificibus
952 2832 1073 2873 eum
1103 2818 1413 2873 venumdat.
1448 2817 1612 2889 idque
1636 2820 1798 2874 etiam
1828 2820 1948 2876 Sal-

353 2919 516 2968 vator
549 2926 698 2969 meus
735 2911 904 2968 Pilato
934 2911 1316 2968 demonstrans
1342 2911 1415 2967 ait
1441 2928 1454 2968 :
1489 2930 1508 2964 ι
1537 2911 1822 2978 Propterea
1848 2917 1940 2984 qui

351 3022 445 3063 me
477 3006 696 3061 tradidit
740 3004 859 3068 tibi,
918 3005 1092 3075 majus
1142 3014 1419 3069 peccatum
1472 3004 1634 3059 habet
1668 3005 1710 3060 '.
1746 3024 1764 3057 ι
1803 3006 1945 3062 Proh

349 3098 652 3171 proditoris
683 3097 987 3164 audaciam,
1018 3107 1073 3152 et
1118 3097 1356 3153 doctoris
1403 3095 1833 3154 humanitatem!

1439 386 1838 452 DlALOGUS
1879 385 2539 455 CONTRA'JUDAEOS.

363 510 618 569 Satanas,
652 512 708 556 ut
755 501 809 556 in
846 496 1139 574 Evangelia
1173 501 1407 559 Joannes
1448 503 1604 557 docet
1649 501 1692 560 ².
1727 499 1793 555 Ει
1822 515 1947 557 ecce
1973 500 2025 560 Α

3518 391 3627 462 830

2611 503 2840 562 CAPUT
2893 505 3061 562 XXV.

2506 619 2739 690 Invidia,
2772 624 2888 693 fera
2919 623 3166 680 crudelis.

2125 733 2420 790 Observato
2445 735 2645 805 ﬁguras
2673 753 2688 790 τ
2746 755 2766 788 ι
2804 735 2937 790 Cum
2966 736 3307 806 cognovisset
3333 749 3484 804 pater
3507 736 3576 789 ait
3603 752 3618 790 :

2053 821 2260 878 Tunica
2287 823 2377 878 ﬁlii
2406 827 2509 880 mei
2539 835 2643 894 est,
2672 824 2782 881 fera
2813 828 3048 896 pessima
3082 828 3316 882 comedit
3350 843 3468 883 eum
3499 829 3560 880 ”.
3597 847 3616 880 ιι

2051 901 2259 968 Etenim
2293 931 2418 971 vere
2448 917 2832 972 immanissima
2867 917 2975 972 fera
3001 928 3083 973 est
3115 919 3336 984 invidia,
3369 935 3426 972 ac
3459 921 3623 974 multo

2048 1009 2209 1061 etiam
2263 1008 2401 1077 plus.
2452 1007 2586 1065 Nam
2634 1009 2763 1065 {erat
2814 1011 3088 1065 hominum
3141 1022 3344 1064 tantum
3397 1028 3622 1083 corpora

2052 1096 2307 1154 mandunt
2331 1120 2346 1168 ;
2374 1101 2484 1156 hanc
2511 1118 2631 1156 cum
2658 1104 2974 1172 corporibus
2998 1103 3204 1157 animos
3227 1105 3386 1158 etiam
3425 1107 3660 1173 prodit...

2049 1192 2158 1248 Nec
2206 1194 2378 1248 solum
2425 1191 2609 1250 Jacobi
2661 1196 2818 1259 ﬁlios,
2852 1196 2963 1250 hmc
2999 1197 3195 1250 invidia
3229 1196 3407 1251 fratris
3437 1199 3625 1252 vendi-

2050 1292 2218 1346 tores,
2270 1285 2361 1337 sed
2402 1283 2616 1339 Iudaeos
2645 1299 2855 1354 quoque
2892 1285 2982 1339 Dei
3016 1300 3362 1355 percussores
3420 1287 3617 1343 efl'ccit.

2054 1394 2073 1426 ι
2119 1375 2420 1444 Scissisque
2469 1378 2741 1441 vestibus,
2793 1378 3007 1433 indutus
3058 1389 3141 1433 est
3185 1380 3398 1443 cilicio,
3436 1379 3623 1449 lugens

2051 1466 2216 1521 filium
2254 1484 2406 1521 suum
2442 1468 2607 1524 multo
2654 1478 2892 1540 tempore
2926 1470 2986 1525 ".
3028 1490 3045 1522 ι
3084 1469 3148 1523 Ει
3194 1471 3281 1525 hic
3317 1472 3494 1527 videre
3539 1482 3622 1526 est

2052 1572 2156 1612 non
2193 1560 2448 1613 mediocri
2491 1561 2674 1614 dolore
2708 1562 2979 1616 caelestem
3017 1561 3179 1615 Deum
3215 1571 3267 1616 et
3293 1561 3526 1627 Patrem,
3553 1579 3620 1618 ex

2049 1650 2151 1704 hac
2179 1646 2376 1704 Christi
2413 1650 2602 1720 injuria
2631 1661 2795 1720 atque
2848 1655 2994 1705 crude
3025 1651 3290 1706 alit-ctum.
3327 1671 3344 1703 ι
3384 1651 3623 1721 Congre-

2048 1742 2187 1810 gatis
2214 1751 2393 1797 autem
2426 1744 2633 1798 cunctis
2661 1744 2844 1798 liberis
2873 1744 3011 1813 ejus,
3042 1755 3097 1797 ut
3124 1743 3353 1799 lenirent
3379 1746 3618 1801 dolorem

2689 1838 2972 1904 memoria,
3010 1837 3118 1892 Deo
3150 1839 3342 1895 charos
3374 1840 3535 1894 simul
3568 1848 3624 1894 et

2039 1927 2232 1982 charas
2269 1926 2548 2000 Scriptura
2594 1930 2882 2000 signiﬁcat.
2925 1948 2944 1981 ι
2979 1928 3160 1984 Noluit
3195 1929 3620 1986 consolationem

2039 2017 2283 2087 accipere
2319 2017 2396 2086 “;
2445 2037 2465 2071 ›
2497 2029 2602 2072 tam
2625 2019 2862 2088 graviter
2889 2020 3030 2073 enim
3060 2018 3228 2075 Judaei
3258 2019 3616 2089 offenderunt,

2040 2119 2100 2163 ut
2132 2109 2566 2180 deprecationem
2613 2119 2851 2181 respuat,
2885 2112 3229 2180 quantumvis
3265 2112 3503 2167 animum
3537 2114 3621 2169 in-

2041 2203 2200 2257 ducat
2248 2203 2371 2274 quis
2419 2204 2628 2273 precari
2710 2219 2806 2273 pro
2854 2205 2938 2260 iis.
3013 2203 3068 2259 ld
3119 2205 3260 2275 quod
3302 2221 3396 2274 per
3444 2218 3619 2263 vatem

2041 2293 2187 2349 Deus
2213 2303 2440 2374 testatur
2475 2296 2530 2350 in
2575 2297 2686 2350 haec
2717 2296 2921 2352 verba:
2956 2315 2975 2350 ι
3021 2294 3077 2352 Si
3115 2297 3327 2354 steterit
3359 2297 3540 2358 Moses
3565 2308 3622 2358 et

2045 2385 2261 2442 Samuel
2290 2401 2471 2442 coram
2506 2404 2609 2454 me,
2648 2403 2752 2444 non
2785 2398 2868 2445 est
2898 2389 3077 2444 anima
3109 2405 3226 2446 mea
3268 2391 3335 2446 ad
3365 2393 3616 2463 populum

2043 2480 2206 2536 istum
2249 2481 2316 2546 ιτ,
2357 2500 2378 2529 ι
2415 2494 2513 2535 nec
2546 2482 2831 2536 exaudiam
2869 2497 2983 2547 eos,
3026 2494 3376 2550 exposcentes
3408 2499 3506 2556 pro
3549 2484 3620 2544 iis

2044 2587 2252 2641 pacem,
2275 2583 2333 2627 ut
2359 2583 2504 2628 ante.
2567 2571 2642 2627 ita
2670 2582 2730 2627 ut
2755 2589 2872 2643 qua:
2903 2575 2955 2630 in
2985 2575 3158 2630 medio
3184 2583 3311 2630 sunt
3331 2576 3617 2651 dimittam,

2042 2662 2336 2736 Josephum
2362 2664 2416 2719 in
2441 2662 2735 2736 Egyptum
2763 2666 3102 2722 abduxerunt
3130 2667 3200 2723 η.

2606 2777 2833 2837 CAPUT
2872 2777 3062 2837 XXVI.

2093 2893 2288 2962 Ioseph
2327 2897 2380 2950 in
2418 2894 2650 2967 τερθριο
2689 2895 2756 2949 ad
2797 2912 3028 2950 summos
3067 2896 3289 2952 honores
3328 2910 3553 2957 evectus.

2116 3009 2216 3075 ibi,
2245 3010 2396 3066 scitis
2423 3024 2610 3091 omnes
2657 3009 2975 3081 legisperiti,
3016 3010 3315 3069 Pharaonis
3358 3014 3620 3087 magistro

2049 3101 2290 3171 equitnm
2333 3101 2585 3164 veniisse,
2635 3115 2869 3170 eumque
2915 3101 3186 3157 hominem
3233 3107 3479 3161 dextrum
3518 3110 3618 3164 de-

428 3214 596 3287 igitur
641 3214 759 3284 ejus
818 3211 1012 3269 fratres
1073 3221 1376 3268 extractum
1435 3213 1796 3283 eductumque
1863 3227 1928 3269 ex

2043 3193 2386 3263 prehensum,
2418 3191 2562 3247 omni
2593 3207 2703 3249 suae
2723 3191 2960 3256 iamilim,
3007 3196 3323 3266 cunctisque
3360 3198 3619 3256 domesti-

349 3310 592 3368 cisterna
621 3307 937 3376 iosepbum,
971 3305 1256 3361 ismaelitis
1299 3306 1536 3375 vendunt
1563 3306 1616 3360 in
1643 3305 1936 3377 Egyptum

349 3401 751 3458 abducendum.
789 3399 870 3455 illi
916 3398 1134 3470 quidem
1169 3399 1268 3455 sic.
1317 3397 1485 3452 Judaei
1532 3397 1714 3455 .iesum
1768 3398 1940 3454 Pilato

355 3492 637 3560 traditum,
671 3494 723 3548 in
773 3505 1100 3564 crucemque
1147 3492 1444 3558 sublatum,
1493 3491 1654 3547 morti
1704 3492 1940 3547 demise-

355 3597 507 3644 runt.
543 3587 792 3656 Acceptis
821 3584 888 3640 ab
919 3585 987 3642 iis
1018 3584 1204 3642 aureis
1247 3584 1459 3659 viginti.
1496 3584 1578 3640 illi
1614 3579 1809 3642 aureos
1852 3585 1938 3641 vi-

355 3681 531 3754 ginti;
560 3679 801 3750 proditor
835 3685 1119 3749 argenteos
1151 3676 1367 3748 triginta
1399 3677 1620 3747 accipit.
1682 3693 1704 3731 ι
1738 3675 1943 3733 Rever-

350 3789 453 3830 sus
481 3770 670 3828 Buben
716 3769 784 3826 ad
814 3769 1129 3851 cisternam,
1174 3783 1283 3825 non
1331 3768 1534 3824 invenit
1567 3783 1791 3839 puerum
1829 3768 1870 3823 '.
1910 3787 1932 3822 ι

357 3866 474 3924 Hoc
511 3863 836 3927 ,Servatoris
887 3879 916 3918 a
971 3861 1206 3919 mortuis
1257 3862 1710 3919 resurrectionem
1759 3869 1938 3918 notat.

351 3957 491 4014 Nam
524 3968 582 4012 ut
612 3956 726 4013 illic
771 3954 964 4020 Ruben
990 3952 1285 4024 Josephum
1321 3966 1428 4009 non
1461 3951 1690 4034 invenit,
1721 3953 1797 4008 ita
1837 3967 1940 4010 nec

349 4051 547 4108 Petrus
570 4051 844 4108 Christum
879 4050 931 4103 in
961 4056 1310 4104 monumento
1333 4049 1376 4104 '.
1409 4066 1430 4101 ι
1461 4046 1726 4103 Tuierunt
1753 4057 1935 4104 autem

355 4140 598 4216 tunicam
631 4139 852 4211 Joseph,
887 4149 942 4195 et
984 4139 1039 4195 in
1083 4139 1346 4211 sanguine
1393 4138 1552 4207 haedi,
1596 4153 1758 4210 quem
1788 4141 1940 4196 occi-

350 4233 580 4300 derant,
631 4233 905 4289 tinxerunt
944 4231 988 4294 Ρ.
1042 4249 1062 4282 ι
1109 4229 1186 4286 illi
1222 4239 1445 4300 accepto
1489 4245 1654 4302 capro
1699 4231 1936 4288 tunicam

351 4343 548 4384 cruore
595 4327 844 4396 imbuunt
872 4344 887 4381 :
917 4325 1007 4382 hic
1031 4339 1196 4396 caper
1240 4333 1402 4394 atque
1448 4325 1626 4379 tunica
1658 4323 1820 4380 Verbi
1851 4338 1940 4378 as-

352 4431 624 4493 sumptum
679 4419 1080 4492 intelligendum
1147 4428 1232 4474 est
1283 4434 1299 4472 :
1353 4431 1461 4487 quo
1521 4417 1935 4485 interﬁciendo,

350 4515 522 4574 Judaei
567 4528 768 4584 corpus
816 4515 931 4583 ejus
974 4520 1345 4570 cruentarunt.
1397 4509 1649 4568 ,ἵει-εωὶε
1681 4511 1825 4569 enim
1867 4527 1934 4567 ex

350 4608 556 4664 ωλι-ἰειί
592 4621 822 4677 persona
873 4603 984 4660 haec
1029 4613 1156 4659 sunt
1204 4601 1368 4658 verba
1414 4619 1432 4660 :
1480 4619 1501 4654 ι
1551 4601 1620 4658 Et
1647 4589 1750 4674 ego
1776 4604 1930 4672 quasi

351 4718 524 4773 agnus
554 4709 888 4764 mansuetus,
918 4699 1006 4769 qui
1034 4707 1278 4768 portatur
1302 4698 1367 4752 ad
1397 4697 1709 4761 victimam;
1747 4706 1930 4752 etnon

347 4795 599 4866 cognovi,
631 4794 753 4864 quia
790 4792 1162 4862 cogitaverunt
1204 4805 1368 4860 super
1416 4803 1505 4845 me
1549 4789 1777 4846 consilia
1809 4791 1850 4844 ’.
1907 4807 1928 4840 ι

350 4886 544 4942 Videte
573 4895 631 4940 ut
659 4886 775 4940 ovis
801 4883 1002 4954 ubique
1031 4883 1200 4949 ipsius
1233 4881 1498 4951 assumpti
1528 4882 1752 4951 figuram
1791 4882 1932 4936 desi-

347 4989 480 5052 gnet
510 4979 577 5034 “.
609 4977 931 5047 Missamque
978 4975 1355 5033 versicolorem
1401 4975 1638 5030 tunicam
1672 4976 1811 5045 patri
1846 4989 1931 5029 rec

348 5079 698 5146 prmsentant.
738 5072 869 5127 Nam
923 5069 1166 5140 unigena:
1213 5069 1448 5124 tunicam
1493 5066 1636 5121 Deus
1669 5076 1724 5121 ct
1767 5064 1931 5120 Pater

346 5176 629 5224 cruentam
660 5165 889 5235 accepit.
931 5166 1000 5220 Et
1040 5165 1088 5218 ei
1134 5163 1445 5234 significant
1478 5179 1492 5215 :
1529 5180 1548 5215 ι
1590 5159 1741 5215 Hanc
1771 5159 1928 5215 inve-

347 5262 531 5317 nimus
564 5276 578 5314 :
635 5259 755 5314 vide
787 5266 964 5313 utrum
1015 5258 1196 5312 tunica
1232 5254 1326 5310 lilii
1355 5255 1430 5308 tui
1464 5255 1555 5321 sit,
1589 5267 1766 5308 annon
1799 5253 1862 5306 ⁵³.
1903 5270 1923 5304 ›

346 5354 542 5412 Itidem
574 5363 628 5409 et
657 5354 826 5409 Judaei
863 5357 927 5408 de
961 5353 1177 5408 Christo
1220 5351 1472 5407 dicebant
1501 5367 1516 5405 :
1553 5368 1573 5403 ι
1606 5347 1843 5405 Conlidit
1874 5349 1924 5402 in

348 5448 506 5504 Deo:
540 5446 727 5502 liberet
757 5462 917 5514 nunc,
953 5446 997 5501 si
1033 5444 1143 5500 vult
1183 5459 1305 5500 eum
1340 5444 1404 5498 ".

427 5635 448 5667 ⁸
479 5631 635 5687 Joan.
669 5645 789 5691 xm,
852 5627 944 5683 27.

349 5712 372 5740 ⁸
404 5705 540 5760 Gen.
574 5716 783 5766 xxxvii,
818 5699 906 5756 3|.
981 5700 1002 5732 ⁹
1033 5698 1232 5753 Jerem.
1268 5714 1328 5762 tt,
1369 5697 1451 5752 i9.

352 5771 578 5833 xxxvtt,‘
613 5773 700 5824 35.
782 5771 827 5803 ¹¹⁵
859 5771 982 5823 “liii.
1019 5770 1107 5824 Si.
1186 5772 1227 5802 "
1258 5771 1382 5824 ibid.
1425 5767 1514 5822 53.

347 5847 407 5901 3.
482 5845 528 5875 ’°
569 5842 712 5896 Psal.
754 5854 860 5906 ctx,
904 5843 956 5898 4.
1034 5843 1073 5873 ²¹
1119 5840 1285 5896 Hebr.
1327 5855 1420 5905 vtt,
1468 5838 1552 5893 i‘l.

348 5929 538 5983 nats,
574 5913 644 5968 20
661 5952 681 5979 ,
719 5913 806 5968 '22.

1533 5695 1576 5727 “
1619 5695 1720 5749 lsa.
1756 5710 1868 5754 Litt,
1902 5691 1953 5744 7.

1595 5766 1636 5797 ⁸⁸
1686 5768 1811 5820 illiti.

1044 5628 1064 5660 ⁸
1095 5628 1230 5685 Gen.
1261 5642 1469 5689 nam,
1499 5623 1588 5687 26,
1620 5624 1707 5680 27.
1787 5624 1808 5656 ⁸
1836 5620 1991 5674 .ioan.
2043 5634 2152 5689 Its.
2207 5616 2292 5670 il.

1893 5763 1934 5794 ιτ
1965 5760 2161 5815 Jcrcm.
2196 5773 2279 5820 xv,
2317 5757 2368 5810 i.

1631 5839 1674 5868 "
1717 5838 1841 5905 Sap.
1887 5850 1942 5898 ιι,
1985 5831 2070 5886 l6.

2041 3285 2120 3340 cis
2149 3300 2177 3340 a
2220 3283 2518 3355 Putipbare
2553 3284 2865 3355 praefectum
2901 3286 3103 3353 fuisse;
3135 3287 3320 3342 heram
3369 3303 3518 3355 vero,
3560 3300 3620 3346 ut

2036 3377 2338 3431 tortuosum
2384 3390 2505 3431 esse
2547 3375 2859 3443 conspicata
2905 3374 3028 3442 fuit,
3074 3391 3195 3431 eum
3240 3390 3486 3444 amasse;
3521 3381 3617 3434 sed

2038 3478 2329 3538 negantem
2381 3483 2568 3523 secum
2617 3467 2887 3538 nequitias
2939 3467 3140 3534 facere,
3189 3479 3401 3538 arrepta
3443 3481 3614 3538 veSte,

2039 3582 2147 3638 quo
2176 3568 2344 3635 proba
2380 3566 2679 3630 videretur,
2708 3567 2903 3622 marito
2934 3567 3256 3637 prodidisse.
3287 3565 3363 3621 ita
3401 3549 3533 3621 sane
3560 3573 3619 3620 et

2040 3657 2322 3731 Syhagoga
2378 3657 2654 3714 Christum
2708 3657 2860 3728 prius
2904 3658 3126 3724 dilexit,
3184 3659 3326 3715 inter
3371 3657 3618 3714 homines

2043 3752 2200 3825 longe
2230 3751 2682 3807 formosissimum
2710 3753 2793 3818 ";
2822 3766 2944 3805 cum
2980 3766 3100 3807 eum
3131 3759 3184 3804 et
3205 3751 3516 3822 pontificem
3547 3749 3617 3807 ad

2041 3847 2307 3903 rationem
2336 3844 2758 3901 Melchisedechi
2787 3845 3062 3915 cooptavit
3093 3844 3163 3911 ”,
3199 3853 3254 3900 et
3287 3847 3407 3901 sine
3445 3855 3620 3899 matre

2039 3941 2097 3996 in
2125 3941 2295 4007 cosio,
2319 3940 2439 3995 sine
2467 3949 2620 4011 patre
2648 3938 2700 3994 in
2730 3947 2875 3993 terra
2907 3937 3254 3994 confirmavit
3278 3936 3346 3992 ²¹.
3375 3937 3480 3994 Sed
3517 3951 3618 3994 nec

2038 4047 2159 4105 qua
2197 4031 2492 4105 Synagogac
2533 4030 2829 4102 placerent,
2868 4031 3048 4088 facere
3077 4031 3370 4096 volentem,
3397 4041 3450 4087 et
3481 4025 3617 4088 assi-

2037 4128 2145 4184 due
2191 4127 2557 4183 incessentem
2602 4133 2657 4180 et
2687 4126 3069 4196 castigantem,
3106 4135 3165 4179 ut
3196 4125 3270 4179 ait
3307 4124 3617 4181 Salomonis
3663 4175 3670 4184 ι

2039 4221 2321 4291 Sapientia
2352 4238 2368 4275 :
2407 4235 2430 4271 ι
2461 4217 2742 4289 Tanquam
2779 4233 3016 4288 nugaces
3052 4215 3302 4273 aestimati
3328 4232 3513 4273 sumus
3547 4217 3617 4274 ah

2038 4315 2153 4381 illo,
2189 4323 2245 4369 et
2288 4312 2528 4368 abstinet
2557 4326 2616 4366 se
2649 4326 2679 4364 a
2723 4309 2827 4366 viis
2873 4308 3099 4377 nostris,
3132 4320 3387 4380 tanquam
3419 4308 3487 4365 ah
3516 4309 3611 4363 im-

2038 4407 2321 4463 munditiis
2365 4405 2442 4471 ";
2516 4424 2539 4456 ν
2593 4413 2702 4459 tum
2737 4419 2867 4459 vero
2921 4405 3258 4459 vestimentis
3308 4402 3614 4458 emendum

2040 4499 2213 4557 Pilato
2264 4497 2510 4566 tradidit,
2554 4497 2884 4553 sacrificium
2919 4511 2979 4553 se
3012 4495 3120 4551 Deo
3147 4495 3325 4552 facere
3361 4495 3611 4551 credens.

1965 4561 2014 4618 θ
2041 4594 2152 4650 Illic
2197 4561 2765 4663 Putipharivagyptia
2807 4605 2872 4644 ει
2911 4587 3194 4642 Adduxisti
3242 4602 3459 4642 servum
3510 4585 3613 4644 iie~

2040 4686 2263 4748 brutum,
2288 4694 2348 4738 ut
2378 4683 2624 4738 iiiuderet
2649 4681 2779 4735 mihi
2804 4681 2871 4735 ⁸³.
2914 4699 2930 4728 ι
2960 4680 3056 4734 ilic
3080 4679 3364 4750 Synagoga
3399 4678 3568 4732 Pilato
3598 4692 3610 4731 :

2048 4797 2066 4831 ι
2098 4775 2432 4846 improperat
2453 4774 2604 4828 nobis
2640 4783 2863 4842 peccata
2898 4771 3054 4840 legis,
3080 4783 3133 4825 et
3165 4771 3403 4828 diti'amat
3438 4776 3489 4828 in
3517 4790 3612 4831 nos

2036 4881 2258 4944 peccata
2302 4870 2598 4938 disciplina:
2641 4877 2839 4924 nostrae
2872 4868 2940 4919 “.
2986 4885 3008 4919 ν
3051 4865 3162 4920 ilhc
3201 4866 3460 4935 Putiphar
3496 4875 3612 4920 ‘cor-

2038 4971 2250 5035 reptum
2294 4961 2587 5033 J'osephum
2637 4960 2690 5014 in
2740 4973 3012 5012 carcerem
3061 4958 3348 5026 compegit,
3409 4971 3514 5022 quo
3560 4955 3612 5010 in

2035 5060 2157 5114 loco
2190 5055 2354 5110 vincti
2387 5053 2527 5122 regis
2557 5053 2882 5106 tenebantur
2912 5051 2957 5081 "
2987 5066 2999 5104 :
3030 5049 3116 5102 hic
3172 5047 3374 5102 Pilatus
3402 5046 3612 5102 Domini

2037 5150 2143 5206 mei
2182 5147 2376 5218 captivi
2421 5145 2655 5200 animam
2697 5146 2763 5197 ad
2807 5141 3006 5197 inferos
3038 5140 3291 5206 demisit;
3333 5139 3418 5193 ubi
3452 5140 3504 5193 in
3535 5150 3613 5194 te-

2037 5244 2221 5299 nebris
2241 5242 2350 5311 jam
2379 5240 2506 5296 olim
2552 5247 2864 5293 sanctorum
2899 5251 3086 5289 manes
3120 5236 3462 5290 tenebantur.
3499 5232 3613 5290 illic

2035 5335 2295 5392 custodite
2321 5334 2574 5404 magister
2596 5331 2836 5399 Josepbo
2863 5344 3138 5384 carcerem
3172 5328 3224 5382 in
3255 5343 3443 5382 manus
3469 5342 3610 5382 com-

2037 5430 2208 5495 misit,
2247 5443 2350 5486 nec
2380 5427 2446 5482 de
2474 5429 2539 5482 iis
2563 5441 2681 5495 qua:
2717 5424 2850 5478 inibi
2880 5424 3091 5487 fierent,
3123 5432 3240 5492 post
3267 5437 3388 5476 eum
3412 5437 3610 5489 cogno-

2369 5615 2388 5644 "
2422 5615 2552 5671 Gen.
2617 5624 2823 5671 xxxvtt,
2869 5609 2958 5664 2i).
3073 5611 3088 5638 ⁷
3120 5606 3274 5659 Joan.
3321 5618 3414 5662 xx,
3470 5601 3520 5665 fi,
3555 5603 3606 5656 7.

2033 5691 2073 5720 “
2105 5674 2238 5742 Gen.
2309 5701 2514 5743 sum.
2548 5685 2634 5738 32.
2731 5683 2773 5712 "
2802 5680 2985 5734 Matth.
3035 5693 3202 5737 nvn.
3235 5675 3321 5732 45.
3402 5674 3443 5706 ¹⁸
3471 5674 3607 5729 Gen.

2448 5755 2491 5787 “'
2521 5755 2653 5809 Gen.
2694 5765 2879 5814 xxxix,
2926 5749 2957 5802 7
3011 5764 3159 5817 seqq.
3197 5743 3429 5821 _"__Psal1
3464 5757 3609 5821 ζων,

2170 5831 2212 5861 ³⁸
2252 5813 2385 5884 Cen.
2429 5842 2612 5890 χχχιιι,
2669 5823 2751 5876 i7.
2830 5823 2874 5853 ”
2916 5821 3045 5891 Sap.
3087 5813 3147 5888 ιι,
3174 5817 3307 5873 "i2.
3385 5815 3430 5847 "
3467 5813 3603 5871 Gen.
