4004 6206
369 356 471 420 831

1533 350 1950 413 ANDRONICI
1993 351 2339 414 COMNENI

3519 329 3631 392 832

368 470 585 530 scebat:
619 467 708 522 hic
735 480 888 522 meus
917 463 1166 521 Salvam?
1191 473 1354 533 atque
1391 461 1555 528 9608.
1581 461 1824 530 altrltplis
1861 460 1947 512 ἰῐι-
1973 460 2021 520 Α
2049 464 2512 527 misericordiam;
2575 477 2592 512 ι
2645 471 2763 512 mea
2798 467 2901 522 ope
2948 451 3000 507 in
3052 448 3249 506 fratres
3297 445 3634 514 benignitate

373 559 611 613 ferorum
638 559 889 622 vinculis,
946 557 1262 626 calcatoque
1293 555 1520 610 custode
1552 554 1788 616 diabolo,
1823 566 1948 607 san-

370 662 580 706 ctorum
609 649 819 705 animas
847 650 1117 705 liberavit.

456 785 475 816 σ
518 766 611 819 llis
641 765 714 820 ita
734 765 919 834 gestis,
943 764 1142 819 accidit
1167 774 1223 817 ut
1249 772 1538 834 peccarent
1560 764 1666 817 duo
1689 760 1950 826 eunuchi,

373 859 634 928 pitu-erna
675 857 816 924 regis
850 854 1091 927 Aigypti,
1124 866 1177 909 et
1210 856 1400 927 pistor,
1442 856 1662 909 domino
1691 870 1790 908 suo
1823 855 1892 920 “,
1930 872 1949 906 ι

377 950 428 1003 id
465 961 565 1012 est,
606 958 913 1001 exterarum
955 948 1195 1016 gentium
1244 957 1296 1000 et
1344 944 1649 999 Judmorum
1707 945 1953 1015 populus.

378 1042 517 1097 Nam
553 1041 699 1108 prior
723 1051 835 1093 erat
861 1040 1124 1110 gentium,
1151 1041 1262 1108 qui,
1302 1049 1359 1090 ut
1385 1037 1666 1092 idololatra
1700 1036 1896 1100 factus,
1927 1053 1957 1089 a

381 1133 489 1188 Deo
525 1131 745 1195 defecit,
790 1143 917 1184 tunc
950 1127 1230 1184 Judaicum
1268 1129 1516 1199 populum
1551 1143 1648 1199 per
1684 1128 1958 1183 Abraham

380 1223 714 1278 sacrificium
751 1222 1006 1277 instituit.
1045 1240 1065 1273 ι
1102 1221 1470 1291 Videruntque
1499 1221 1661 1275 ambo
1689 1219 1960 1276 somnium

380 1328 542 1370 nocte
589 1331 692 1368 una
740 1315 808 1378 ³⁷,
867 1334 884 1366 ι
939 1316 990 1369 id
1032 1325 1138 1380 eat,
1186 1315 1280 1371 Dei
1309 1325 1537 1370 mortem
1569 1318 1963 1384 recogitarunt.

384 1408 491 1461 Sed
520 1407 629 1461 illic
655 1423 682 1460 a
714 1406 948 1472 Josepho
978 1407 1257 1463 dissolutio
1286 1420 1390 1474 est,
1431 1411 1520 1463 hic
1558 1423 1587 1462 a
1617 1407 1748 1462 Deo.
1785 1407 1968 1472 Quare

385 1501 580 1554 merito
609 1498 916 1569 Iosephus:
959 1519 978 1552 ι
1020 1499 1290 1570 Νυηψιίιη
1322 1517 1426 1556 non
1456 1500 1549 1555 Dei
1596 1509 1679 1554 est
1707 1500 1971 1570 interpre-

386 1593 518 1646 tatio
555 1592 641 1645 ’³⁸1
688 1610 706 1644 a
741 1589 940 1646 Verum
982 1603 1200 1661 praestat
1232 1608 1292 1646 ea
1338 1594 1572 1656 somnia,
1601 1607 1717 1660 qua:
1750 1593 1967 1660 quidem

386 1684 631 1753 exempla
688 1686 890 1739 habent
948 1700 1127 1739 rerum
1180 1683 1530 1750 futurarum,
1589 1683 1755 1739 verbo
1816 1693 1972 1739 tenus

387 1793 696 1832 recensere.
729 1776 862 1831 Tum
897 1776 1129 1846 Josepho
1165 1797 1184 1830 ‹
1227 1779 1496 1833 somnium
1535 1793 1693 1831 suum
1730 1777 1970 1831 narravit

393 1870 544 1939 prior
591 1870 911 1940 przepositus
966 1869 1372 1938 pincernarum,
1436 1887 1454 1920 ι
1482 1869 1692 1923 scilicet
1734 1867 1973 1937 gentium

392 1961 617 2031 figuram
667 1960 843 2017 ferens
887 1979 902 2018 :
947 1979 965 2014 ς
1001 1959 1263 2015 Videbam
1297 1975 1478 2016 coram
1517 1974 1602 2015 me
1654 1960 1819 2014 vitem
1851 1960 1918 2014 θ’.
1951 1976 1970 2012 ι

394 2055 571 2109 Vitem
609 2055 697 2109 hic
737 2053 973 2125 intellige
1017 2054 1227 2109 dulcem
1260 2051 1477 2120 Jesum;
1522 2053 1602 2109 sic
1639 2053 1782 2108 enim
1816 2051 1892 2108 ait
1921 2053 1976 2107 in

396 2144 692 2213 Evangelio
721 2161 738 2199 :
775 2161 792 2196 σ
823 2144 934 2214 Ego
971 2159 1090 2198 sum
1118 2143 1262 2210 vitis,
1293 2150 1345 2198 et
1372 2141 1533 2198 Pater
1559 2157 1710 2197 meus
1741 2142 1975 2213 agricola

393 2247 498 2293 est.
528 2237 754 2292 Omnem
788 2235 1060 2306 palmitem
1093 2234 1146 2289 in
1180 2248 1264 2288 me
1297 2249 1400 2288 non
1431 2236 1691 2288 terentem
1715 2231 1976 2300 fructum,

395 2331 547 2386 tollet
593 2345 713 2385 eum
751 2339 846 2384 :et
896 2343 1133 2394 omnem,
1189 2328 1278 2398 qui
1330 2324 1438 2383 fert
1485 2327 1750 2397 fructum,
1783 2342 1982 2399 purga-

397 2423 476 2478 bit
519 2438 664 2487 eum,
709 2431 767 2474 ut
806 2422 1037 2476 fructum
1085 2421 1204 2490 plus
1245 2419 1434 2476 atl‘erat
1465 2421 1532 2475 ⁸⁸.
1573 2441 1593 2474 ι
1627 2421 1830 2478 Contra
1868 2435 1976 2486 me,

395 2514 448 2568 id
499 2522 602 2580 est,
659 2513 954 2578 contraria,
1009 2521 1066 2567 et
1122 2512 1175 2566 in
1225 2511 1507 2568 Christum
1562 2512 1727 2581 impie
1773 2511 1981 2568 affecta

395 2615 774 2676 erantgentes.
807 2625 825 2658 ‹
849 2605 912 2660 Et
942 2604 995 2659 in
1020 2604 1128 2660 vite
1161 2613 1318 2660 erant
1351 2615 1462 2660 tres
1498 2607 1820 2675 propagines
1847 2604 1914 2671 “,
1952 2623 1972 2658 ι

397 2715 569 2768 eaque
593 2701 938 2768 germinans;
978 2713 1100 2752 nam
1150 2706 1269 2768 post
1300 2697 1535 2752 triduum
1568 2696 1766 2752 Christi
1792 2712 1978 2753 resur-

400 2791 574 2847 rectio
598 2791 838 2847 emicuit.
880 2791 1090 2846 Florem
1138 2791 1409 2856 eliciebat,
1450 2791 1724 2862 apostolos
1755 2801 1808 2848 et
1838 2806 1982 2846 mar-

401 2893 570 2954 tyres,
623 2883 764 2937 unde
800 2877 1023 2939 uvarum
1072 2883 1272 2938 racemi
1326 2885 1786 2950 maturescebant,
1837 2900 1979 2938 mar-

401 2984 576 3045 tyrum
628 2975 1231 3045 sanguinemubebanl.
1322 2993 1343 3027 ι
1409 2974 1755 3046 Calicemque
1840 2977 1981 3032 Pha-

403 3070 586 3123 raonis
623 3069 678 3122 in
709 3084 868 3122 manu
894 3083 1012 3123 mea
1041 3086 1055 3122 :
1087 3067 1181 3122 tuli
1213 3082 1345 3141 ergo
1376 3085 1530 3135 uvas,
1563 3077 1617 3125 et
1649 3072 1890 3141 expressi
1927 3072 1977 3124 in

2058 560 2244 622 utitor,
2300 558 2349 610 id
2399 565 2501 617 est,
2550 551 2886 607 sanationum
2934 545 3178 616 prodigia
3220 548 3453 608 patrato.
3497 555 3516 588 ε
3563 535 3636 592 Ut

2057 666 2317 722 suggeras
2345 644 2616 703 Pharaoni
2647 646 2714 697 ⁸⁸.
2750 661 2768 694 ι
2798 640 2993 694 Notate
3026 636 3306 704 diligenter
3340 631 3643 722 Scriptum

2060 721 2320 799 mentem.
2367 741 2460 796 Illa
2506 740 2619 812 (Π)
2647 738 2712 793 ad
2746 734 3104 801 dignitatem;
3149 727 3266 782 haec
3295 725 3364 779 ad
3397 721 3644 794 martyrii

2064 834 2406 890 tolerantiam
2437 833 2732 902 pertinent.
2762 828 2897 884 Nam
2939 826 3080 898 qunti
3115 825 3207 889 ait,
3235 818 3503 890 ejusmodi
3538 826 3644 871 est.

2066 925 2339 982 Deductus
2367 927 2431 978 ad
2464 923 2736 994 principes
2765 930 2822 976 et
2868 933 3042 990 reges,
3089 930 3330 971 meorum
3377 912 3646 965 dictorum

2066 1019 2376 1073 recordator
2425 1032 2438 1070 :
2477 1035 2496 1069 ι
2543 1014 2736 1072 Ponite
2773 1014 2828 1067 in
2864 1011 3120 1067 cordibus
3152 1004 3346 1061 vestris
3377 1017 3482 1057 non
3513 1014 3650 1068 pate.

2069 1111 2351 1174 meditari,
2400 1107 2850 1179 quemadmodum
2903 1100 3292 1171 respondeatis.
3346 1095 3456 1164 Ego
3506 1093 3654 1148 enim

2070 1201 2209 1255 dabo
2240 1200 2396 1254 vobis
2427 1213 2488 1253 os
2529 1206 2583 1252 et
2627 1195 2970 1266 sapientiam,
3002 1193 3088 1248 cui
3135 1207 3238 1244 non
3290 1196 3544 1260 poterunt
3571 1197 3658 1236 re-

2072 1293 2292 1356 sistere,
2316 1299 2368 1344 et
2392 1288 2766 1345 contradicere
2787 1302 2976 1342 omnes
3006 1283 3302 1340 adversarii
3332 1281 3499 1335 vestri
3535 1281 3601 1333 ⁸⁸.
3629 1297 3648 1330 ›

2075 1380 2351 1436 Hactenus
2395 1377 2673 1435 Servator.
2714 1397 2735 1432 ι
2788 1377 2856 1433 Ut
2899 1377 3097 1434 educat
3145 1390 3232 1430 me
3275 1373 3345 1429 de
3386 1375 3492 1428 isto
3533 1387 3658 1428 car-

2074 1487 2198 1527 cere
2220 1471 2284 1528 ".
2324 1490 2344 1524 ι

2619 1559 2850 1619 CAPUT
2899 1559 3108 1618 XXVII.

2542 1679 2836 1736 Calumnire
2871 1678 2944 1732 vis
2981 1686 3200 1750 quanta.

2149 1773 2267 1832 lllie
2297 1773 2563 1845 Iosephus
2591 1789 2620 1828 a
2658 1782 3106 1842 prmgustaterum
3140 1769 3402 1840 magistro
3426 1775 3660 1823 conten-

2080 1870 2182 1934 dit,
2216 1879 2274 1923 ut
2304 1883 2362 1924 se
2393 1883 2460 1922 ex
2493 1882 2713 1922 carcere
2752 1867 2946 1920 educat
2978 1879 2992 1917 :
3029 1861 3116 1917 hic
3161 1861 3402 1915 clemens
3437 1858 3600 1914 Jesus
3629 1874 3659 1913 ι

2081 1962 2285 2034 popqu
2307 1975 2337 2016 e
2361 1960 2615 2030 gentibus
2641 1967 2873 2025 asserto,
2904 1967 2964 2012 ut
2985 1972 3045 2012 se
3064 1971 3091 2009 a
3117 1939 3429 2011 Juda’orum
3457 1952 3664 2009 calum-

2080 2056 2184 2112 niis
2233 2055 2522 2110 vindicet:
2573 2067 2702 2108 vere
2748 2051 2892 2106 enim
2955 2051 3159 2120 grande
3206 2050 3427 2104 sceleris
3477 2045 3666 2118 praesi-

2079 2147 2224 2202 dium
2257 2144 2369 2218 (l8)
2408 2143 2704 2199 calumnia.
2735 2141 2944 2198 Namsi
2971 2142 3052 2198 vel
3087 2131 3152 2195 ad
3177 2141 3453 2196 Christum
3481 2155 3663 2195 meum

2080 2238 2316 2307 grassari
2354 2247 2434 2294 est
2464 2250 2618 2301 ausa,
2650 2236 2773 2306 quis
2801 2250 2933 2291 vero
2961 2250 3081 2290 eam
3126 2233 3285 2289 facile
3313 2231 3665 2288 contemnat!

2079 2331 2260 2401 Atque
2298 2329 2356 2384 id
2408 2343 2598 2384 verum
2639 2343 2784 2392 esse,
2838 2327 3129 2399 sequentia
3175 2327 3356 2380 audite
3402 2341 3418 2380 :
3460 2343 3478 2376 ι
3523 2323 3662 2389 Quia

2082 2422 2226 2478 furto
2267 2419 2512 2478 sublatus
2552 2435 2670 2477 sum
2716 2420 2782 2477 de
2831 2429 2974 2476 terra
3008 2417 3360 2474 Hebraeorum
3393 2419 3457 2471 ³⁷.
3495 2436 3512 2468 ι
3551 2416 3666 2473 lloc

2081 2525 2186 2581 est,
2216 2513 2395 2570 Pilato
2434 2529 2465 2569 a
2492 2512 2694 2569 Judaeis
2725 2511 2992 2590 calumnia
3021 2511 3288 2581 proditus.
3317 2508 3389 2563 Ea
3422 2525 3542 2580 quae
3570 2511 3665 2573 sit,

2082 2610 2318 2680 explicat
2344 2606 2677 2679 evangelista
2709 2624 2725 2662 :
2752 2623 2772 2657 ί
2803 2605 2901 2660 llic
2923 2604 3062 2660 dixit
3089 2620 3105 2660 :
3131 2603 3356 2659 Possum
3386 2604 3670 2658 destruere

2087 2699 2344 2770 templum
2373 2697 2492 2760 Dei,
2524 2706 2578 2754 et
2610 2705 2730 2768 post
2761 2696 2998 2751 triduum
3029 2693 3364 2750 retediﬁcare
3391 2693 3521 2748 illud
3543 2693 3611 2748 ³³.
3643 2712 3664 2748 ι

2083 2793 2270 2864 Itaque
2334 2790 2620 2847 calumniae
2682 2787 3069 2859 impudentiam
3123 2787 3416 2852 videntes,
3479 2801 3670 2842 eornnt

2083 2887 2321 2943 sceleris
2360 2884 2737 2941 excellentiam
2791 2881 3086 2936 miramini.
3137 2878 3324 2950 Neque
3378 2880 3465 2936 hic
3514 2881 3673 2949 quid-

2083 2996 2241 3051 quam
2285 2977 2409 3042 feci,
2459 2977 2585 3032 mali
2635 2975 2865 3039 scilicet,
2902 2972 3251 3043 quamobrem
3291 2988 3373 3026 me
3425 2973 3478 3026 in
3529 2974 3672 3030 hanc

2084 3088 2301 3142 specum
2363 3071 2760 3128 dctruderent:
2806 3067 2917 3123 illic
2955 3065 3248 3136 Josephum
3299 3067 3352 3120 in
3408 3080 3670 3137 specum;

405 3160 629 3215 calicem
663 3177 821 3230 quem
873 3161 1139 3227 tenebam,
1188 3171 1240 3216 et
1296 3162 1490 3217 tradidi
1545 3164 1793 3234 poculum
1839 3162 1973 3219 Pha-
2009 3165 2056 3229 (ζ
2091 3167 2180 3222 hic
2210 3163 2394 3220 Jesum
2422 3164 2474 3219 in
2508 3173 2940 3218 monumentum.

402 3255 557 3308 raoni
584 3253 650 3309 ⁸³.
680 3252 791 3309 lloc
817 3255 1158 3309 incruentum
1191 3270 1340 3310 nova:
1373 3255 1627 3310 Ecclesia:
1649 3258 1980 3313 sacriﬁcium

406 3354 580 3401 notat.
654 3365 672 3398 ι
711 3345 1011 3415 Respondit
1047 3343 1248 3416 Joseph
1283 3365 1297 3401 :
1334 3345 1575 3402 ch'est
1613 3348 1986 3420 interpretatio

403 3438 598 3492 sonmii
636 3454 651 3492 :
686 3438 821 3494 Tres
863 3439 1202 3510 prepagiues,
1261 3449 1374 3494 tres
1428 3442 1603 3496 adhuc
1649 3441 1765 3496 dies
1814 3450 1984 3498 sunt:

405 3540 531 3599 post
573 3545 709 3599 quos
756 3532 1132 3587 rccordabitur
1183 3530 1393 3586 Pharao
1438 3531 1728 3588 ministerii
1778 3534 1874 3598 tui,
1933 3542 1986 3588 et

409 3622 662 3677 restituet
692 3624 822 3677 tein
850 3622 1070 3693 gradum
1105 3624 1392 3694 pristinum
1437 3643 1452 3678 :
1483 3625 1743 3694 dabisque
1776 3626 1826 3682 ei
1860 3626 1988 3681 cali-

407 3729 526 3770 cem
570 3713 725 3782 juxta
775 3712 1008 3769 oiIicium
1055 3725 1226 3779 tuum,
1273 3716 1411 3772 sicut
1456 3726 1584 3771 ante
1629 3715 1806 3773 facere
1853 3733 1990 3773 con-

411 3821 671 3863 sueveras
701 3806 771 3862 ³⁹.
827 3825 848 3861 ι
902 3808 982 3862 Ac
1032 3807 1253 3878 Josepbi
1295 3810 1512 3879 quidem
1558 3811 1624 3864 ad
1674 3811 1987 3876 piuccrnam

410 3903 529 3958 haec
555 3909 681 3956 sunt
733 3901 919 3956 verba.
953 3899 1100 3957 Meus
1143 3911 1325 3956 autem
1367 3902 1624 3957 Servatur
1658 3913 1818 3971 atque
1849 3904 1991 3960 Deus

409 3993 660 4065 gentibus
682 3993 894 4062 recipit,
919 4007 1040 4049 sese
1060 3993 1186 4048 hinc
1205 3992 1272 4048 ad
1292 3995 1525 4049 triduum
1549 4012 1577 4050 a
1597 4002 1994 4054 resurrectione

414 4084 696 4155 discipulis
737 4085 851 4141 suis
886 4095 942 4140 et
984 4085 1245 4154 apostolis
1288 4086 1688 4154 mandaturum,
1719 4089 1810 4159 qui
1839 4105 1995 4146 acce-

412 4189 536 4247 ptas
563 4177 773 4248 tingant
801 4180 854 4232 in
899 4179 1118 4235 nomine
1157 4177 1336 4234 Patris
1386 4190 1437 4233 et
1468 4178 1613 4245 Filii,
1666 4195 1720 4236 et
1755 4181 1992 4250 Spiritus

413 4270 632 4327 sancti:
671 4285 835 4340 seque
877 4271 1126 4326 daturum
1171 4287 1396 4342 regnum
1430 4283 1591 4343 atque
1630 4275 1990 4329 sacerdotiuttl

416 4362 630 4428 iisdem,
661 4363 816 4430 cujus
846 4363 1162 4418 oeconomiae
1206 4364 1523 4436 mysterium
1559 4367 1783 4420 obiturae
1811 4376 1995 4422 essent

417 4457 470 4510 in
498 4468 638 4522 pane
667 4462 722 4509 et
750 4455 901 4519 vino,
934 4455 1076 4524 quod
1110 4455 1528 4522 Melchisedech,
1561 4458 1651 4529 qui
1683 4474 1712 4513 e
1742 4460 1989 4528 gentibus

2162 3259 2278 3328 Sed,
2306 3257 2418 3329 jam
2465 3267 2679 3325 tempus
2709 3268 2814 3324 est,
2843 3265 2898 3312 et
2938 3253 3208 3326 pistorum
3251 3251 3493 3324 magistri
3521 3265 3676 3306 som-

2087 3353 2270 3420 nium,
2313 3350 2407 3422 qui
2456 3348 2768 3405 Judaeorum
2823 3349 3006 3420 populi
3056 3347 3366 3418 exemplum
3415 3346 3673 3414 habetur,

2089 3458 2400 3501 recensere.
2430 3441 2602 3513 Igitur
2635 3442 2897 3514 pistorum
2933 3441 3192 3512 magister
3224 3455 3240 3493 :
3276 3457 3296 3491 ι
3342 3439 3405 3494 Et
3433 3453 3533 3507 ego
3561 3437 3677 3493 vidi

2088 3539 2388 3593 somnium:
2414 3537 2565 3606 Quod
2591 3539 2691 3592 tria
2721 3537 2957 3593 canistra
2981 3532 3189 3589 farinae.
3212 3550 3231 3584 ι
3263 3530 3387 3586 Tria
3416 3530 3676 3598 canistra,

2093 3639 2206 3685 tres
2232 3629 2377 3698 quali
2408 3637 2559 3695 sunt,
2589 3644 2710 3700 qum
2739 3628 2838 3683 tria
2868 3627 3054 3697 gravia
3079 3624 3449 3680 lsraelitarum
3477 3622 3680 3692 ﬂagitia

2093 3729 2419 3788 censentur;
2452 3720 2716 3775 idolorum
2743 3720 2941 3785 cultus,
2964 3728 3150 3772 vatum
3175 3719 3371 3782 caedes,
3400 3726 3450 3770 et
3474 3715 3684 3772 Christi

2092 3813 2316 3871 occisio.
2356 3832 2375 3867 ι
2429 3812 2698 3869 Haberent
2749 3826 2913 3883 super
2962 3822 3126 3882 caput
3164 3824 3366 3874 meum,
3411 3827 3429 3863 ι
3479 3807 3532 3863 id
3575 3816 3683 3876 est,

2092 3922 2337 3979 gererem
2367 3921 2554 3962 eorum
2589 3905 2855 3961 facinora.
2894 3923 2912 3956 ι
2947 3904 3014 3959 Ει
3049 3903 3101 3959 in
3121 3918 3228 3959 uno
3254 3903 3516 3970 canistro,
3538 3901 3686 3971 quod

2093 4008 2210 4056 erat
2233 3998 2525 4063 excelsius,
2571 4015 2590 4050 ι
2621 3996 2828 4052 scilicet
2855 4011 3109 4066 supremo
3138 3994 3364 4066 ﬂagitio,
3397 4012 3416 4046 ι
3461 4003 3688 4064 portare

2096 4106 2180 4144 me
2228 4105 2418 4145 omnes
2461 4088 2633 4154 cibos,
2680 4088 2772 4158 qui
2835 4089 2970 4142 [lunt
3013 4096 3132 4141 arte
3179 4085 3430 4156 pistoria.
3485 4102 3504 4136 ι
3557 4082 3688 4141 llaec

2093 4193 2293 4239 ccetum
2332 4182 2383 4235 in
2428 4195 2523 4236 eos
2559 4196 2623 4236 ex
2680 4179 2812 4234 varii
2861 4179 3080 4251 generis
3123 4177 3434 4232 hominibus
3483 4188 3689 4247 cogen-

2095 4278 2222 4330 dum
2256 4276 2393 4344 (t9),
2426 4290 2524 4331 ceu
2562 4275 2626 4328 ad
2661 4288 2803 4344 opus
2834 4271 3031 4346 regalis
3066 4271 3343 4343 potentia},
3375 4270 3689 4341 designant.

2099 4388 2118 4421 ι
2153 4369 2402 4438 Avesque
2442 4367 2728 4422 comedere
2766 4380 2834 4420 ex
2876 4379 2943 4421 eo
3011 4364 3079 4419 ”.
3117 4382 3135 4415 ι
3171 4363 3363 4418 Excisa
3410 4363 3556 4418 enim
3603 4371 3692 4418 est

2098 4473 2317 4531 propter
2383 4459 2586 4515 crimen
2643 4456 2910 4513 interfecti
2993 4455 3194 4512 Christi
3265 4465 3319 4509 et
3373 4452 3688 4509 Iudaeorum

416 4561 584 4614 esset,
624 4564 720 4618 per
748 4520 971 4619 figuram
1012 4549 1320 4604 Abrahamo
1354 4520 1793 4618 repraesentavit;
1824 4567 1996 4622 eaque
2023 4520 2071 4579 θ
2096 4520 2290 4625 graves
2319 4552 2554 4608 oﬂ'ensas
2594 4550 2992 4622 Hierosolyma.
3033 4569 3052 4604 ι
3093 4549 3394 4620 Respondit
3436 4547 3637 4618 Ioseph
3669 4566 3687 4603 :

418 4641 540 4695 ideo
569 4655 625 4696 se
655 4643 923 4695 facturum
953 4641 1150 4710 p0pulo
1193 4657 1259 4695 ex
1292 4644 1539 4713 gentibus
1581 4657 1846 4698 converso
1875 4658 1999 4713 spo-

419 4734 629 4803 pendit,
661 4735 820 4804 quod
877 4734 922 4789 is
966 4737 1239 4790 Christum
1297 4737 1546 4790 sontibus
1579 4737 1997 4792 adnumeratum

421 4827 791 4893 conSpicatus,
827 4827 993 4881 Deum
1030 4838 1205 4881 tamen
1244 4829 1523 4882 confessus
1552 4827 1759 4883 fuisset.
1787 4847 1806 4880 ι
1851 4828 1997 4885 Tan-

425 4926 539 4972 tum
567 4928 834 4973 memento
861 4919 988 4984 mei,
1013 4934 1135 4974 cum
1173 4921 1265 4974 tibi
1292 4923 1427 4976 bene
1457 4921 1638 4976 fuerit.
1669 4943 1685 4973 ι
1712 4922 1820 4976 Hoc
1851 4941 1880 4978 a
1915 4940 2000 4980 me

423 5019 648 5080 accepto
697 5010 982 5077 beneficio,
1035 5013 1324 5081 sepulturas
1377 5022 1538 5084 atque
1586 5018 1996 5073 resurrectionis

424 5102 736 5158 memoriam
781 5102 1122 5159 indelebilem
1166 5105 1384 5162 habeto.
1426 5126 1444 5158 ι
1497 5107 1559 5161 Et
1587 5106 1752 5164 facias
1785 5124 1992 5165 mecura

490 5289 536 5321 “
575 5288 707 5344 Gen.
751 5304 851 5352 xc,
898 5290 945 5345 l.

423 5359 470 5393 ”
513 5359 641 5414 ibid.

423 5445 570 5495 xm,
611 5429 699 5484 61.

1042 5291 1088 5324 ⁸⁷
1123 5288 1257 5347 Gen.
1301 5309 1387 5356 XL,
1430 5291 1483 5348 5.
1588 5294 1633 5326 ”
1680 5293 1808 5352 ibid.
1847 5296 1901 5351 8.

716 5359 760 5392 ³³
802 5361 931 5417 ibid.
976 5363 1172 5426 11,12.
1247 5365 1290 5396 “
1332 5365 1461 5418 ibid.
1492 5365 1574 5421 14.

777 5431 820 5463 ³⁹
864 5433 998 5491 Gen.
1040 5450 1138 5497 xc,
1183 5433 1269 5501 16,
1313 5437 1397 5490 17.

1995 5297 2039 5328 39
2081 5297 2148 5328 ἔιιῖ

1680 5295 1808 5352 ibid.
1847 5296 1901 5351 8.
1995 5297 2039 5328 ’9
2081 5297 2210 5352 ibid.
2249 5297 2302 5361 9,
2344 5295 2432 5351 10.
2510 5297 2554 5328 ³⁸
2596 5295 2756 5351 Joan.
2802 5309 2888 5355 ιν.
2930 5295 2989 5358 1,
3029 5295 3084 5348 2.
3184 5296 3226 5326 ³¹
3268 5295 3404 5348 Gen.
3449 5310 3548 5356 XL.
3593 5295 3682 5352 1ο.

1651 5365 1695 5396 ³⁸
1739 5364 1870 5420 Luc.
1910 5383 2027 5434 ut,
2072 5369 2155 5435 14,
2197 5368 2284 5425 15.
2345 5368 2389 5401 ³⁸
2429 5365 2565 5422 Gen.
2609 5367 2805 5432 xL,M.
2879 5367 2924 5399 "
2964 5365 3098 5421 Gen.
3141 5382 3231 5434 XL,
3278 5365 3362 5421 l5.
3405 5367 3449 5398 ³⁸
3489 5366 3682 5423 Matth.

2095 4648 2220 4702 llaec
2244 4659 2328 4701 est
2363 4645 2742 4715 interpretatio
2784 4643 3006 4700 somnii.
3042 4661 3060 4697 ι
3092 4642 3170 4698 En
3208 4642 3504 4708 somnium,
3537 4644 3690 4710 ejus-

2094 4755 2199 4808 que
2248 4739 2752 4807 interpretationem
2800 4754 2816 4792 :
2865 4755 2883 4787 ι
2917 4736 3044 4792 Tria
3079 4736 3317 4791 canistra
3367 4745 3477 4788 tres
3508 4735 3689 4789 adhuc

2095 4833 2213 4888 dies
2241 4843 2385 4886 sunt.
2424 4849 2445 4884 ι
2485 4831 2697 4885 Abhinc
2733 4839 2843 4885 tres
2872 4829 3010 4896 dies,
3043 4830 3252 4885 scilicet
3277 4844 3304 4882 a
3336 4827 3466 4884 Jesu
3502 4843 3690 4884 resur-

2101 4926 2378 4990 rectione;
2412 4944 2432 4976 κ
2470 4932 2591 4994 post
2621 4939 2758 4992 quos
2786 4923 2996 4979 auferet
3025 4923 3236 4978 Pharao
3261 4933 3420 4990 caput
3446 4932 3624 4979 tuum.
3660 4941 3680 4973 ι

2104 5018 2216 5074 illic
2239 5018 2450 5072 Pharao
2474 5018 2737 5088 pistorum
2772 5019 3126 5086 magistrum;
3154 5016 3239 5071 hic
3269 5017 3446 5085 capite
3468 5013 3687 5070 Judteos

2108 5121 2325 5167 truncat
2373 5108 2648 5175 Christus,
2701 5110 2793 5181 qui
2833 5108 3084 5180 princeps
3135 5120 3297 5180 atque
3346 5119 3528 5163 rector
3568 5116 3684 5173 est;

2510 5297 2554 5328 ³⁸
2596 5295 2756 5351 Joan.
2802 5309 2888 5355 ιν.
2930 5295 2989 5358 1,
3029 5295 3084 5348 2.
3184 5296 3226 5326 ³¹
3268 5293 3404 5348 Gen.
3449 5310 3548 5356 XL.
3593 5294 3683 5352 10.

497 5616 610 5688 (t7)
651 5617 893 5696 Petebat
917 5617 1059 5674 enim
1101 5617 1395 5689 Josepbus.
1445 5631 1524 5696 ut,
1553 5637 1613 5676 se
1663 5621 1810 5696 apud
1856 5620 1998 5696 Pha-
2095 5635 2240 5696 cere,
2274 5621 2323 5674 in
2362 5637 2522 5691 quem
2553 5621 2829 5690 conjectus
2852 5635 2932 5681 est
2958 5623 3251 5696 Iosephus,
3290 5621 3574 5679 undehtec
3601 5623 3687 5679 al-

427 5705 648 5746 raoncm
675 5689 726 5744 in
761 5691 934 5759 gratia
971 5698 1217 5762 poneret,
1249 5706 1276 5744 a
1316 5707 1422 5762 quo
1446 5693 1642 5747 deinde
1673 5689 1737 5746 ad
1765 5692 1999 5761 dignita-

427 5771 535 5816 tem
567 5763 909 5815 eveheretur.

501 5833 613 5903 (l8)
648 5830 960 5904 Ὀχύρωμα,
982 5831 1122 5904 quod
1143 5847 1335 5890 nomen
1368 5843 1661 5900 usurpatur
1689 5844 1738 5891 et
1763 5846 1857 5897 pro
1877 5846 2001 5890 caro

2097 5692 2238 5746 lusio

2302 5698 2459 5746 elita.

2169 5708 2238 5744 ilO
2302 5708 2459 5746 οιιιίι.

2169 5708 2296 5837 (193ἱ
2326 5762 2539 5816 Manum
2563 5771 2630 5837 _et
2657 5765 2954 5824 exercitum
3000 5782 3028 5823 a
3062 5763 3394 5837 Vespasiano
3423 5763 3687 5822 Hieroso-

2097 5830 2695 5898 lymis'adtuoveudum.
