4004 6206
312 254 422 318 833

1476 255 1863 318 DIALOGUS
1897 256 2199 318 CONTRA
2238 258 2559 322 ΗΠ)λὲΟὲ

3455 257 3561 321 8'34

311 378 331 414 t
356 379 419 416 ac
444 361 735 432 suspendet
763 372 813 420 te
836 363 890 418 in
912 377 1095 430 cruce,
1125 382 1144 417 ι
1175 364 1345 434 proh!
1381 365 1628 435 stirpitus
1662 368 1880 430 delebit,
1909 374 1956 431 Α
1985 369 2148 425 tionis
2175 369 2365 433 frenis,
2395 381 2557 440 atque
2591 371 2657 425 ad
2688 370 2805 441 ejus
2835 378 3032 427 metam
3069 386 3344 427 sacrarum
3390 373 3565 430 Litte.

307 472 331 508 ι
361 466 415 510 et
437 453 754 510 lacerabunt
779 457 1025 513 volucres
1058 472 1247 512 carnes
1271 468 1388 513 tuas
1420 458 1486 514 ‘°.
1528 479 1545 509 ›
1580 459 1636 512 In
1672 459 1883 513 Israeli—

299 553 485 598 tarum
535 546 872 614 captivitate,
920 557 978 602 ut
1026 559 1150 602 ante
1192 549 1449 603 diximus.
1513 549 1698 619 anue
1758 566 1883 604 vera

302 650 454 701 esse,
489 637 670 691 audite
699 635 975 692 Christum
1004 640 1145 694 inter
1171 640 1315 708 ipsos
1349 643 1619 695 cruciatus
1643 643 1884 697 mulieri-

300 727 409 783 bus
462 729 967 799 Hierosolymitanis
1009 733 1316 800 loquentem
1359 749 1375 787 :
1415 753 1432 785 ι
1486 731 1635 788 Filia:
1669 733 1887 789 Jerusa-

302 820 437 888 lem,
489 823 654 877 nolite
701 822 830 876 ﬂere
875 840 1037 894 super
1086 841 1194 890 me,
1242 830 1336 880 sed
1389 836 1560 896 super
1604 844 1698 883 vos
1743 831 1885 896 ipsas

299 915 459 981 ﬂete,
497 925 550 966 et
581 930 744 985 super
778 917 918 971 filios
943 926 1157 972 vestros
1189 922 1484 987 :quoniam
1518 936 1642 975 ecce
1673 923 1888 974 venient

302 1007 446 1073 dies,
483 1008 533 1059 in
579 1010 776 1076 quibus
812 1008 993 1063 dicent
1027 1027 1041 1064 ;
1079 1008 1255 1065 Beata:
1294 1012 1526 1076 steriles,
1562 1023 1616 1067 et
1645 1025 1883 1078 ventres,

299 1099 402 1167 qui
433 1114 540 1152 non
569 1112 900 1169 genuerunt,
934 1113 987 1155 et
1018 1102 1182 1157 ubera
1219 1119 1337 1172 qua:
1375 1120 1476 1157 non
1511 1103 1840 1159 lactavernnt
1871 1123 1886 1159 :

300 1194 438 1260 quia
472 1193 515 1246 si
563 1193 614 1246 in
647 1194 803 1248 viridi
859 1194 1002 1264 ligno
1047 1196 1160 1250 haec
1205 1196 1430 1259 faciunt,
1471 1198 1524 1252 in
1569 1199 1719 1254 arido
1760 1199 1885 1265 quid

302 1285 405 1338 fiet
433 1284 514 1338 “‘i
549 1303 566 1336 ι
603 1284 658 1339 Si
701 1287 969 1341 insontem
1004 1303 1108 1352 me,
1141 1290 1338 1358 inquit,
1371 1289 1600 1344 Romani
1640 1291 1759 1346 neci
1793 1293 1890 1346 de-

300 1376 526 1439 derunt,
562 1379 690 1446 quid
737 1393 843 1432 non
899 1377 1099 1434 facient
1141 1396 1238 1450 per
1270 1396 1428 1436 omne
1473 1398 1643 1452 genus
1694 1382 1883 1453 ﬂagitii

302 1468 611 1522 volutatis?
655 1489 672 1521 ι
709 1469 912 1524 Exinde
936 1471 1051 1526 dies
1084 1473 1272 1527 tertius
1298 1474 1572 1529 natalitius
1592 1475 1891 1532 Pharaonis

299 1571 473 1614 erat:
526 1562 614 1630 qui
665 1559 875 1616 faciens
919 1563 1126 1633 grande
1174 1566 1480 1620 convivium
1529 1567 1711 1636 pueris
1751 1570 1888 1634 suis,

297 1653 628 1707 recordatus
657 1663 740 1708 est
770 1655 911 1710 inter
955 1658 1144 1724 epulas
1193 1658 1434 1726 magistri
1485 1660 1888 1730 pincernarum,

1990 475 2168 515 rarum
2206 472 2461 531 tauquam
2506 463 2780 517 curriculo
2823 465 3065 526 reducto,
3105 478 3204 532 pro
3232 464 3373 517 virili
3409 467 3565 519 auri-

1987 553 2127 624 gari.
2159 553 2325 622 Igitur
2348 553 2552 606 circum
2585 552 2765 606 Mosen
2802 568 2866 607 ac
2899 551 3213 624 Egyptum,
3243 563 3296 607 et
3325 553 3565 606 Pharao-

1989 659 2134 707 nem,
2162 644 2388 713 ejusque
2415 645 2578 697 duces
2613 660 2831 698 currum
2877 643 3112 709 ducturi,
3151 660 3247 713 age
3275 645 3327 698 in
3368 631 3562 712 primis

1989 737 2256 803 cujusque
2313 735 2764 803 significationem
2821 736 3063 790 edamus.
3130 737 3416 792 Enimvero
3484 740 3564 792 sic

1991 826 2299 882 habendum
2327 836 2429 890 est,
2467 826 2649 882 Mosen
2688 828 2787 881 mei
2813 827 3009 881 Christi
3046 846 3108 883 ac
3138 830 3441 884 Servatoris
3472 831 3562 884 llei

1991 917 2220 989 figuram
2252 919 2670 987 exemplumque
2717 917 2880 983 ferre,
2929 916 3218 988 Εεγριυιιι
3251 917 3396 983 Orci,
3425 919 3565 972 Pha-

1992 1024 2212 1064 mortem
2240 1010 2460 1076 diaboli,
2484 1011 2576 1078 qui
2609 1018 2783 1064 mente
2814 1010 3136 1063 informatus
3165 1010 3317 1076 quasi
3349 1010 3565 1078 quidam

1991 1099 2198 1153 Pharao
2224 1109 2326 1163 est,
2364 1115 2469 1153 non
2517 1101 2768 1168 eqoidetn
2808 1101 3103 1154 secundum
3146 1100 3346 1169 regiam
3392 1100 3569 1169 digiti-

1994 1199 2192 1255 tatem,
2261 1191 2354 1254 sed
2412 1191 2661 1246 elationis
2719 1191 3160 1252 frustrationem,
3227 1192 3392 1244 duces
3448 1189 3567 1257 ejus

1991 1282 2208 1351 angelos
2270 1289 2324 1336 et
2382 1296 2597 1351 operas.
2661 1280 2779 1336 Jam
2836 1284 3033 1352 figuras
3084 1283 3277 1336 videte.
3336 1282 3467 1336 Nam
3511 1289 3570 1337 ut

1992 1375 2169 1430 Moses
2213 1389 2244 1429 a
2299 1374 2585 1429 Pharaone
2636 1374 2873 1443 profugit
2936 1374 3003 1441 ⁸⁸,
3063 1378 3144 1431 sic
3198 1375 3444 1430 Chriratus
3503 1389 3571 1429 ex

1990 1466 2229 1538 IEgypto
2293 1468 2346 1521 in
2405 1465 2641 1522 Iudaeam
2701 1467 2990 1532 concessit,
3055 1468 3193 1523 Osee
3249 1469 3390 1522 vatis
3427 1469 3571 1522 dicto

1994 1560 2398 1631 comprobanda
2417 1577 2460 1614 τι
2488 1558 2564 1613 Ex
2583 1559 2818 1631 [Egypto
2846 1561 3027 1616 vocavi
3062 1559 3230 1614 filium
3254 1577 3428 1616 meum
3455 1560 3518 1615 “.
3546 1579 3567 1614 ι

1996 1654 2090 1709 Ille
2141 1653 2209 1708 ad
2273 1652 2592 1708 Madianitas
2637 1655 2933 1722 ingressus,
2989 1653 3287 1708 secundum
3349 1663 3569 1722 puteum

303 1756 371 1799 et
402 1747 659 1814 pistorum
683 1748 964 1817 principis.
991 1747 1351 1819 Restituitque
1375 1751 1606 1807 alterum
1634 1756 1684 1808 iu
1712 1729 1890 1809 locum
1924 1729 1966 1784 Β
1996 1748 2242 1803 consedit
2283 1746 2368 1800 ":
2419 1745 2575 1802 Jesus
2625 1761 2689 1802 ex
2742 1748 2935 1801 itinere
2982 1748 3236 1817 fatigatus
3277 1747 3571 1801 secundum

296 1851 489 1902 suum,
523 1847 578 1889 ut
607 1839 906 1906 porrigeret
938 1840 983 1894 ei
1019 1841 1269 1910 poculum
1298 1860 1310 1896 :
1344 1842 1572 1896 alterum
1610 1846 1896 1914 suspendit

295 1929 367 1986 in
402 1931 638 1999 patibulo
673 1931 740 1985 δ’.
778 1950 797 1983 ι
825 1933 1001 2003 Atque
1032 1934 1146 1989 haec
1176 1936 1390 2003 quidem
1428 1951 1519 1990 rex
1559 1936 1771 1992 Pharao
1796 1955 1887 1993 na-

298 2023 405 2077 tali
433 2022 535 2077 sibi
565 2023 650 2077 die
682 2023 825 2078 inter
861 2040 990 2081 suos
1021 2025 1341 2097 designavit.
1367 2028 1436 2084 At
1461 2028 1578 2085 Rex
1612 2046 1799 2104 regum
1827 2049 1891 2088 cx

297 2114 541 2169 mortuis
575 2115 764 2180 redux,
816 2117 959 2172 inter
996 2129 1216 2175 sanctos
1253 2136 1356 2176 una
1384 2121 1696 2190 suscitatos,
1747 2141 1887 2194 pras-

300 2216 588 2276 gnstorum
628 2208 895 2278 magistri,
935 2209 984 2264 id
1019 2220 1123 2278 est,
1158 2213 1281 2267 novi
1313 2213 1520 2283 populi,
1559 2215 1888 2270 mentionem

301 2299 475 2364 fecit;
511 2301 722 2355 scilicet
743 2315 806 2354 ex
830 2302 973 2372 quali
1002 2304 1294 2373 impietatis
1318 2306 1616 2376 praecipitio
1636 2309 1700 2362 ad
1732 2309 1893 2377 quale

303 2393 410 2447 Dei
468 2394 671 2448 notitiae
714 2393 988 2462 fastigium
1031 2399 1394 2464 pervasisset;
1436 2412 1760 2467 rursumque
1800 2398 1894 2451 Ju-

301 2484 480 2551 daici,
539 2500 604 2540 ex
663 2486 813 2555 quali
876 2487 1180 2556 adoptionis
1235 2486 1452 2556 fastigio
1518 2490 1573 2543 in
1630 2491 1790 2559 quale
1835 2506 1894 2546 se

301 2573 510 2629 Christi
540 2577 700 2631 ctedis
729 2576 1044 2642 barathrum
1084 2575 1449 2635 deturbasset.
1493 2578 1704 2645 Quibus
1734 2581 1895 2638 rebus

303 2675 372 2723 et
398 2682 592 2722 novum
622 2669 896 2738 papulum,
925 2680 983 2723 ut
1008 2670 1118 2740 jam
1158 2671 1295 2736 dixi,
1331 2672 1545 2728 ornavit
1586 2685 1748 2743 atque
1773 2690 1893 2730 ser-

306 2760 484 2827 vavit,
526 2770 578 2814 et
605 2759 888 2816 Judaicum
925 2763 1232 2832 ignominia:
1271 2774 1324 2818 et
1366 2768 1576 2822 excidio
1611 2769 1726 2822 dari
1771 2785 1895 2839 per-

308 2851 487 2908 misit.
505 2851 599 2908 Sin
631 2853 771 2908 dicat
795 2855 1087 2925 quispiam,
1112 2866 1400 2927 utrnmque
1425 2858 1586 2913 simul
1611 2868 1664 2913 et
1691 2859 1892 2928 pariter

1999 1839 2198 1895 fontem
2253 1840 2318 1896 ".
2382 1839 2498 1894 Illic
2552 1839 2791 1909 pontifex
2852 1838 3139 1894 Madianita
3181 1846 3384 1909 septem
3438 1838 3576 1893 tilias

1997 1933 2250 1998 habt-bat,
2279 1948 2398 2004 quas
2432 1934 2548 2002 ejus
2591 1948 2721 1988 oves
2771 1941 3059 2003 pascerent
3099 1931 3178 1998 ης
3222 1931 3308 1986 hic
3337 1931 3576 2000 septenis

1997 2023 2230 2095 Spiritus
2282 2026 2462 2093 donis,
2493 2023 2607 2081 Deo
2634 2034 2687 2078 et
2713 2024 2873 2079 Patri-
2901 2023 3139 2094 gentium
3189 2021 3452 2085 Ecclesia,
3508 2037 3573 2077 ex

1997 2120 2134 2175 varii
2166 2119 2380 2191 generis
2405 2127 2570 2190 atque
2600 2118 2796 2187 lingua:
2825 2118 3141 2172 mortalibus
3167 2126 3377 2178 coacta,
3404 2117 3577 2184 pasci-

1994 2220 2104 2276 tur,
2138 2211 2375 2266 dcmissa
2427 2209 2776 2266 hereditaria
2821 2210 3122 2279 impietate.
3167 2208 3284 2263 Illic
3323 2207 3580 2275 Raguelis

1994 2305 2120 2360 filiae
2164 2305 2219 2360 in
2261 2303 2448 2360 Mosen
2481 2302 2756 2368 incidunt;
2793 2303 2878 2356 hic
2915 2303 2967 2356 in
3003 2301 3279 2356 Christum
3312 2315 3376 2355 ex
3409 2300 3580 2368 genti-

1991 2398 2092 2455 bus
2142 2407 2301 2464 natae,
2362 2411 2588 2467 quarum
2623 2397 2793 2466 prima
2845 2394 3020 2450 adfuit
3064 2410 3095 2450 e
3161 2393 3430 2449 Samaria.
3468 2393 3581 2451 Illic

1992 2491 2271 2547 venientes
2333 2500 2585 2561 pastores
2641 2505 2735 2545 eas
2784 2489 3083 2559 pellebant;
3148 2488 3237 2544 hic
3287 2488 3582 2558 Synag‘ngte

1993 2583 2297 2654 pentiflces,
2333 2591 2387 2638 et
2417 2592 2662 2653 pastores
2688 2592 2904 2638 exteras
2947 2581 3428 2650 persequebantur.
3459 2578 3574 2632 Illic

1994 2689 2223 2745 surgens
2256 2673 2454 2741 Moses,
2491 2673 2788 2744 proﬂigatis
2820 2673 3154 2742 pastoribus,
3188 2683 3242 2727 et
3275 2686 3469 2742 aquam
3499 2671 3580 2725 eis

1994 2769 2200 2835 hausit,
2234 2779 2287 2823 et
2323 2781 2488 2838 pecus
2516 2767 2806 2836 adaquavit
2833 2766 2902 2821 '°.
2936 2763 3036 2819 Hic
3062 2765 3309 2820 Christus
3339 2778 3402 2818 ex
3440 2777 3584 2818 mor-

1994 2859 2102 2915 tuis
2131 2874 2438 2929 resurgens,
2474 2858 2732 2914 scelestos
2777 2866 2832 2913 et
2860 2856 3024 2913 falsos
3054 2865 3300 2934 pastores
3339 2853 3574 2924 fugavit,

306 2959 424 3001 non
452 2946 742 3016 contigisse
769 2963 783 3001 :
813 2957 964 3014 esto;
994 2955 1049 3002 at
1075 2963 1141 3003 ex
1193 2963 1257 3004 eo
1284 2949 1371 3004 die
1394 2960 1680 3022 utrumque
1698 2951 1892 3007 scitum
1989 2953 2201 3024 sibique
2256 2952 2414 3007 fidem
2457 2951 2738 3016 habentes,
2789 2948 2926 3020 aqua
2975 2951 3119 3014 viva,
3161 2949 3212 3002 id
3257 2957 3362 3012 est,
3395 2948 3580 3002 divino

306 3050 672 3109 sanctumque
703 3049 807 3094 est.

850 3132 1078 3190 CAPUT
1118 3133 1359 3194 XXVIII.

605 3225 772 3282 Mosi:
819 3228 1040 3282 historia
1081 3231 1294 3299 mystice
1326 3231 1607 3298 explicata.

392 3317 495 3372 Sed
529 3317 643 3374 hac
671 3319 738 3374 tle
764 3318 999 3388 Josepho
1030 3319 1319 3385 Squiciant,
1348 3335 1402 3375 et
1430 3321 1541 3389 jam
1568 3336 1732 3391 porro
1766 3335 1891 3390 pro-

308 3408 603 3480 phetarum
638 3422 904 3475 centrum,
941 3412 1227 3474 deiscium,
1279 3424 1442 3482 atque
1476 3429 1505 3468 a
1543 3412 1653 3468 Deo
1698 3415 1894 3470 scitum

306 3512 375 3554 et
405 3503 674 3570 cognitum
725 3502 910 3557 Mosen
958 3505 1358 3571 aggrediamur.
1401 3506 1718 3574 Quanquam
1767 3507 1896 3563 illud

309 3607 532 3663 quoque
574 3594 928 3662 ignorandum
975 3611 1080 3648 non
1124 3605 1230 3660 est,
1260 3594 1479 3665 Josephi
1515 3599 1567 3650 in
1607 3597 1896 3669 Egyptum

308 3684 603 3739 adventum
649 3687 938 3751 secundam
989 3690 1328 3757 praesentiam
1378 3701 1590 3746 notare.
1637 3689 1772 3746 Nam
1841 3700 1898 3746 ut

312 3778 415 3836 ille
450 3777 702 3834 fratribus
731 3796 788 3834 se
821 3783 1074 3850 prodidit,
1122 3783 1194 3836 ita
1236 3793 1291 3838 et
1324 3781 1496 3839 Judaei
1540 3788 1752 3842 tandem
1797 3786 1900 3840 ali-

311 3871 534 3943 quando
562 3871 838 3927 Christum
888 3883 1217 3944 agnoscent;
1249 3883 1306 3930 ut
1345 3877 1446 3931 fert
1488 3878 1590 3933 hoc
1621 3877 1900 3935 Zacharize

311 3963 596 4034 prophetae
640 3962 860 4020 effatum
912 3984 925 4020 :
966 3986 984 4019 ι
1041 3965 1107 4021 Et
1141 3968 1404 4038 aspicient
1435 3971 1502 4025 ad
1557 3987 1678 4038 me,
1739 3989 1898 4042 quem

314 4057 667 4108 conlixerunt
692 4054 760 4110 ⁸³.
797 4074 816 4108 ι
846 4056 906 4116 Et
945 4057 1398 4125 quemadmodum
1425 4060 1548 4116 illos
1579 4063 1899 4132 pmnitentia

313 4143 538 4212 ductos,
570 4161 637 4201 ex
666 4145 972 4203 Chananaaa
1012 4150 1077 4203 ad
1113 4165 1171 4205 se
1213 4151 1592 4218 adventatdes,
1636 4152 1904 4227 Joscphus

319 4252 448 4293 cum
480 4242 624 4293 omni
658 4240 864 4296 familia
893 4241 1058 4308 aluit;
1087 4242 1168 4297 sic
1205 4255 1473 4314 quotquot
1504 4255 1616 4302 toto
1640 4248 1743 4304 hoc
1773 4251 1904 4306 orbe

318 4328 538 4386 Judaici
579 4331 816 4388 nominis
852 4345 1002 4398 sunt,
1042 4337 1086 4390 si
1114 4335 1440 4404 poenitentes
1474 4337 1748 4394 Christum
1781 4357 1904 4395 vere

1918 3075 1968 3138 ο
1996 3061 2095 3101 suo
2129 3044 2447 3114 ctnlestiqne
2468 3045 2738 3112 przeconio
2770 3040 3002 3113 rigavit;
3034 3041 3239 3138 addens
3266 3057 3281 3095 :
3314 3058 3332 3092 ι
3455 3039 3579 3138 quis

1995 3138 2131 3201 sitit,
2166 3137 2348 3192 veniat
2378 3137 2443 3191 ad
2474 3151 2582 3199 me,
2615 3145 2668 3189 et
2698 3135 2850 3190 bibat
2875 3134 2942 3189 “.
2977 3152 2996 3187 ι
3033 3133 3141 3188 Ilia:
3177 3132 3427 3204 Itagnelis
3457 3131 3581 3188 tiliae

1997 3229 2061 3283 ad
2093 3239 2301 3301 patrem
2335 3245 2496 3285 suum
2524 3243 2807 3298 regressae,
2840 3227 3003 3282 Mosis
3033 3226 3268 3282 studium
3299 3240 3581 3280 commen-

1995 3321 2128 3378 dant
2190 3321 2274 3390 ⁸³;
2331 3321 2674 3376 Samaritana
2737 3321 2804 3375 ad
2866 3319 3106 3374 Natalem
3171 3332 3410 3384 reversa,
3474 3315 3581 3372 mei

1999 3413 2306 3470 Servatoris
2356 3412 2766 3483 amplitudinem
2802 3413 3084 3480 praedicat.
3139 3410 3340 3480 Raguel
3385 3410 3582 3478 quaerit

1999 3522 2063 3562 ex
2087 3506 2318 3571 filiabus,
2345 3506 2431 3561 ubi
2459 3505 2565 3560 sit?
2588 3515 2937 3561 accerserent
2956 3503 3368 3572 bominem,quo
3402 3501 3583 3556 cibum

1999 3608 2238 3668 caperet.
2283 3599 2381 3654 Hic
2415 3599 2653 3655 caelestis
2699 3598 2896 3670 panis:
2942 3615 2961 3650 ι
2996 3597 3108 3668 Ego
3146 3597 3346 3661 cibum,
3383 3595 3584 3664 inquit,

2001 3693 2207 3759 habeo,
2271 3693 2623 3756 manducare,
2668 3706 2827 3760 quem
2881 3705 2977 3745 vos
3032 3689 3254 3744 nescitis
3296 3688 3361 3742 ⁸³.
3412 3687 3586 3743 Moses

2000 3783 2072 3838 ibi
2105 3784 2242 3852 apud
2270 3784 2541 3840 hominem
2585 3783 2749 3853 degit,
2782 3782 2939 3852 eique
2979 3779 3066 3835 ille
3095 3778 3390 3850 Sephoram
3422 3778 3582 3832 filiatn

2001 3871 2176 3930 elocat
2205 3874 2296 3930 ’δε
2361 3890 2512 3930 meus
2562 3872 2822 3930 Servator
2871 3872 2924 3927 in
2973 3871 3220 3927 Samaria
3273 3871 3585 3934 consideus,

2007 3980 2063 4020 et
2106 3982 2225 4021 eam
2273 3967 2619 4034 collustrans,
2667 3966 2859 4021 bellam
2901 3965 3141 4034 gentium
3175 3962 3467 4019 Ecclesiam
3495 3965 3592 4016 de-

2003 4070 2272 4129 sponsat:
2333 4074 2460 4114 nam
2516 4058 2764 4130 Sephora
2811 4057 3015 4113 Iudaeis
3066 4056 3282 4120 bellam,
3333 4069 3429 4109 seu
3477 4052 3590 4108 col-

2002 4154 2374 4210 Iustrationem
2417 4164 2592 4209 notat.
2641 4152 2757 4206 Jam
2784 4167 2913 4206 vero
2949 4153 3086 4206 duos
3109 4147 3271 4204 Mosis
3315 4147 3452 4202 filios
3486 4146 3588 4200 ob-

2004 4257 2240 4313 servate,
2273 4247 2364 4315 qui
2400 4247 2465 4302 ad
2491 4248 2596 4300 duo
2627 4245 2830 4301 foedera
2867 4246 3178 4309 trahuntur,
3218 4257 3452 4313 quorum
3498 4240 3586 4295 lex

2006 4338 2252 4394 Gcrsami
2285 4338 2504 4394 nomine
2533 4347 2842 4409 censeatur,
2874 4337 2962 4408 qui
3012 4337 3232 4406 quidem
3266 4333 3588 4405 peregrinus

321 4422 424 4476 Dei
484 4421 680 4478 Filium
736 4427 1128 4494 confiteantur,
1193 4442 1288 4483 eos
1347 4429 1558 4485 ccelesti
1592 4441 1647 4486 ct
1679 4433 1902 4488 immor-
1929 4420 1984 4481 D
2010 4431 2220 4498 fuerat;
2250 4432 2486 4485 nondum
2510 4430 2654 4486 enim
2679 4432 2731 4486 in
2753 4429 3074 4501 promissam
3097 4438 3295 4482 terram
3331 4425 3590 4480 Israelita:

323 4517 421 4572 tali
452 4532 588 4586 pane
624 4517 753 4585 alet,
789 4529 845 4572 ut
880 4520 932 4574 in
960 4520 1251 4591 Evangelia
1278 4530 1545 4578 testatur:
1589 4543 1607 4578 ι
1647 4525 1757 4596 Ego
1783 4540 1902 4580 sum

322 4611 484 4681 panis
525 4611 703 4676 vivus,
746 4612 838 4682 qui
884 4614 950 4668 de
983 4613 1120 4667 ccelo
1150 4614 1428 4669 descendi.
1463 4616 1566 4682 Qui
1613 4619 1908 4674 manducat

323 4719 506 4759 meam
557 4719 801 4767 carnem,
854 4716 908 4761 et
950 4705 1090 4760 bibit
1143 4721 1322 4761 meum
1362 4711 1707 4779 sanguinem,
1749 4712 1908 4768 habet

323 4801 492 4852 vitam
541 4809 797 4852 cateruam
822 4838 836 4860 ,
875 4817 893 4852 ι
932 4809 986 4853 et
1020 4800 1072 4853 in
1100 4800 1363 4871 judicium
1408 4819 1514 4858 non
1556 4805 1732 4859 veniet
1770 4803 1907 4873 (20),

325 4893 422 4947 sed
463 4911 478 4942 ι
522 4906 620 4961 ego
669 4893 1005 4947 resuscitalio
1050 4908 1172 4948 eum
1221 4895 1274 4949 iu
1328 4896 1624 4951 novissimo
1659 4900 1746 4953 die
1785 4897 1848 4950 δι.
1883 4917 1903 4951 ι

327 4985 754 5038 Snscitationem
793 4986 878 5039 hic
903 4994 1008 5040 nOn
1029 4986 1173 5041 illam
1204 4999 1565 5056 mortuorum,
1588 5006 1691 5060 qua
1723 5007 1912 5048 omnes

328 5077 630 5132 suscitandi
657 5087 804 5140 sunt,
838 5078 932 5131 sed
990 5076 1294 5133 decessoris
1324 5080 1539 5146 Adami,
1575 5082 1913 5152 significans.

403 5169 510 5225 Sed
553 5179 765 5239 tempus
786 5166 897 5237 jam
933 5181 1039 5236 est,
1071 5174 1244 5242 captis
1289 5171 1542 5231 Mosaicae
1583 5177 1913 5246 interpreta-

405 5358 452 5390 “
493 5357 661 5411 Exod.
706 5372 773 5416 tt.
817 5356 904 5411 I5.

331 5433 377 5463 "
418 5428 552 5484 Ceu.
598 5444 684 5489 ιιι..
746 5431 833 5482 is.
932 5428 977 5461 “
1016 5424 1154 5480 Osee
1195 5439 1280 5489 xt,
1323 5425 1374 5480 1.

332 5515 487 5571 seqq.
561 5499 606 5531 "
645 5497 799 5554 Joan.
849 5513 943 5563 vn,
981 5497 1071 5553 37.
1146 5496 1192 5529 "
1233 5495 1402 5552 Exod.
1446 5511 1504 5562 ιι,
1550 5499 1632 5552 19.

381 5682 522 5753 ,(20)
563 5680 689 5736 Hzcc
725 5696 827 5736 non
860 5689 986 5737 sunt
1017 5680 1070 5734 in
1105 5680 1354 5749 Vulgata.

997 5352 1053 5432 δέ,
1083 5352 1215 5408 Luc.
1259 5369 1411 5432 χχιιι,
1450 5353 1705 5432 25,}9._
1745 5355 1789 5386 δ’
1828 5353 1894 5411 Ge

2007 5369 2097 5432 xc,
2135 5353 2227 5432 ξο.
2304 5352 2351 5384 ⁸³
2390 5352 2695 5432 Zanch.hxt_t
2721 5393 2735 5417 ,
2798 5354 2888 5432 10.
2963 5352 3204 5432 ‘_‘_Jo_aﬂu.
3246 5367 3362 5432 V1,,

1472 5426 1515 5458 δ’
1557 5427 1727 5480 Exod.
1771 5443 1842 5490 tt,
1885 5437 1894 5478 ἐ

1472 5513 1504 5553 I.
1550 5499 1632 5552 19.
1708 5499 1754 5530 ⁸⁸
1789 5497 1894 5553 Joa:

2051 5425 2098 5456 "
2133 5423 2288 5480 Joan.
2332 5439 2403 5488 ιν,
2447 5423 2499 5477 6.
2573 5423 2619 5457 δ’
2662 5426 2831 5480 Exod.
2877 5440 2934 5489 tt,
2975 5424 3061 5490 16,
3104 5424 3190 5480 18.
3266 5425 3311 5458 ⁸ο
3353 5426 3481 5480 ibid.
3525 5427 3592 5481 t9

1997 5513 2066 5553 tv.
2104 5497 2193 5552 52.
2271 5496 2317 5527 "
2357 5495 2528 5549 Exod.
2571 5512 2632 5553 tt.
2671 5497 2762 5553 2t.

1824 5512 1948 5552 oan.
1991 5513 2066 5562 tv,
2104 5502 2193 5552 52.

2007 4521 2350 4587 invaserant;
2389 4517 2615 4575 Gersam
2669 4529 2848 4574 autem
2889 4518 3090 4575 Iudaeis
3130 4518 3271 4571 idem
3313 4526 3417 4581 est,
3446 4513 3588 4584 quod

2007 4615 2333 4684 peregrinus.
2377 4613 2546 4669 Porro
2595 4612 2805 4669 Eliezer
2845 4615 2966 4668 novi
3000 4613 3222 4668 foederis
3244 4610 3445 4667 Christi
3488 4610 3593 4663 Do-

2009 4707 2140 4762 mini
2179 4709 2346 4776 figura
2381 4717 2503 4773 est;
2553 4707 2752 4777 quippe
2794 4707 2897 4760 hoc
2927 4706 3129 4761 fmdere
3185 4704 3420 4759 ineundo
3448 4701 3593 4756 Deus

2010 4801 2170 4854 terris
2199 4799 2515 4868 Opitulatus,
2549 4813 2644 4854 eas
2669 4815 2696 4852 a
2725 4798 2912 4853 fraude
2948 4798 3060 4868 (21)
3097 4797 3412 4852 vindicavit.
3457 4795 3588 4848 Nam

2014 4893 2226 4949 Eliezer
2254 4890 2454 4947 Iudaeis
2477 4892 2698 4962 perinde
2729 4901 2812 4946 est
2845 4906 2908 4948 ac
2939 4894 2981 4944 si
3007 4891 3155 4945 dicas
3181 4890 3493 4959 opitulator.

2085 4987 2192 5042 Sed
2229 4983 2450 5056 prastat
2477 4983 2647 5039 Exodi
2668 4999 2883 5056 qucque
2907 4984 3223 5038 vaticinium
3251 4984 3414 5036 verbo
3438 4992 3596 5038 tenus

2010 5095 2318 5138 recensere.
2367 5099 2386 5132 ι
2438 5076 2565 5133 Post
2628 5075 2854 5130 multum
2896 5091 3022 5132 vero
3063 5077 3343 5146 temporis.
3380 5095 3398 5127 ι
3437 5075 3592 5142 Quod

2016 5172 2276 5242 temporis
2304 5170 2447 5240 longi
2485 5165 2724 5240 spatium
2758 5167 3015 5237 propheta
3053 5165 3360 5237 significat?
3403 5165 3593 5221 Debeti

2304 5351 2351 5384 ⁸³
2390 5349 2555 5407 chb.
2623 5371 2735 5417 xu,
2802 5354 2888 5408 10.
2963 5352 3008 5386 ⁸⁵
3047 5351 3204 5407 Joau.
3246 5367 3327 5416 vt,
3371 5352 3458 5415 5|,
3502 5352 3594 5408 51.

2271 5496 2317 5527 ⁸³
2357 5495 2528 5549 Exod.
2571 5512 2632 5563 tt,
2671 5497 2762 5553 2!.

404 5751 522 5825 (2t;
564 5754 785 5811 Scilicet
820 5754 1045 5820 diaboli,
1073 5754 1342 5821 quomodo
1367 5753 1527 5811 etiam
1558 5751 1808 5820 suspicor
1837 5752 2140 5819 legendum.
