3788 6196
353 281 466 347 835

1527 265 1958 331 ANDRONICI
2000 237 2378 328 conivent
3480 257 3568 321 sae

274 461 277 464 ,
350 393 623 452 mortalis.
663 410 682 444 ι
729 387 1154 459 Ingeniisccntes
1196 386 1286 447 lilii
1330 386 1522 452 Israel,
1554 405 1571 438 1
1600 386 1653 439 Id
1684 395 1784 448 est,
1810 399 1935 438 san~
1962 385 2010 444 Α
2039 385 2316 453 apparari.
2357 403 2373 436 ι
2408 382 2472 438 Et
2503 381 2611 436 ait:
2663 379 2773 451 Ego
2811 396 2929 435 sum
2960 380 3104 436 Deus
3136 379 3308 451 patris
3331 379 3420 447 tui,
3452 379 3574 437 Deus

355 497 568 540 ctorttin
592 497 799 547 manes,
829 482 968 550 apud
1002 479 1207 534 inferos
1233 478 1452 548 captivi,
1479 495 1496 529 ι
1523 488 1742 549 propter
1772 492 1934 544 opera

357 576 640 632 vociferati
670 586 828 638 sunt;
857 572 1208 641 ascenditque
1237 571 1442 624 clamor
1460 584 1645 623 eorum
1673 569 1736 623 ad
1769 569 1933 623 Deum

354 670 431 725 ab
466 669 721 740 operibus
749 670 816 720 ".
855 687 872 718 1
905 667 1021 720 Alio
1070 665 1322 720 dicente:
1355 683 1372 716 ι
1413 663 1557 717 Ειιιιο
1597 662 1662 717 de
1693 662 1935 716 custodia

359 739 592 814 animant
632 774 802 814 meam
845 757 930 824 ⁸⁸;
970 776 986 809 ι
1022 757 1128 810 alio
1162 774 1175 810 :
1225 773 1242 808 ι
1286 754 1445 819 Deus,
1479 753 1704 808 05tende
1745 739 1935 805 faciem

362 866 532 919 tttam,
583 866 636 908 et
683 853 815 907 salvi
863 854 1070 906 erimus
1109 851 1192 916 ";
1247 866 1265 901 ι
1303 850 1450 901 alio:
1501 867 1517 897 t
1552 845 1622 899 De
1662 845 1938 915 profundis

357 946 592 1003 clamavi
657 945 722 999 ad
783 955 854 1009 te,
915 942 1170 1006 Domine,
1215 939 1459 1003 Domine,
1498 938 1688 992 exaudi
1752 951 1935 989 vocem

344 1053 539 1093 ‘ineatit
571 1035 653 1097 ης
710 1035 863 1086 alio:
919 1050 934 1080 t
989 1029 1142 1084 Fiant
1183 1045 1340 1083 aures
1374 1041 1474 1082 iure
1520 1028 1858 1080 intendentes
1884 1027 1935 1079 in

362 1141 549 1181 vocem
609 1124 1006 1195 deprecationis
1057 1137 1187 1174 mea:
1238 1119 1305 1173 ".
1371 1139 1389 1172 ι
1441 1120 1646 1172 Izloruin
1699 1118 1936 1170 omnium

360 1220 718 1291 querimonia:
746 1217 809 1270 ad
842 1211 1005 1270 Deum
1049 1221 1432 1284 pervenerunt.
1473 1230 1487 1262 ι
1522 1211 1600 1263 Ac
1628 1209 1938 1262 recordatus

360 1323 445 1369 est
480 1311 724 1376 Imderis,
761 1311 903 1379 quod
943 1309 1141 1380 pepigit
1180 1322 1300 1361 cum
1343 1306 1639 1366 Abraham,
1676 1303 1850 1367 Isaac,
1888 1311 1940 1356 et

362 1403 532 1459 Iacob
564 1406 630 1458 ‘°.
655 1423 674 1458 ι
705 1403 817 1458 lilic
850 1419 972 1459 cum
1000 1402 1334 1466 Abrahamu,
1358 1398 1443 1454 hic
1472 1415 1591 1454 cum
1621 1397 1940 1467 primigenio

363 1498 592 1555 Adaiiio.
652 1516 671 1551 ι
733 1497 798 1552 Et
849 1496 1088 1564 respexit
1151 1494 1410 1549 Dominus
1471 1491 1610 1547 ﬁlios
1654 1490 1841 1554 Israel,
1888 1499 1942 1544 et

360 1591 620 1658 cognovit
648 1604 742 1645 eos
771 1589 854 1656 “;
899 1607 918 1642 ι
967 1589 1017 1643 id
1051 1597 1155 1652 est,
1186 1598 1370 1643 nostra
1413 1594 1664 1651 tanquam
1702 1582 1939 1637 niiscella

360 1682 638 1739 induenda
670 1683 829 1737 homo
857 1680 1030 1735 factus
1077 1690 1181 1742 est,
1209 1675 1384 1734 sin‘iile
1423 1677 1586 1732 simili
1617 1686 1940 1746 expurgatu-

2038 478 2333 536 Abraham.
2367 476 2506 528 Deus
2543 475 2712 539 Isaac,
2746 485 2804 528 et
2831 474 2972 529 Deus
3009 473 3200 528 Iacob.
3237 491 3254 524 ι
3293 473 3435 539 Quod
3462 474 3575 528 dicit

2037 569 2297 638 ejusmodi
2326 579 2451 625 est:
2492 568 2598 640 Ego
2645 567 2784 622 Dens
2831 568 3124 632 Abraham,
3153 567 3296 622 Deus
3332 567 3486 632 Isaac,
3528 576 3578 622 et

2043 662 2180 714 Deus
2229 659 2416 720 Iacob,
2471 661 2598 714 olim
2651 660 2702 713 in
2757 660 2992 729 Virginis
3050 669 3227 723 utero,
3278 661 3578 728 benignitate

2037 752 2222 807 aeterni
2251 754 2351 807 mei
2376 751 2574 816 Patris,
2599 763 2650 805 et
2682 760 2764 806 ter
2791 754 2962 806 sancti
2992 752 3226 820 Spiritus
3247 769 3346 822 ope
3383 755 3578 824 degain.

2045 864 2062 896 ι
2095 845 2390 922 Abscondit
2419 845 2591 901 Moses
2620 846 2809 900 faciem
2839 862 2989 900 suam
3026 864 3039 898 :
3066 862 3170 899 non
3209 850 3347 900 enim
3376 848 3586 901 audebat

2041 939 2283 1005 aspicere
2307 945 2493 990 contra
2528 939 2690 992 Deum
2715 939 2781 994 ⁸⁷.
2820 957 2838 990 ι
2873 938 3044 991 Divini
3076 937 3232 992 Verbi
3265 939 3328 993 ad
3363 939 3604 1010 homines

2040 1033 2352 1101 degressum
2395 1042 2448 1087 et
2474 1033 2900 1087 incarnationem
2929 1033 3201 1101 stupebat,
3232 1043 3286 1087 et
3313 1036 3591 1088 admiraba-

2044 1132 2149 1176 tur.
2215 1141 2233 1173 ι
2273 1120 2370 1177 Cui
2408 1123 2480 1176 ait
2525 1124 2778 1198 Dominus
2820 1123 2986 1179 :Vidi
3038 1123 3376 1180 aﬂlictionem
3421 1127 3590 1195 populi

2041 1211 2142 1264 inci
2186 1213 2237 1265 in
2283 1211 2541 1282 Egypto,
2575 1224 2629 1267 et
2672 1215 2966 1270 clamarent
3014 1214 3132 1283 ejus
3161 1217 3340 1270 audivi
3388 1229 3594 1285 propter

2041 1303 2294 1358 duritiam
2344 1321 2530 1358 eorum
2579 1306 2671 1375 qui
2710 1319 2947 1377 praesunt
2980 1307 3234 1378 operibus
3284 1308 3347 1364 ".
3397 1328 3416 1361 ι
3465 1310 3593 1377 Vidi,

2042 1396 2239 1465 inquit,
2273 1409 2493 1451 vexatos
2535 1401 2674 1467 apud
2706 1399 2907 1455 inferos
2957 1407 3274 1455 sanctorum
3308 1418 3502 1467 manes.
3535 1406 3597 1460 ab

2041 1489 2272 1554 infestis,
2307 1507 2406 1547 nec
2443 1492 2734 1562 quidquam
2787 1495 2852 1548 ad
2905 1494 3044 1550 mala
3090 1510 3251 1564 opera
3302 1499 3598 1566 urgentibus

2043 1577 2306 1648 improbis
2358 1583 2694 1638 dieiiionibus
2742 1585 2898 1653 (quos
2949 1597 3001 1639 et
3031 1586 3210 1654 operis
3241 1598 3513 1644 exactores
3538 1605 3600 1645 eo

2043 1673 2259 1727 nomine
2311 1674 2602 1745 appellat);
2650 1677 2850 1730 etenim
2882 1691 3089 1743 revera,
3133 1695 3255 1733 cum
3298 1693 3327 1732 a
3373 1680 3473 1736 Deo
3511 1698 3601 1751 per

364 1792 484 1833 rus.
521 1793 540 1827 ι
578 1776 753 1830 Moses
785 1783 961 1828 autem
1000 1769 1256 1843 pascebat
1277 1787 1407 1827 oves
1433 1770 1623 1826 Jethro
1653 1769 1827 1824 soceri
1859 1766 1938 1823 sui
1972 1760 2013 1815 Β
2043 1765 2401 1833 ignorantiam
2438 1766 2673 1832 abimus,
2696 1777 2821 1822 tunc
2851 1768 2904 1821 in
2934 1772 3135 1837 peccati
3170 1772 3282 1826 luto
3312 1787 3600 1838 versamur,

369 1870 674 1923 sacerdmis
698 1868 952 1933 Madian;
1004 1884 1023 1918 ι
1063 1865 1168 1920 illic
1206 1862 1386 1919 Moses
1431 1865 1617 1918 brutas
1651 1862 1826 1918 soceri
1859 1860 1939 1914 sui

369 1960 691 2021 sacerdotis.
752 1959 840 2014 hic
891 1957 1162 2022 Christus,
1223 1957 1359 2012 alter
1422 1955 1622 2022 Moses,
1654 1952 1943 2009 rationales

372 2051 562 2106 aeterni
616 2048 796 2105 Patris
850 2063 977 2105 oves
1012 2050 1284 2119 pascebat.
1333 2066 1352 2100 ‹
1399 2045 1642 2117 Cumque
1689 2043 1946 2117 minasset

373 2157 587 2212 gregem
619 2141 685 2196 ad
715 2141 971 2198 interiora
1002 2140 1218 2208 deserti,
1261 2139 1410 2196 venit
1453 2139 1520 2194 ad
1571 2149 1804 2193 montem
1852 2135 1944 2191 Dei

377 2234 557 2292 Iloreb
580 2237 662 2304 “;
695 2253 712 2288 ι
742 2231 862 2290 nam
890 2234 1169 2290 ratimialis
1209 2232 1422 2304 pecoris
1453 2243 1637 2304 pastor
1671 2246 1734 2286 ac
1772 2232 1944 2294 Deus,

372 2347 435 2384 ex
463 2329 756 2400 impietatis
783 2328 1079 2384 solitudine
1118 2341 1247 2383 oves
1274 2328 1556 2390 abductas,
1589 2325 1656 2379 ad
1688 2333 1945 2385 montem,

370 2420 465 2491 qui
498 2430 580 2476 est
618 2420 709 2474 Dei
765 2419 980 2484 notitia,
1010 2428 1063 2473 et
1107 2417 1174 2473 ad
1221 2419 1494 2473 caelestem
1536 2432 1600 2472 ac
1633 2425 1946 2487 perpetuam

372 2514 808 2584 Hierosolymam
839 2511 1119 2582 compulit.
1159 2531 1177 2565 t
1219 2512 1587 2582 Apparuitque
1632 2509 1681 2563 ei
1731 2507 1948 2579 angelus

380 2606 593 2661 Domini
623 2606 676 2661 in
706 2605 920 2660 ﬂamina
968 2605 1108 2675 ignis
1153 2605 1220 2660 de
1251 2603 1425 2660 medio
1451 2602 1570 2657 rubi
1604 2620 1618 2656 :
1656 2611 1709 2655 et
1736 2601 1951 2657 videbat

373 2697 518 2769 quod
565 2700 730 2753 rubus
765 2699 1001 2765 arderet,
1048 2706 1102 2753 et
1153 2710 1257 2751 iiOn
1304 2696 1719 2750 combureretur
1745 2695 1822 2760 “;
1851 2694 1952 2747 hoc

374 2791 664 2846 Indivisam
718 2802 890 2860 atque
947 2773 1383 2861 impermulaiam
1423 2787 1580 2844 Verbi
1620 2787 1784 2843 divini
1829 2802 1950 2842 cum

377 2886 611 2937 humana
659 2893 850 2937 natura
903 2883 1155 2938 unionem
1207 2896 1274 2937 ex
1321 2881 1590 2937 charitate
1639 2890 1948 2951 susceptam

374 2975 646 3047 designat.
671 2973 804 3029 Nam
843 2974 989 3030 velut
1019 2980 1209 3031 rubum
1239 2975 1378 3044 ignis
1413 2973 1692 3042 amplexus
1722 2982 1837 3038 est;
1878 2973 1953 3025 ita

376 3081 432 3127 et
465 3068 601 3125 Deus
627 3067 862 3123 Verbum
899 3068 1154 3139 subiectie
1183 3070 1281 3123 sub
1316 3075 1597 3139 peccatum
1625 3065 1814 3159 Adami
1859 3063 1953 3119 de-
1979 3099 2024 3159 α

378 3162 505 3218 licto
548 3171 753 3224 naturas
796 3163 1109 3218 societatem
1161 3161 1303 3226 iniit,
1334 3173 1529 3230 expers
1577 3156 1811 3229 peccati,
1845 3170 1951 3226 quo

379 3269 479 3310 nos
531 3257 758 3325 quoque
819 3264 1046 3325 peccato
1112 3252 1350 3308 invictos
1411 3261 1756 3323 compararet
1816 3251 1954 3304 alter

377 3349 643 3415 Adamu's,
671 3357 725 3401 et
775 3335 1129 3402 recreationis
1158 3354 1357 3400 nostrai
1392 3343 1662 3414 princeps,
1703 3356 1854 3413 teque
1891 3355 1955 3396 ac

381 3441 533 3510 prior
576 3440 889 3495 crcatiouis.
929 3455 949 3491 t
993 3437 1136 3491 Dixit
1174 3450 1304 3505 ergo
1358 3435 1535 3490 Moses
1585 3453 1599 3490 :
1647 3418 1850 3490 Vadam
1902 3441 1956 3488 et

381 3532 576 3588 videbo
611 3533 875 3586 visionem
909 3531 1052 3586 hanc
1081 3546 1354 3601 magnam,
1391 3545 1560 3600 quare
1589 3543 1695 3583 non
1733 3527 1955 3585 combu-

382 3637 536 3682 ratnr
580 3624 744 3680 rubus
794 3623 859 3677 “.
909 3642 929 3676 ι
985 3622 1152 3679 Recte
1191 3623 1470 3690 obstupuit
1515 3621 1709 3686 Moses,
1751 3622 1842 3691 qui
1905 3621 1952 3675 id

383 3700 592 3774 tantum
621 3727 890 3773 ostentum
923 3732 1044 3772 esse
1071 3716 1296 3787 ﬁguram
1337 3716 1581 3770 eventuri
1612 3715 1793 3768 arcani
1834 3729 1956 3783 pro-

383 3811 637 3881 spiceret,
685 3811 886 3880 liquido
939 3810 1344 3872 demonsuans,
1397 3807 1631 3863 divinam
1667 3804 1823 3860 Verbi
1865 3820 1959 3858 na-

385 3915 558 3960 t'tiram
602 3920 721 3959 cum
772 3903 1121 3958 humanitatis
1171 3901 1360 3967 modo,
1415 3900 1460 3954 si
1512 3900 1730 3970 quidem
1777 3898 1954 3967 vellet,

383 3998 738 4067 copulandam
777 4012 794 4052 :
828 4012 952 4052 nam
990 3997 1039 4052 ei
1078 3996 1294 4066 quidem
1342 4008 1537 4052 cuncta
1599 3993 1831 4050 faciendi
1876 4001 1960 4048 est

370 4091 648 4168 potentia,

461 4203 480 4238 ι
514 4187 758 4242 Cernetis
780 4192 958 4238 autem
991 4180 1272 4248 Dominus,
1311 4180 1450 4251 quod
1493 4190 1744 4252 pergeret
1785 4180 1850 4235 ad
1883 4183 1962 4234 vi-

386 4280 649 4344 dendum,
678 4276 891 4332 vocavit
924 4290 1045 4330 eum
1075 4276 1139 4330 de
1172 4275 1346 4330 medio
1377 4274 1522 4338 rubi,
1552 4286 1605 4329 et
1629 4275 1723 4329 ait.
1789 4292 1808 4326 i
1848 4272 1961 4329 Illic

391 4375 651 4430 Dominus
676 4371 850 4441 angeli
881 4372 1059 4441 specie
1097 4371 1245 4423 visus
1292 4367 1475 4423 Mosen
1507 4367 1845 4435 inclamavit;
1873 4366 1961 4421 hic

2043 1853 2500 1926 exactorihusque
2535 1857 2754 1913 obnoxii
2793 1875 2997 1915 sumus.
3031 1864 3097 1914 At
3153 1862 3245 1915 Dei
3277 1863 3517 1917 notitiam
3546 1864 3606 1916 li-

2045 1945 2270 1999 bertatis
2304 1945 2473 2016 gratia
2514 1947 2889 2016 consequitur.
2946 1967 2964 2001 i
3007 1948 3070 2004 Et
3108 1952 3358 2006 descendi
3398 1964 3453 2005 ut
3480 1952 3609 2008 libe-

2048 2055 2160 2094 rem
2188 2054 2310 2095 etim
2341 2042 2406 2095 de
2441 2044 2686 2097 manibus
2715 2041 3110 2116 Egyptiorum.
3148 2065 3168 2098 ι
3204 2045 3468 2105 Conscius
3493 2053 3606 2105 vani

2049 2133 2325 2188 hominum
2358 2135 2521 2190 studii
2564 2150 2688 2205 erga
2742 2137 3020 2191 immolata
3067 2139 3243 2204 idolis,
3300 2143 3544 2198 descendi
3579 2157 3608 2196 a

2049 2224 2213 2282 Patre
2245 2242 2587 2297 nequaquam
2624 2238 2929 2299 separatus,
2963 2231 3030 2284 ad
3059 2231 3394 2302 eripiendum
3423 2235 3614 2288 daemo-

2051 2320 2209 2374 nibus
2232 2319 2418 2376 orbem
2441 2329 2733 2376 terrarum.
2775 2341 2792 2374 t
2830 2323 2892 2376 Et
2918 2326 3142 2378 educam
3176 2325 3242 2378 de
3273 2335 3415 2379 terra
3449 2326 3553 2392 illa;
3589 2345 3608 2378 ι

2050 2415 2401 2468 contumaciae
2425 2425 2478 2468 et
2507 2416 2871 2478 mortalitatis,
2895 2437 2911 2468 1
2937 2418 2987 2470 in
3010 2428 3207 2472 terram
3237 2419 3454 2483 bonam,
3476 2440 3492 2471 1
3515 2423 3614 2476 sci-

2051 2504 2178 2559 licet
2207 2507 2646 2577 linmortalitatis,
2677 2521 2728 2564 et
2764 2509 2855 2564 Dei
2887 2512 3112 2575 notitiae,
3145 2533 3163 2565 ι
3194 2529 3314 2583 quae
3335 2513 3451 2568 linit
3481 2515 3614 2571 lacte

2052 2610 2104 2653 et
2133 2599 2289 2654 melle
2314 2599 2382 2654 ".
2424 2618 2441 2652 i
2477 2597 2552 2653 Ex
2586 2615 2648 2654 ea
2681 2610 2823 2656 terra
2857 2602 2938 2658 lac
2970 2613 3023 2658 et
3047 2603 3188 2660 mel:
3232 2622 3295 2660 ex
3344 2606 3617 2664 Dominico

2053 2706 2277 2760 corpore
2305 2707 2444 2763 aqua
2469 2703 2522 2748 et
2543 2695 2762 2766 sanguis
2789 2697 3113 2753 acaturiunt.
3153 2698 3208 2754 Id
3234 2700 3378 2755 enim
3411 2713 3464 2755 et
3485 2702 3620 2769 ignis

2054 2797 2175 2837 cum
2207 2784 2344 2839 rubo
2383 2787 2571 2856 copula
2606 2789 2886 2858 designat;
2920 2804 3016 2859 per
3041 2790 3288 2846 ardorem
3320 2793 3536 2863 patibile
3569 2807 3621 2852 et

2057 2872 2280 2932 mortale
2311 2893 2529 2950 corpus,
2587 2894 2683 2950 per
2715 2881 3138 2940 incolumitatem
3167 2901 3231 2941 ex
3257 2893 3470 2953 ardore,
3504 2889 3624 2945 Dci-

2057 2976 2400 3039 tatem,‘qua':
2439 2973 2655 3035 invicta,
2700 2973 2764 3028 iis
2780 2975 2916 3028 haud
2942 2975 3152 3046 longum
3187 2981 3622 3043 vinrendaesset.

2132 3080 2150 3113 ι
2193 3062 2412 3118 Clamor
2443 3080 2570 3133 ergo
2617 3066 2850 3120 ﬁliorum
2891 3067 3050 3122 Israel
3096 3073 3241 3124 venit
3275 3071 3341 3126 ad
3375 3090 3460 3127 me
3490 3075 3558 3128 ".
3600 3095 3617 3128 t

2056 3153 2168 3211 Illic
2191 3168 2411 3225 accepta
2441 3157 2806 3213 Israelitarum
2841 3161 3241 3230 imploratione,
3274 3165 3358 3219 hic
3386 3169 3625 3222 omnium

2054 3269 2119 3308 ex
2153 3252 2361 3308 Adamn
2391 3263 2668 3316 natorum,
2699 3236 3088 3327 perspeciaque
3117 3259 3388 3325 violentia,
3428 3278 3532 3333 qua
3563 3267 3628 3322 ab

2054 3347 2325 3418 1Egyptiis
2381 3360 2675 3416 urgentur;
2729 3365 2831 3414 non
2889 3352 3064 3407 solum
3124 3366 3263 3422 post,
3322 3359 3416 3412 sed
3466 3357 3629 3414 etiam

2058 3451 2185 3495 ante
2227 3440 2665 3508 imploratloneni
2722 3442 2958 3512 (animos
2991 3445 3132 3499 enim
3164 3451 3398 3514 scrutor)
3432 3449 3631 3506 daemo-

2057 3548 2181 3586 num
2214 3533 2525 3588 violentiam
2562 3533 2706 3589 novi.
2743 3552 2762 3586 ι
2805 3535 2910 3591 Sed
2955 3537 3102 3600 veni,
3149 3548 3204 3592 et
3238 3540 3444 3595 mittam
3483 3554 3537 3598 te
3569 3545 3631 3597 ad

2057 3620 2418 3678 Pharaonem.
2465 3642 2483 3674 ι
2525 3625 2639 3678 Hoc
2687 3623 2865 3681 Patris
2908 3627 3296 3697 benignitatem
3345 3645 3631 3688 monstrat.

2061 3736 2081 3768 ι
2115 3715 2185 3772 Ut
2209 3718 2688 3794 educas'pqpulum
2725 3734 2927 3782 meum,
2980 3719 3118 3775 Iilios
3145 3718 3310 3776 Israel
3352 3722 3420 3778 ’⁸.
3466 3741 3487 3776 ι
3528 3723 3636 3780 Illic

2056 3808 2372 3877 Israelitas;
2433 3812 2518 3865 hic
2567 3825 2782 3865 onmem
2836 3813 3112 3869 hominum
3162 3824 3363 3869 coetum
3399 3832 3466 3872 ex
3508 3818 3636 3884 Orci

2057 3902 2309 3957 vinculis.
2373 3900 2502 3956 Nam
2550 3902 2724 3958 Orcus
2776 3903 3002 3962 insonte
3051 3922 3115 3963 ac
3159 3907 3373 3964 vivifico
3411 3923 3639 3980 corpore

2057 4007 2293 4069 gustato,
2320 3997 2478 4053 etiam
2508 4000 2810 4069 quosjuste
2850 4002 3096 4070 captivos
3130 4001 3380 4067 habebat,
3409 4005 3635 4061 dimisit.

2064 4107 2084 4142 ι
2139 4091 2391 4160 Dixitque
2448 4091 2627 4146 Moses
2685 4091 2749 4145 ad
2808 4092 3026 4148 Deum:
3067 4094 3197 4161 Quis
3232 4112 3354 4151 sum
3399 4114 3526 4164 ego,
3582 4111 3636 4154 ut

2059 4183 2250 4237 vadam
2289 4186 2354 4238 ad
2401 4183 2758 4251 Pharaonem,
2814 4197 2870 4241 et
2901 4189 3130 4243 educam
3185 4190 3325 4246 ﬁlios
3367 4190 3532 4248 Israel
3576 4196 3637 4249 de

2058 4275 2292 4346 Egypto
2345 4277 2428 4330 7’?
2493 4296 2512 4328 ›
2546 4275 2658 4332 Hoc
2712 4282 2856 4333 velut
2910 4295 2977 4334 ex
3022 4297 3245 4348 persona
3294 4285 3540 4353 corporis
3575 4285 3635 4338 ad

2063 4371 2403 4425 divinitatem
2451 4388 2571 4425 cum
2627 4387 2690 4426 eo
2733 4375 3034 4443 Copulatam
3085 4377 3340 4444 propheta
3374 4378 3536 4433 dixit.
3578 4376 3636 4431 Et

385 4464 635 4520 Gabriele
666 4463 942 4535 Virginem
987 4463 1239 4527 allocuto,
1284 4463 1336 4516 in
1371 4477 1488 4516 eam
1523 4464 1661 4518 Deus
1696 4462 1966 4530 immigra-
1995 4469 2039 4524 ι)
2071 4465 2197 4521 ille:
2232 4484 2250 4518 ι
2283 4467 2347 4518 At
2378 4475 2549 4518 tecum
2576 4481 2678 4534 ego
2715 4466 3066 4531 descendam,
3103 4483 3429 4536 rursumque
3458 4485 3638 4524 ascen-

389 4560 487 4611 vit.
528 4576 547 4609 ι
586 4557 782 4624 Moses,
822 4556 994 4612 Moses
1035 4558 1112 4622 ";
1140 4575 1156 4606 1
1203 4572 1393 4609 nomen
1438 4556 1748 4623 ingeminat,
1787 4565 1842 4610 ut
1877 4565 1957 4610 at-

395 4652 614 4716 lentius,
648 4667 768 4719 qua:
813 4652 1145 4715 dicerentur,
1197 4649 1427 4702 audiret.
1459 4649 1594 4715 Quid
1639 4644 1754 4702 est?
1791 4650 1958 4718 inquit

389 4745 495 4798 ille.
539 4762 558 4793 ι
612 4744 685 4796 Ne
730 4744 1035 4812 appropies,
1085 4743 1254 4809 inquit
1303 4741 1580 4804 Dominus,
1618 4741 1765 4794 huc:
1811 4741 1958 4794 solve

392 4835 815 4888 calceamentuni
849 4835 913 4886 de
942 4832 1166 4900 pedibus
1195 4831 1316 4885 tuis.
1359 4849 1376 4882 ι
1412 4828 1576 4885 Nemo
1617 4831 1842 4900 impuris
1867 4845 1960 4900 pc-

391 4928 548 4980 dihus
577 4929 640 4978 ad
683 4927 1074 4980 decurrentium
1103 4927 1249 4992 pacis
1276 4925 1615 4994 EVilllgtfiiliIIl
1646 4926 1958 4988 COiitctidat,

396 5032 485 5075 aut
516 5020 713 5074 calceis
741 5020 977 5083 indutus,
1006 5021 1392 5088 exsanguibus,
1422 5022 1661 5088 inquam,
1695 5020 1960 5089 pellibus;

398 5128 491 5183 per
517 5127 654 5182 quas
690 5111 989 5178 concitatae,
1027 5123 1187 5176 atque
1217 5113 1444 5176 vitiosae,
1482 5123 1532 5166 et
1557 5113 1733 5176 limite,
1771 5113 1961 5165 mortis

393 5217 661 5271 auctores,
717 5206 1074 5277 cogitationes
1108 5216 1387 5272 notantur,
1432 5205 1665 5274 Virginis
1703 5220 1961 5259 arcanum

395 5297 699 5369 investiget.
748 5317 766 5349 ι
812 5298 986 5352 Locus
1019 5301 1163 5354 enim
1209 5300 1258 5353 in
1289 5315 1397 5369 quo
1428 5312 1560 5365 stas,
1599 5309 1739 5353 terra
1773 5307 1962 5352 sancta

391 5404 478 5447 est
505 5392 569 5448 “.
612 5413 630 5446 ι
667 5393 797 5448 Nam
831 5404 1212 5464 prazsacratuin
1249 5409 1424 5448 meum
1467 5395 1669 5465 regium
1711 5394 1962 5464 palatium

463 5558 512 5588 ⁸³
551 5555 717 5611 Exod.
760 5573 822 5622 ιι,
859 5558 946 5614 25.
1012 5560 1056 5590 ⁵⁸
1091 5558 1231 5613 Psal.
1269 5576 1410 5626 cxu,
1452 5560 1504 5614 8.

395 5643 458 5692 It,
491 5629 581 5683 24.
660 5629 699 5660 ⁶¹
748 5633 875 5682 ibid.
953 5631 996 5660 ⁵⁸
1029 5630 1210 5684 .Etod.
1254 5647 1334 5696 111,
1377 5632 1425 5686 1.

396 5701 453 5756 7.
525 5703 569 5733 “
611 5703 736 5758 ibid.
777 5700 830 5756 8.
905 5701 949 5732 '°
992 5701 1124 5757 ibid.
1165 5704 1217 5757 9.

1503 5632 1545 5663 ⁸³
1585 5632 1711 5687 ibid.
1754 5632 1807 5686 ’2.

1292 5703 1335 5734 “
1379 5703 1508 5759 ibid.
1552 5704 1635 5757 I0.

1591 5561 1633 5592 ⁵⁷
1675 5559 1814 5617 Psal.
1853 5575 2037 5624 Lxxix,
2077 5559 2131 5613 4.
2193 5559 2240 5591 ⁸³
2281 5559 2421 5613 I’sal.
2465 5576 2596 5628 νιιι,
2638 5564 2726 5619 ‘20.
2788 5566 2867 5594 ‘"
2908 5563 3049 5617 Psal.
3090 5577 3215 5619 cxx.
3260 5562 3309 5617 I.

1591 5632 1711 5685 ibid.
1754 5632 1807 5685 2.
1887 5632 1933 5662 ⁸⁸
1976 5633 2102 5685 ibid.
2147 5631 2198 5685 3.
2275 5629 2318 5661 “
2360 5631 2488 5685 ibid.
2527 5632 2580 5685 4.
2657 5636 2698 5665 ⁸⁵⁸
2742 5636 2870 5685 ibid.
2914 5634 2967 5685 5.
3037 5634 3078 5664 '7
3120 5634 3248 5685 ibid.
3291 5635 3309 5685 ι

1713 5703 1759 5735 ⁷⁸
1813 5703 1941 5758 ibid.
1989 5702 2074 5758 II.

2065 4560 2184 4614 dant
2211 4559 2276 4612 ⁷³.
2325 4579 2341 4608 1
2375 4559 2485 4613 lloc
2506 4560 2740 4613 ViciSsim
2769 4561 2969 4614 dictum
2999 4577 3026 4614 a
3061 4561 3169 4615 Deo
3198 4563 3262 4616 ad
3294 4577 3498 4632 corpus
3518 4579 3632 4619 cum

2063 4652 2344 4708 divinitate
2393 4655 2698 4719 copulatum
2763 4654 3011 4724 accipite.
3042 4651 3176 4708 Nam
3221 4662 3273 4707 et
3307 4654 3375 4708 ad
3440 4654 3636 4709 inferos

2067 4745 2208 4799 Deus
2257 4761 2377 4800 cum
2427 4745 2605 4799 anima
2642 4747 2940 4810 descendit,
2980 4756 3033 4802 et
3073 4749 3211 4817 quod
3257 4748 3396 4802 Deus
3433 4763 3637 4802 assum-

2065 4849 2270 4910 pserat,
2318 4857 2439 4894 cum
2471 4855 2535 4894 eo
2571 4857 2672 4894 non
2724 4840 2897 4896 solum
2927 4856 2992 4896 ex
3034 4839 3171 4896 Orco
3204 4843 3253 4896 in
3284 4853 3508 4908 terram,
3548 4842 3633 4897 sed

2069 4951 2136 4988 ex
2181 4946 2322 4991 terra
2375 4950 2586 5004 quoque
2648 4936 2698 4989 iii
2754 4936 2972 5000 cadum,
3019 4935 3270 4990 omnibus
3322 4935 3632 4992 emiestibus

2070 5028 2238 5096 copiis
2272 5027 2526 5095 stipatum
2555 5027 2819 5081 ascendit.
2848 5029 2926 5079 Ac
2953 5043 3020 5081 nc
3049 5028 3428 5095 disputationis
3455 5032 3632 5087 suavi-

2071 5129 2233 5175 tatem
2263 5122 2548 5174 verborum
2590 5119 2909 5175 assiduitate
2943 5121 3207 5190 ingratam
3245 5135 3632 5189 comparemus,

2070 5229 2187 5285 age,
2226 5215 2504 5269 historiam
2532 5226 2745 5267 onmem
2768 5212 2934 5268 Mosis
2955 5216 3290 5284 compendio,
3311 5224 3364 5270 et
3392 5227 3630 5286 tanquam

2070 5308 2238 5376 digito
2271 5316 2538 5360 notemus.

2146 5399 2315 5467 Igitur
2363 5399 2538 5454 Moses
2584 5400 2638 5454 in
2675 5399 2964 5473 .IEgypttim
3008 5399 3295 5469 degressus
3328 5411 3440 5465 est;
3472 5397 3632 5454 dulcis

3391 5561 3434 5594 ⁸⁸
3473 5559 3628 5615 Exod.

2275 5629 2318 5661 “
2360 5631 2488 5686 ibid.
2527 5632 2580 5686 4.
2657 5636 2698 5665 ⁸⁵⁵
2742 5636 2870 5688 ibid.
2914 5634 2967 5688 5.
3037 5634 3078 5664 '7
3120 5634 3248 5688 ibid.
3291 5632 3345 5688 6.
3425 5634 3470 5664 ⁵⁸
3511 5634 3625 5688 ibid.

2151 5702 2196 5734 ⁷⁸
2236 5702 2366 5757 ibid.
2411 5703 2496 5759 I2.

2657 5636 2698 5665 ⁸⁵⁸
2742 5636 2870 5690 ibid.
2914 5634 2967 5688 5.
3037 5634 3078 5664 '7
3120 5634 3248 5688 ibid.
3291 5632 3345 5688 6.
