4004 6206
250 263 356 328 B37

1377 253 1761 320 DIALOGUS
1796 255 2101 316 CONTRA
2144 257 2476 319 JUDEOS.

3420 260 3522 326 838

255 381 428 439 Iesus
464 381 530 437 ad
587 381 811 439 inferos.
870 377 962 436 llle
1016 379 1071 435 in
1107 377 1447 435 Pharaonem
1506 375 1832 441 insurrexit;
1864 373 2293 444 Aeogitzitiones
2349 379 2636 441 inhzereut,
2693 379 2744 432 in
2798 380 2861 434 iis
2898 378 3060 434 etiam
3111 393 3302 434 earum
3360 379 3524 436 [tutor

255 475 504 530 divinum
565 473 878 530 Servatoris
935 471 1037 526 mei
1095 486 1309 539 corpus-
1345 472 1548 527 inferos
1601 468 1848 540 diripuit.

254 567 531 622 Cmterum
573 566 739 638 quod,
780 565 957 620 Moses
1010 580 1136 619 cum
1185 567 1400 621 Aarone
1445 580 1549 621 suo
1580 565 1746 620 fratre
1783 563 1849 617 ad

253 659 605 715 Pharaonem
651 659 805 722 abiit,
847 658 1222 712 haereticorum
1267 658 1595 729 impieuttem
1633 656 1848 722 evertit,

255 751 651 807 amrmantium
694 749 840 820 (22),
887 751 938 801 in
988 750 1185 804 Christi
1229 753 1335 805 mei
1371 764 1618 820 corpore,
1659 750 1854 803 animas

253 842 438 896 vicem
473 841 718 897 sutlicere
757 840 1098 896 divinitatem
1127 859 1140 908 ;
1174 852 1335 911 atque
1369 840 1440 896 ita
1483 841 1621 896 male
1651 843 1853 896 docen-

258 933 424 992 tium,
462 949 566 986 non
610 931 776 986 fuisse
817 932 1120 1000 perfectum
1158 932 1458 988 hominem.
1487 934 1619 987 Nam
1655 944 1714 989 ut
1745 934 1854 989 illic

257 1039 366 1093 per
398 1024 581 1077 Mosen
631 1033 684 1078 et
713 1024 984 1079 Aaronem
1025 1041 1143 1080 cum
1189 1025 1478 1081 Pharaone
1512 1027 1727 1083 loeutus
1773 1038 1856 1082 est

257 1113 442 1180 Deus;
477 1116 550 1170 ita
576 1124 631 1170 et
677 1114 937 1171 Servator
976 1131 1127 1172 meus
1172 1116 1527 1184 atque‘Deus,
1555 1119 1734 1174 anima
1769 1121 1857 1173 in-

257 1205 565 1277 telligente.
617 1207 760 1262 velut
805 1196 1111 1276 sequestra,
1159 1208 1301 1262 inter
1351 1193 1604 1264 deitatem
1650 1219 1702 1264 et
1736 1223 1857 1264 cor-

259 1300 423 1368 poris
479 1297 786 1352 crassitiem
831 1298 1177 1367 interposita,
1229 1298 1323 1353 Dei
1362 1306 1418 1352 et
1457 1299 1733 1353 hominum
1775 1312 1858 1353 se-

260 1403 491 1460 quester
530 1388 704 1444 factus
748 1401 852 1450 est.
902 1390 1014 1445 lllic
1059 1390 1234 1446 Moses
1269 1391 1548 1462 etAaron
1588 1383 1856 1449 Pharaoni

261 1498 400 1539 sese
445 1499 473 1536 a
519 1481 1130 1539 Duminollebraeorum
1182 1484 1288 1540 Deo
1343 1484 1542 1539 missos
1588 1485 1852 1551 dicentes,

262 1574 412 1630 illud
432 1575 585 1628 abeo
617 1576 844 1628 audiunt
875 1591 889 1628 :
920 1593 939 1626 ‹
973 1575 1108 1641 Quis
1130 1585 1214 1629 est
1241 1574 1520 1641 Dominus,
1554 1585 1611 1628 ut
1643 1578 1856 1630 audiam

259 1683 438 1724 voces
462 1666 577 1734 ejus
606 1667 687 1721 "1'
720 1685 739 1720 ι
774 1667 964 1722 itidem
997 1676 1052 1722 et
1079 1668 1130 1722 in
1163 1665 1323 1731 Orco,
1356 1668 1663 1724 cmicstibus
1690 1669 1858 1739 cepils

260 1757 642 1815 clamantibus
671 1777 686 1812 :
723 1777 743 1811 ι
800 1759 1041 1814 Attollite
1062 1768 1268 1828 portas,
1304 1760 1598 1831 principes,
1631 1772 1857 1828 vestras,

257 1861 329 1906 et
371 1851 676 1917 elevamini,
707 1861 876 1920 portae
903 1851 1213 1916 aeternales,
1241 1863 1295 1907 et
1325 1853 1567 1908 introibit
1593 1855 1707 1911 Rex
1746 1856 1862 1927 ειυς

260 1943 414 2008 ria;
462 1961 481 1996 ι
535 1944 895 2012 intelligibilis
931 1943 1138 1998 Pharao
1173 1946 1505 2013 respondet:
1542 1966 1559 1999 ι
1597 1946 1730 2014 Quis
1777 1939 1862 2005 cit

261 2033 386 2093 iste
408 2053 499 2093 rex
524 2039 709 2110 glorise
732 2040 776 2073 ⁷³
792 2040 818 2094 2
844 2058 863 2091 ι
897 2041 1072 2109 Atque
1097 2039 1181 2094 hic
1207 2040 1282 2110 (in
1305 2039 1526 2098 Christo
1545 2052 1598 2097 et
1625 2043 1859 2118 diabolo)

261 2130 537 2202 quiddam
577 2132 832 2201 amplius,
866 2146 1030 2203 quam
1069 2131 1121 2187 iu
1171 2132 1323 2188 Mose
1363 2144 1526 2204 atque
1576 2133 1862 2193 Pharaone

260 2225 628 2295 cogitandum
670 2218 779 2281 est.
830 2224 945 2282 Illic
997 2229 1144 2284 enim
1191 2229 1366 2286 Moses
1406 2231 1586 2288 'semel
1635 2235 1861 2304 patratis

265 2315 473 2371 decem
528 2317 850 2383 miraculis,
909 2320 1078 2374 semel
1143 2322 1452 2376 scnsihilem
1521 2320 1860 2379 Pharaonem

268 2410 442 2478 aquis
505 2411 726 2477 obruit;
762 2421 815 2466 at
858 2427 1010 2468 meus
1053 2413 1314 2468 Servatur
1363 2425 1526 2486 atque
1573 2416 1714 2472 Deus
1751 2433 1857 2474 non

268 2506 400 2576 ipse
449 2503 627 2562 solum
681 2507 748 2562 de
797 2507 1126 2577 intelligibili
1186 2507 1470 2564 Pharaone
1526 2511 1858 2584 triumphum

272 2599 431 2668 egit;
467 2602 561 2654 sed
591 2601 756 2656 etiam
791 2600 844 2656 in
878 2617 936 2657 se
965 2602 1326 2658 credentibus
1351 2612 1542 2658 contra
1573 2620 1695 2661 emn
1727 2620 1861 2676 quo-

273 2693 416 2748 tidie
461 2693 606 2750 vires
650 2694 901 2763 largitur,
938 2694 990 2751 id
1037 2697 1179 2766 quod
1229 2699 1524 2753 notandum
1576 2698 1861 2770 diligenter

270 2794 390 2842 est.
422 2782 557 2841 Nam
589 2795 648 2841 ut
691 2787 800 2841 illic
846 2787 992 2844 Mose
1026 2799 1076 2842 et
1107 2790 1319 2844 Aarone
1338 2786 1616 2846 Pharaoni
1651 2793 1859 2847 instan-

271 2880 447 2945 tibus,
497 2879 794 2935 dimitteret
833 2881 1090 2950 populum
1145 2863 1307 2937 tridui
1355 2885 1478 2948 iter,
1527 2883 1751 2939 colendo
1790 2883 1860 2940 ab

270 2973 353 3028 iis
391 2972 638 3040 Domino,
661 2988 850 3028 eorum
885 2972 1030 3041 Deo;
1082 2973 1172 3030 ille
1203 2988 1382 3044 neque
1422 2991 1517 3032 eos
1554 2978 1776 3046 dimisit,
1806 2987 1861 3033 et

1953 482 2251 538 permanet,
2288 484 2506 526 auctore
2539 472 2736 527 Dat-ide
2773 490 2785 527 :
2837 491 2853 524 ι
2913 472 3263 537 Putruerunt,
3313 481 3366 526 et
3407 488 3527 528 cor-

1953 571 2124 630 ruptae
2180 571 2307 615 sunt
2366 562 2651 618 cicatrices
2699 580 2851 640 mea},
2916 582 2943 618 a
3011 565 3149 619 facie
3200 566 3524 636 insipientia:

1954 667 2086 707 meae
2129 652 2197 709 ”.
2256 675 2274 709 ι
2315 655 2408 710 Sin
2458 657 2522 710 ad
2571 657 2806 712 divinam
2860 659 3086 727 gratiam
3137 674 3288 713 mens
3338 663 3525 714 cadent

1955 759 2149 815 pravas
2173 748 2533 818 cogitationes
2565 749 2630 802 ab
2659 764 2714 803 se
2738 751 2982 818 repellat,
3019 751 3083 804 ad
3133 751 3522 818 intelligibilem

1961 836 2299 893 Pharaonem
2338 837 2500 894 laetor
2547 838 2769 908 pestifer
2813 842 3093 906 redundat,
3134 851 3270 895 teste
3316 857 3526 896 rursum

1957 931 2143 986 eodem
2200 931 2523 999 Deiparente
2572 949 2586 986 :
2649 952 2666 984 r
2713 931 2767 984 lu
2823 934 3084 985 matutino
3142 933 3528 988 interiiricbmn

1957 1040 2143 1079 omnes
2175 1036 2487 1096 peceatores
2522 1036 2678 1080 terra:
2715 1026 2781 1080 ⁸⁸.
2829 1044 2845 1077 ι
2890 1025 2990 1081 Ubi
3025 1027 3340 1081 matutinum
3377 1027 3529 1091 dicit,

1959 1119 2087 1174 solis
2118 1120 2478 1188 splendorem,
2513 1123 2600 1189 qui
2635 1131 2866 1176 mentem
2911 1121 3177 1186 illustret;
3219 1119 3532 1190 peccatores

1961 1222 2136 1265 autem
2189 1221 2367 1276 terra),
2418 1213 2714 1275 (iaetnones,
2765 1228 3060 1282 eorumque
3095 1213 3531 1282 antesignanum

1961 1298 2324 1357 Pharaonem.
2375 1301 2479 1358 Sed
2533 1304 2797 1359 mendacii
2846 1314 3024 1359 satore
3072 1306 3242 1374 magis
3272 1307 3433 1360 etiam
3463 1308 3530 1360 ad

1959 1395 2100 1448 hanc
2148 1394 2353 1448 cladem
2403 1394 2641 1460 irritato,
2680 1395 3028 1449 Christianus
3071 1387 3125 1449 in
3157 1410 3280 1449 eum
3314 1396 3532 1450 tertium

1959 1484 2180 1540 adhibet
2228 1493 2596 1553 tormentum;
2647 1502 2768 1539 nam
2819 1497 2874 1539 ut
2915 1486 3024 1541 illic
3067 1502 3095 1540 a
3140 1485 3286 1542 Mose
3318 1486 3536 1554 vapulat

1958 1580 2242 1650 pediculis,
2279 1578 2350 1634 ita
2385 1580 2471 1635 hic
2524 1595 2554 1633 a
2613 1579 2698 1647 pio
2730 1579 2942 1649 vapulat
2981 1579 3231 1650 precibus
3277 1575 3538 1638 scelestus

1961 1673 2135 1729 ille'et
2176 1673 2546 1730 exsecrandus
2579 1670 2812 1735 Pharao,
2847 1681 2901 1727 et
2926 1673 3376 1743 quemadmodum
3427 1673 3537 1730 illic

1965 1776 2119 1823 terra
2138 1778 2194 1822 et
2213 1780 2306 1822 aer
2332 1764 2595 1835 pediculis
2621 1765 2841 1833 referta,
2874 1758 3122 1835 magnam
3144 1765 3358 1838 Egypti
3386 1767 3536 1821 duci-

1961 1860 2060 1916 bus
2107 1860 2320 1915 cladem
2364 1859 2658 1915 attulerunt
2697 1859 2776 1928 ⁶¹;
2824 1858 2896 1913 ita
2930 1873 3052 1913 cum
3101 1860 3276 1913 omnia
3326 1861 3535 1927 piorum

1964 1956 2240 2013 hominum
2273 1955 2525 2024 precibus
2559 1953 2856 2023 replentur,
2883 1955 2951 2007 ab
2997 1953 3079 2007 his
3125 1960 3206 2006 ter
3245 1951 3537 2006 scnleratus

1964 2050 2054 2105 ille
2091 2065 2213 2104 cum
2260 2047 2558 2102 inferorum
2613 2045 2880 2110 ducibus,
2942 2044 3153 2099 medius
3199 2045 3438 2114 cingitur
3485 2054 3536 2101 et

1964 2149 2266 2209 torquetur.
2319 2132 2592 2209 Siquidem
2650 2151 2772 2192 cum
2825 2135 2936 2190 sint
2987 2136 3067 2190 hae
3120 2149 3304 2205 preces
3348 2131 3536 2208 agiles,

1961 2232 2286 2306 quibusdam
2322 2230 2476 2302 quasi
2505 2230 2605 2284 alis
2627 2230 2806 2285 omnia
2831 2238 3147 2299 pererrant.
3430 2237 3436 2242 ’

2034 2327 2113 2382 Ac
2160 2341 2226 2382 ne
2246 2325 2340 2379 his
2373 2325 2587 2394 quidem
2626 2323 2849 2388 mollito,
2875 2321 2930 2376 in
2977 2336 3101 2376 eum
3129 2321 3249 2391 pius
3276 2320 3530 2392 tauquam

1961 2419 2302 2492 cynomyiam
2340 2425 2512 2472 armat
2574 2416 2666 2471 Dei
2691 2415 3036 2470 charitatem.
3077 2408 3288 2469 Verum
3318 2423 3538 2483 praestat

1946 2511 2269 2571 'sensibilem
2299 2509 2450 2580 prius
2479 2506 2684 2564 cladem
2721 2504 2969 2575 exsequi,
3005 2514 3058 2557 ut
3089 2520 3152 2559 ex
3173 2505 3415 2576 imagine
3440 2509 3538 2561 ve-

1960 2609 2178 2665 ritatem
2208 2604 2528 2674 explicatam
2557 2611 2859 2658 statuamus
2881 2599 2945 2653 ⁸¹.
2986 2597 3053 2654 Ut
3097 2601 3384 2673 'cynomyia
3433 2601 3538 2655 ali-

1961 2708 2073 2756 tum
2110 2697 2330 2754 minima
2383 2706 2486 2761 cst,
2519 2695 2614 2750 sed
2650 2709 2769 2763 quae
2787 2693 2907 2748 cani
2946 2691 3296 2748 intolerabile
3327 2690 3540 2762 pondus

1960 2792 2185 2858 aderat;
2227 2805 2346 2843 nam
2377 2783 2751 2859 illapsa’plane
2781 2785 3077 2855 inquietum
3101 2775 3307 2840 ‘animal
3338 2785 3541 2852 reddit,

1961 2901 2061 2942 nec
2095 2884 2362 2940 volentem
2395 2895 2617 2935 currere
2642 2877 2804 2951 cogit,
2844 2892 2906 2933 ac
2935 2878 3078 2932 serio
3112 2877 3410 2933 mandenda
3439 2890 3541 2934 sua

1964 2980 2135 3051 ipsius
2168 2978 2336 3035 cauda
2369 2991 2427 3031 sc
2470 2974 2764 3038 inﬂectere,
2799 2969 3070 3027 interdum
3119 2984 3249 3024 vero
3289 2970 3455 3024 etiam
3481 2968 3537 3023 in

203 3065 208 3067 ’
272 3059 468 3134 paleas
494 3077 710 3132 quoque
741 3063 1013 3118 subtraxit
1045 3063 1111 3119 ".
1164 3062 1255 3120 Sic
1278 3081 1400 3121 cum
1437 3068 1617 3136 homo,
1645 3068 1735 3140 qui
1775 3078 1858 3125 est
1884 3073 1930 3135 (ξ.
1958 3080 2167 3129 terram
2214 3070 2499 3126 deciduum
2526 3065 2756 3138 gramini
2803 3064 3020 3119 assidue
3048 3059 3539 3126 adrieare,~muscze

275 3157 640 3212 constitutum
682 3156 957 3226 quoddam
1001 3173 1066 3212 ex
1107 3158 1288 3214 animo
1317 3169 1371 3216 et
1399 3177 1624 3232 corpore
1657 3172 1861 3235 tempe-

279 3259 624 3316 ramentum,
681 3249 1004 3320 intelligibili
1052 3248 1322 3307 Pharaoni
1371 3253 1629 3322 instabat,
1665 3257 1866 3313 sineret

275 3361 346 3402 se
375 3344 625 3400 concordi
650 3343 831 3397 studio
860 3342 997 3396 citra
1026 3341 1292 3398 offensam
1325 3353 1380 3401 et
1409 3349 1624 3414 putidas
1652 3349 1860 3417 cegita-

280 3440 461 3494 tiones
515 3436 615 3494 SS.
670 3436 934 3491 Deitatem
987 3437 1268 3504 venerari;
1321 3438 1736 3496 scclestissimus
1777 3442 1865 3498 ille

276 3535 423 3588 adeo
483 3546 587 3585 non
649 3539 733 3584 est
792 3544 983 3600 passus
1037 3530 1309 3586 hominem
1360 3532 1424 3587 ad
1478 3535 1864 3602 perfectionem

277 3626 535 3690 evadere,
570 3634 626 3679 ut
665 3623 746 3677 vel
778 3624 967 3692 exigua
999 3622 1160 3676 etiam
1192 3624 1390 3678 virtute
1430 3623 1704 3691 affectum,
1743 3637 1864 3680 tan-

283 3734 449 3790 quam
505 3716 678 3785 palea,
732 3717 1081 3785 deepoliaret.
1133 3717 1319 3785 itaque
1364 3715 1561 3770 Christi
1623 3719 1865 3773 Studiose

284 3811 485 3878 cuique
528 3823 556 3861 a
602 3807 708 3861 Deo
738 3807 861 3862 data
905 3817 988 3862 est
1034 3807 1114 3860 vis
1145 3807 1333 3861 decem
1373 3807 1553 3862 clades
1599 3808 1861 3864 inferendi

283 3903 415 3960 huic
447 3900 720 3955 Pharaoni
751 3898 1093 3967 intelligihili.

363 3993 505 4061 Quas
557 3993 847 4048 observate
909 4005 1096 4060 porro,
1155 4000 1206 4045 et
1264 3990 1518 4060 utrinque
1583 4007 1862 4047 numerum

285 4090 437 4144 inite.
470 4085 938 4154 Quemadmodum
976 4083 1084 4138 illic
1123 4083 1410 4140 obfirmato
1439 4083 1721 4141 Pharaone
1751 4085 1868 4140 Μο-

281 4197 380 4240 .'es
417 4195 615 4250 aquam
647 4179 704 4233 in
749 4177 1069 4247 sanguinem
1122 4187 1434 4230 conversam
1492 4176 1557 4243 ",
1602 4176 1868 4247 Egyptiis

286 4273 508 4330 minime
554 4270 740 4325 utilem
789 4267 1058 4332 reddidit;
1094 4267 1164 4322 ita
1209 4267 1296 4321 hic
1338 4266 1538 4322 Christi
1586 4273 1872 4325 mandato-

287 4378 413 4419 rum
445 4360 726 4416 studiosus
753 4371 892 4428 aqua
926 4356 1124 4412 divina:
1158 4356 1377 4427 piscinae
1407 4367 1549 4414 totus
1588 4359 1866 4426 lustratus,

287 4454 524 4521 inferni,
594 4460 650 4506 et
716 4449 1068 4519 intelligibilis
1131 4448 1431 4505 Pharaonis
1488 4450 1653 4508 duces
1711 4464 1870 4522 atque

287 4549 592 4614 stipatores
616 4545 944 4615 impotentes
980 4542 1174 4607 reddit,
1218 4558 1288 4598 ne
1325 4541 1612 4614 voluptatis
1644 4546 1769 4598 vitia
1805 4562 1871 4599 ex

287 4639 481 4694 innato
519 4637 734 4705 corpori
790 4636 1054 4709 sanguine
1109 4635 1174 4692 ad
1215 4649 1276 4689 se
1317 4635 1583 4690 derivem.
1630 4635 1872 4707 Cumque

287 4731 405 4786 illic
432 4729 707 4786 sensibilis
732 4730 790 4784 in
815 4729 1118 4798 impietate,
1156 4728 1246 4782 hic
1276 4726 1636 4796 intelligihilis
1664 4729 1873 4784 Pharao

288 4825 350 4879 in
393 4823 600 4878 malitia
640 4823 976 4893 persisteret,
1014 4822 1091 4876 uti
1122 4833 1233 4877 tum
1283 4838 1376 4893 per
1411 4821 1616 4892 Mosen,
1655 4824 1873 4897 {Egypti

289 4917 472 4974 solum
509 4933 666 4972 ranas
697 4917 921 4988 protulit
957 4915 1041 4984 ";
1071 4917 1145 4972 ita
1190 4932 1332 4972 nunc
1355 4915 1554 4972 Christi
1600 4922 1878 4974 studiosus

291 5011 600 5069 concitatas
621 5019 673 5064 et
703 5009 898 5065 noxias
919 5009 1276 5078 cogitationes
1304 5024 1371 5065 ex
1401 5009 1582 5064 animo
1605 5011 1875 5077 amolitus,

293 5120 484 5160 carum
539 5103 733 5158 fmtore
776 5102 1168 5173 intelligibilem
1221 5101 1557 5156 Pharaonem
1615 5101 1879 5158 sull'ocare

294 5195 514 5253 nititur.
564 5191 771 5264 Quippe
824 5194 877 5249 in
933 5209 1166 5263 quorum
1222 5193 1502 5250 hominum
1553 5193 1752 5248 animis
1797 5195 1876 5248 hae

371 5419 418 5454 ”
455 5420 621 5475 Exod.
652 5435 708 5490 v,
744 5419 800 5473 2.
874 5418 918 5451 "'
958 5417 1101 5473 Psal.
1145 5435 1302 5484 χχιιι,
1346 5421 1399 5485 9,
1442 5419 1528 5475 lO.
1600 5421 1645 5453 ⁷⁸
1689 5419 1856 5490 Exod.
1884 5433 1949 5490 κν,
1980 5419 2035 5475 7.

680 5491 726 5523 ⁸⁸
768 5491 907 5546 Psal.
951 5505 1000 5556 c,
1041 5491 1093 5545 8.
1167 5492 1210 5523 ⁸¹
1254 5492 1423 5547 Exod.
1463 5507 1588 5560 rm,
1627 5490 1719 5546 ει.
1795 5488 1839 5523 ³²

1964 5493 2013 5546 d.
2056 5490 2142 5547 17.
2217 5491 2264 5525 ⁸³
2313 5489 2478 5547 Exod.
2519 5507 2603 5558 nt,
2645 5491 2695 5546 6.
2774 5488 2822 5522 “
2856 5492 3015 5548 Prov.
3058 5507 3134 5560 Vt,
3174 5487 3357 5545 50.52.

291 5506 512 5559 xxxvn,
552 5491 608 5547 ϐ.

369 5696 487 5764 (2‘3)
535 5696 671 5755 Vide
700 5697 954 5754 Nazianz.
989 5698 1413 5754 ad-Clcdonium.

1967 3175 2165 3220 castum
2206 3176 2270 3217 ac
2303 3160 2686 3217 commercium
2721 3151 2866 3210 nullo
2917 3156 3076 3211 modo
3110 3153 3368 3209 ferentem
3399 3170 3414 3208 :
3448 3151 3538 3206 iti—

1966 3256 2089 3312 dem
2148 3264 2203 3311 et
2246 3254 2367 3325 plus
2429 3252 2688 3308 adversus
2752 3246 3143 3316 intelligibilem
3199 3244 3540 3302 Pharaonem

1967 3347 2251 3406 charitatis
2310 3359 2459 3399 arma
2520 3341 2756 3414 expedit.
2787 3339 2935 3406 Quod
2990 3338 3037 3395 si
3095 3337 3295 3394 animal
3349 3336 3543 3408 reptile

1961 3455 2168 3499 musca:
2195 3437 2576 3494 commercium
2606 3438 2866 3489 detrectat
2891 3450 2906 3498 ;
2933 3441 3134 3501 quanto
3167 3430 3336 3500 magis
3360 3427 3542 3484 Chari-

1967 3536 2097 3591 tatis
2119 3533 2225 3588 vim
2247 3529 2358 3587 odii
2386 3527 2715 3584 architectus
2739 3523 3006 3581 diabolus!
3026 3523 3208 3593 Neque
3229 3524 3372 3578 enim
3395 3522 3542 3578 ferre

1968 3626 2190 3684 omnino
2239 3630 2436 3696 potest,
2461 3621 2552 3689 qui
2605 3627 2689 3675 est
2741 3618 2854 3688 ipsa
2907 3616 3064 3688 quasi
3114 3623 3304 3670 natura
3336 3613 3539 3678 invida,

1967 3719 2354 3785 hominumque
2385 3729 2532 3778 osor,
2564 3727 2662 3767 nos
2685 3711 2968 3765 interiores
3001 3723 3164 3778 supra
3193 3714 3400 3772 tenere,
3425 3706 3541 3775 ipse

1966 3829 1997 3868 e
2039 3808 2256 3866 sublimi
2289 3808 2491 3874 lapsus,
2523 3817 2574 3861 et
2602 3803 2838 3860 tenebrae
2869 3817 2967 3874 pro
3004 3802 3121 3856 luce
3150 3799 3392 3856 edoctus.
3431 3798 3540 3855 Sed

1970 3905 2034 3960 iis
2065 3901 2220 3957 malis
2246 3899 2504 3955 multatus
2538 3898 2672 3952 adeo
2708 3895 3024 3966 pudefactus
3059 3903 3175 3949 'non
3205 3895 3433 3971 quievit,
3482 3904 3543 3949 ut

1967 3992 2210 4062 asperior
2261 3991 2423 4046 etiam
2460 3991 2699 4044 redditus
2726 3987 2817 4044 sit.
2853 3987 3042 4058 Itaque
3088 3987 3197 4042 illic
3232 3985 3543 4054 quadrupe-

1971 4088 2095 4142 dum
2125 4096 2330 4154 strages
2359 4081 2582 4150 facta”;
2612 4080 2696 4136 hic
2715 4079 2919 4149 jejunio
2940 4078 3170 4134 belluina
3191 4085 3352 4148 atque
3385 4078 3542 4133 bruta

1971 4181 2136 4236 animi
2167 4181 2295 4235 vitia
2331 4189 2624 4249 prosuata.
2661 4177 2796 4233 Sunt
2830 4178 2980 4232 enim
3017 4175 3168 4240 vitia,
3191 4190 3310 4244 qua:
3334 4175 3542 4228 ratione

1969 4273 2202 4338 etﬁant,
2236 4281 2290 4328 et
2317 4276 2591 4337 curentur,
2643 4283 2971 4338 rursumque
3017 4281 3046 4320 a
3094 4268 3302 4321 ratione
3365 4266 3537 4319 aliena

1973 4375 2026 4421 et
2057 4364 2396 4430 incurahilia,
2431 4362 2884 4434 quemadmodum
2935 4351 3540 4428 Salomonis'sapientia

1976 4459 2214 4514 declarat
2240 4459 2295 4514 in
2328 4464 2440 4514 haec
2491 4457 2692 4512 verba:
2735 4472 2753 4506 ι
2790 4450 2876 4508 Fit
2909 4455 3053 4508 enim
3087 4463 3146 4507 ιιι
3177 4451 3542 4521 deprehensus

1977 4552 2064 4605 fur
2095 4551 2304 4605 furatus
2333 4563 2424 4614 sit,
2457 4557 2512 4602 ut
2537 4546 2858 4603 esurientem
2891 4545 3110 4614 impleat
3133 4545 3366 4598 animam
3406 4561 3420 4598 :
3450 4546 3539 4614 qui

1976 4653 2153 4698 autem
2191 4641 2400 4695 adulter
2451 4650 2552 4706 est,
2581 4647 2802 4708 propter
2833 4637 3016 4692 cordis
3065 4635 3323 4706 inopiam,
3354 4635 3558 4706 perdet,

1977 4739 2212 4791 animam
2245 4749 2398 4789 suam
2429 4733 2494 4787 ⁸⁸.
2539 4752 2558 4784 ι
2590 4737 2764 4802 Atque
2817 4731 2924 4785 illic
2966 4739 3022 4783 ut
3079 4741 3198 4800 post
3246 4730 3540 4800 cyuomyiae

1977 4825 2645 4896 cladem;quadrupedum
2693 4823 2934 4877 omnium
2994 4820 3290 4876 iuternecio
3330 4830 3414 4875 est
3452 4817 3538 4874 se-

1975 4932 2131 4988 cuta;
2169 4922 2236 4976 ita
2265 4929 2380 4989 post
2403 4918 2664 4990 jejunium
2701 4917 2805 4981 hic,
2841 4915 3194 4969 belluinormn
3231 4923 3393 4982 atque
3413 4913 3539 4966 bru-

1976 5021 2149 5065 torum
2178 5010 2426 5064 vitiorum
2476 5009 2758 5070 interitus;
2804 5021 2921 5076 quae
2947 5006 3161 5072 quidem
3207 5003 3355 5057 nullo
3402 5017 3538 5071 pra:-

1975 5103 2199 5160 sentiori
2251 5100 2507 5166 remedio,
2543 5114 2700 5168 quam
2723 5098 2931 5168 jejunio
2968 5112 3030 5152 ex
3067 5095 3248 5150 animo
3280 5094 3540 5149 extermi-

1976 5206 2194 5254 nantur.

2112 5417 2155 5450 "
2194 5420 2362 5475 Exod.
2406 5435 2501 5485 vn,
2547 5421 2630 5474 i7.
2706 5418 2751 5450 ⁷⁸
2793 5419 2958 5474 Exod.
3003 5434 3119 5484 vni,
3150 5416 3204 5472 5.
3314 5417 3361 5450 τ’
3397 5414 3540 5473 Psal.
