3788 6196
430 271 541 335 839

1629 263 2061 328 ANDRONICI
2097 262 2450 328 COMNENI

3582 265 3672 331 8&0

512 385 710 439 Verum
744 399 919 457 neque
945 385 1045 440 hoc
1073 384 1214 438 facto
1245 379 1505 437 scelestus
1524 375 1739 434 Pharao
1769 377 2020 447 resipuit.
2052 383 2099 443 Α
2129 395 2324 450 corpus
2354 395 2568 436 omnem
2607 389 2873 436 terrarum
2903 379 3088 437 orbem
3104 379 3170 435 ab
3204 378 3513 450 ignorantia:
3544 391 3673 436 tene-

431 481 613 548 Quare
669 479 779 534 illic
839 479 1058 548 quidem
1117 475 1342 544 pustulae
1406 473 1675 526 ferventes
1726 469 2030 540 (maleficos

431 568 807 639 iorquebant),
866 568 954 622 hic
992 563 1218 638 impium
1259 562 1552 618 intestinus
1583 559 1757 628 ignis;
1800 567 1853 612 ct
1879 556 2033 610 ﬂam-

441 677 581 714 mam
615 674 830 713 omnem
865 673 1125 724 superans
1155 655 1325 720 zelus,
1363 653 1414 706 iu
1445 651 1786 707 Pharaonem
1830 648 2032 702 intelli-

433 752 656 823 g‘biletu
690 748 988 817 insurgit"
1024 763 1039 813 ;
1077 745 1372 802 secundum
1428 742 1818 815 philosophum
1851 740 2035 795 dicen-

437 860 544 899 tem
589 842 701 912 (2:3)
733 859 748 897 :
787 840 925 895 iram
973 841 1022 894 in
1060 838 1231 892 solum
1289 846 1602 906 serpentem
1643 840 1879 899 ﬁexercc.
1912 832 2030 888 Iam

444 947 592 997 vero,
627 941 686 985 ut
727 929 836 985 illic
880 927 1123 984 sensibili
1152 929 1454 990 Pharaone,
1489 927 1754 996 promissa
1791 937 1908 992 qua:
1938 923 2032 977 de-

436 1026 631 1090 disset,
679 1023 915 1086 fallente,
972 1021 1177 1091 grando
1221 1032 1340 1073 cum
1398 1017 1508 1088 igni
1560 1016 1801 1080 exstitit;
1837 1014 1908 1068 ita
1946 1011 2035 1066 hic

443 1131 659 1185 quoque
716 1113 1058 1181 intelligibili,
1095 1111 1186 1180 qui
1234 1124 1263 1164 a
1307 1109 1394 1179 pio
1443 1092 1687 1178 deiectus
1737 1114 1902 1169 esset,
1955 1102 2034 1158 fu-

439 1219 620 1272 rente,
658 1205 822 1261 divini
872 1207 1009 1273 ignis
1064 1218 1328 1272 perennes
1361 1202 1412 1255 in
1464 1203 1642 1254 animo
1686 1198 1954 1266 sciutillze,
1981 1206 2035 1254 et

445 1299 580 1368 iugis
614 1297 786 1351 imber
821 1297 1180 1366 lacrymarum
1228 1310 1294 1348 ex
1338 1293 1510 1348 oculis
1543 1292 1720 1348 ﬂuens
1763 1306 1825 1345 ac
1851 1301 2035 1346 scatu-

448 1390 596 1442 riens
647 1388 878 1443 exstitit.
916 1386 1047 1439 Nam
1097 1385 1557 1455 quemadmodum
1589 1382 1870 1439 sensibiles
1903 1397 2033 1436 ocu-

443 1485 620 1537 lorum
669 1484 879 1553 pupilla:
909 1482 1163 1549 Culigattt,
1201 1479 1328 1537 fumi
1394 1479 1748 1534 acrimoniam
1807 1493 1915 1532 non
1955 1477 2034 1531 fe-

452 1585 657 1639 rentes,
697 1586 860 1646 atque
918 1575 1040 1629 ideo
1091 1577 1496 1641 lacrytnantur;
1541 1573 1612 1625 ita
1671 1569 2036 1638 intelligibiles

450 1668 655 1722 mentis
709 1667 874 1728 oculi,
911 1667 1117 1736 peccati
1173 1665 1469 1719 acrimonia
1520 1663 1721 1728 morsi,
1765 1663 2031 1717 internum

445 1757 864 1812 sollicitudinem
925 1768 1085 1826 atque
1172 1754 1604 1810 emendationem
1668 1753 2029 1824 lacrymarum

451 1848 668 1906 deﬂuxu
705 1861 988 1904 testantur.

526 1961 630 2017 Sed
665 1964 728 2018 iis
777 1963 940 2016 rebus
991 1975 1223 2032 utroque
1272 1960 1558 2016 obfirmato
1590 1970 1864 2027 manente,
1901 1973 2038 2030 opus

459 2069 580 2111 erat
609 2072 769 2124 porro
796 2057 858 2110 ad
909 2056 1116 2125 frugem
1167 2055 1288 2110 aliis
1339 2064 1601 2124 praeterea
1648 2055 1915 2119 cladibus,
1955 2063 2035 2118 ut,

454 2149 549 2217 qui
600 2148 877 2203 beneficiis
930 2145 1103 2201 affecti
1152 2162 1260 2201 non
1309 2161 1368 2201 se
1406 2155 1586 2212 gratos
1635 2144 2038 2214 praestitissent,

459 2240 584 2311 plus
633 2242 1061 2311 castigarentur;
1097 2249 1153 2294 et
1202 2240 1477 2309 castigati,
1510 2254 1577 2294 ex
1628 2239 1693 2294 iis
1747 2252 1867 2307 quae
1893 2246 2042 2308 pate-

459 2342 670 2396 rentur,
707 2333 951 2385 divinam
997 2333 1104 2386 vim
1153 2338 1528 2402 agnoscerent.
1578 2331 1746 2402 Igitur
1786 2345 1908 2386 cum
1940 2344 2041 2384 nec

459 2424 650 2480 afﬂicti
705 2434 1085 2494 agnoscerent,
1125 2424 1308 2478 addita
1358 2424 1578 2479 locustte
1627 2424 1908 2480 calamitas
1936 2434 2038 2489 est,

459 2533 579 2588 quae
609 2503 871 2587 quidquid
927 2525 1031 2571 tota
1067 2515 1297 2587 Aigypto
1334 2516 1506 2572 viride
1548 2526 1715 2582 esset,
1756 2530 2040 2572 consume-

459 2619 562 2665 ret.
595 2610 673 2662 Ac
715 2609 890 2663 Moses
923 2608 1142 2678 quidem
1202 2607 1465 2662 locustam
1509 2610 1709 2664 excivit
1731 2609 1800 2677 ⁸⁶;
1835 2618 1888 2664 at
1922 2612 2042 2681 pius

462 2699 698 2753 ineunda
727 2699 875 2752 oumi
913 2698 1038 2752 vita:
1064 2697 1299 2753 duritate
1335 2713 1550 2753 omnem
1595 2701 1835 2771 corporis
1868 2717 2042 2757 venu-

460 2800 655 2843 smtem
695 2790 914 2859 frangit.
960 2787 1095 2843 Nam
1144 2798 1200 2843 ut
1233 2789 1344 2844 illic
1398 2790 1644 2846 viriditas
1689 2792 1911 2848 locustis
1944 2809 2041 2864 pa-

463 2883 649 2938 bulum
684 2891 786 2948 est,
827 2883 901 2937 ita
933 2883 1023 2936 hic
1055 2882 1304 2952 corporis
1330 2892 1582 2938 venustas
1628 2885 1805 2942 brutis
1836 2886 2045 2943 aﬁ‘ectio

463 2975 586 3029 bus.
621 2976 794 3045 Atque
831 2974 1052 3029 interim
1093 2975 1366 3029 obstinato
1401 2991 1613 3031 rursum
1651 2976 1958 3046 Pharaone,
1990 2981 2042 3034 in

2134 475 2246 530 bris
2275 474 2339 527 ad
2369 471 2462 527 Dei
2498 472 2703 526 notitiae
2723 471 2902 526 lumen
2938 471 3138 527 erudit.
3167 474 3340 541 Atque
3381 471 3504 527 illuc
3530 488 3678 542 popu-

2135 565 2217 620 Ius
2250 563 2472 632 traiecto
2506 565 2639 617 mari
2675 562 2882 630 Rubro,
2919 563 3173 634 Egypto,
3206 564 3429 633 cit-sque
3476 565 3679 633 principi

2134 654 2402 710 Pharaoni
2430 655 2665 724 elapsus,
2709 655 2903 708 fastum
2935 656 3164 727 agitans,
3197 656 3512 723 promissam
3546 669 3684 722 porro

2137 759 2336 806 terram
2361 764 2457 819 pro
2491 749 2624 804 viris
2666 750 2919 805 invadere
2972 750 3204 818 sategit;
3237 748 3323 802 hic
3356 749 3579 803 mundus
3610 762 3688 816 per

2137 841 2472 896 Dominicum
2506 840 2824 908 sanguinem
2878 848 2931 893 et
2976 854 3170 910 aquam
3220 839 3340 893 diro
3372 853 3438 894 ac
3485 852 3688 906 sequace

2135 941 2381 1003 peccato,
2410 941 2464 985 et
2487 933 2791 996 Pharaone,
2820 933 3020 985 acerbo
3055 941 3216 1001 atque
3245 930 3501 985 invisibili
3537 941 3690 1000 tyran-

2136 1040 2228 1093 no,
2262 1039 2382 1079 cum
2411 1024 2622 1079 acerbis
2654 1023 3023 1088 exactoribus,
3056 1023 3340 1089 liberatus,
3373 1023 3563 1076 itinere
3591 1030 3690 1074 tau-

2135 1133 2297 1186 quam
2334 1117 2668 1187 postliminio
2693 1119 2761 1170 ad
2789 1117 3067 1170 caelestem
3094 1117 3354 1170 mundum
3387 1116 3690 1176 adornando,

2138 1206 2366 1262 Domino
2418 1208 2527 1262 Deo
2573 1215 2759 1263 nostro
2782 1207 2894 1279 (Ἦ)
2940 1207 3180 1262 liberalia
3226 1209 3360 1278 agit,
3393 1222 3502 1262 non
3546 1219 3690 1259 tamen

2139 1301 2501 1372 improbitatis
2553 1301 2878 1372 malitiaaque
2923 1301 3209 1369 fermento,
3268 1301 3364 1356 sed
3415 1301 3693 1357 sinceritate

2137 1409 2199 1447 ac
2233 1394 2485 1462 puritate,
2527 1393 2682 1464 quasi
2729 1395 3054 1465 quibusdam
3099 1395 3331 1463 panibus
3370 1395 3691 1450 infermenta-

2139 1487 2232 1548 tis,
2271 1484 2402 1539 nihil
2435 1484 2770 1556 IEgyptiacae
2794 1498 2954 1557 atque
2985 1486 3162 1558 impia:
3191 1501 3386 1542 massa:
3411 1472 3691 1557 exportant.

2138 1576 2275 1633 Tum
2309 1577 2520 1634 Pharao
2558 1581 2768 1651 insequi
2810 1597 2994 1646 ausus,
3030 1596 3151 1636 cum
3184 1583 3332 1636 omni
3359 1564 3594 1639 exercitu
3619 1586 3694 1636 de-

2139 1672 2278 1728 letus
2304 1659 2388 1728 est
2421 1690 2436 1728 :
2471 1673 2656 1727 itidem
2683 1684 2736 1727 et
2772 1672 3090 1742 intelligibili
3129 1672 3414 1728 Pharaone
3446 1673 3497 1728 in
3529 1673 3695 1729 Serra-

2141 1775 2314 1822 torem
2347 1781 2526 1822 meum
2557 1766 2840 1836 insurgere
2889 1782 3050 1831 auso,
3084 1766 3506 1837 intelligibilium
3530 1765 3696 1820 draco-

2139 1875 2268 1915 num
2301 1860 2477 1930 capita
2505 1875 2602 1929 per
2622 1875 2832 1915 sacram
2862 1862 3179 1918 tinctionem
3204 1861 3483 1916 canfracta
3517 1860 3696 1915 sunt".

2139 1950 2197 2008 Id
2226 1953 2369 2010 enim
2399 1962 2454 2009 et
2489 1970 2718 2026 magnus
2751 1955 2838 2010 ille
2870 1954 3068 2011 Paulus
3107 1956 3160 2012 in
3214 1957 3358 2011 hanc
3402 1956 3696 2011 sententiam

2140 2045 2454 2117 praedicat:
2496 2065 2515 2099 ι
2562 2046 2696 2102 Nolo
2744 2062 2838 2102 vos
2889 2047 3161 2117 ignorare,
3212 2048 3438 2112 fratres,
3479 2047 3695 2115 quoidam

2140 2147 2324 2207 patres
2375 2139 2547 2194 nostri
2601 2154 2794 2195 omnes
2831 2143 2934 2196 sub
2974 2142 3117 2196 nube
3161 2141 3404 2206 fuerunt,
3446 2153 3498 2198 et
3542 2157 3700 2197 omnes

2144 2245 2295 2285 mare
2327 2232 2683 2296 transierunt,
2712 2239 2767 2287 et
2797 2247 2987 2290 onmes
3015 2234 3072 2289 in
3109 2234 3256 2291 Mose
3297 2237 3553 2306 baptizati
3597 2243 3698 2292 sunt

2142 2319 2197 2374 in
2224 2321 2366 2376 nube
2399 2331 2458 2376 et
2487 2322 2539 2376 in
2567 2324 2703 2380 mari
2735 2325 2804 2378 η.
2836 2343 2856 2377 ι
2892 2323 3028 2380 Nam
3062 2337 3120 2380 ut
3158 2326 3340 2383 Moses
3381 2329 3620 2398 populum
3659 2328 3698 2379 in

2143 2412 2464 2482 promissam
2498 2421 2699 2469 terram
2740 2415 2996 2472 inducere
3026 2427 3111 2474 est
3157 2421 3487 2488 prohibitus,
3515 2429 3700 2491 propter

2149 2501 2265 2558 leve
2309 2503 2579 2574 quoddam
2627 2520 2873 2562 murmur
2922 2506 3095 2578 (num,
3133 2512 3360 2581 putatis,
3389 2512 3577 2582 inquit.
3602 2529 3618 2562 ‹
3651 2512 3700 2564 de

2145 2603 2297 2663 petra
2322 2595 2423 2651 hac
2448 2597 2602 2650 vobis
2632 2611 2827 2667 aquam
2851 2599 3150 2668 poterimus
3179 2600 3381 2657 elicere
3403 2603 3450 2635 "
3471 2603 3493 2656 ἲ
3517 2621 3533 2654 ι
3559 2601 3596 2674 ),
3626 2601 3698 2655 sed

2145 2701 2264 2740 eam
2295 2701 2391 2756 per
2424 2687 2653 2743 vicarios
2690 2689 2976 2760 explorare
3017 2699 3072 2746 et
3102 2707 3437 2762 cognoscere
3467 2692 3699 2756 voluit";

2147 2781 2229 2836 sic
2281 2782 2519 2837 Adamus
2557 2782 2652 2838 Dei
2705 2796 2977 2857 praecepto
3023 2803 3130 2844 non
3183 2789 3490 2858 subnixus,
3531 2789 3698 2858 ample-

2151 2875 2311 2928 tendo
2341 2873 2610 2945 serpentis
2630 2876 2878 2946 consilio,
2898 2879 3262 2935 immortalem
3293 2883 3458 2936 vitam
3484 2883 3698 2952 perdidit.

2149 2964 2319 3036 Igitur
2347 2966 2456 3022 illic
2505 2965 2689 3034 Iesus,
2742 2967 2892 3024 Nave
2931 2970 3096 3036 filius,
3126 2971 3400 3030 lsraelitas
3439 2975 3492 3029 in
3535 2984 3699 3030 terram

465 3065 759 3136 Egyptum
797 3066 920 3120 aliis
959 3080 1174 3136 quoque
1222 3065 1465 3121 cladibus
1504 3069 1744 3122 szevitum
1779 3080 1884 3135 est,
1918 3070 2038 3124 sub-

2155 3058 2471 3127 promissam
2508 3059 2720 3116 induxit
2767 3063 2984 3132 salvos;
3038 3063 3125 3118 hic
3162 3067 3348 3120 :eterni
3401 3076 3456 3124 et
3503 3066 3698 3122 exsertis

462 3159 733 3226 ductaque
762 3156 881 3211 luce
910 3157 1142 3211 tenebra:
1181 3157 1492 3212 tractabilcs
1519 3157 1751 3215 inductae
1772 3159 1842 3213 ⁸⁷.
1863 3160 1930 3213 At
1967 3159 2053 3216 hic

463 3250 608 3320 pius,
646 3249 732 3318 qui
767 3249 1065 3303 exteriores
1098 3249 1348 3304 tenebras
1386 3247 1725 3320 reformidat,
1756 3251 2054 3307 scelerum-

463 3357 570 3410 que
603 3341 972 3410 lippitudinem
1008 3355 1075 3395 ex
1106 3340 1305 3405 animo,
1339 3339 1432 3396 Dei
1461 3342 1668 3397 notitire
1697 3357 1834 3413 aqua
1856 3342 2050 3410 diluit;

470 3435 732 3506 principis
764 3436 1216 3504 sempiternaeque
1241 3434 1378 3489 lucis
1419 3435 1601 3490 radios
1631 3451 1796 3506 puros
1827 3437 2045 3505 accipit.

469 3531 579 3583 Sed
628 3527 694 3581 ad
744 3539 1056 3597 utrumque,
1103 3542 1228 3581 cum
1266 3529 1775 3598 tergiversarentur,
1806 3528 2050 3586 cladibus

467 3622 806 3683 tcrrendum,
827 3622 915 3675 illa
952 3621 1168 3675 tandem
1201 3620 1393 3676 ordine
1425 3624 1641 3692 quidem
1677 3634 1936 3690 extrema,
1959 3625 2054 3679 sed

468 3728 590 3782 qua:
616 3712 803 3766 dolore
833 3725 895 3765 ac
926 3710 1265 3765 vehementia
1293 3711 1452 3766 facile
1486 3715 1655 3782 prima
1681 3724 1844 3779 esset,
1871 3717 1927 3770 id
1949 3722 2050 3780 est,

473 3803 958 3875 primogenitorum
1009 3818 1158 3858 mors
1218 3805 1547 3860 succedit“.
1610 3799 1785 3874 Atque
1835 3817 1892 3860 ut
1941 3807 2053 3862 illic

470 3898 626 3966 plaga
659 3896 772 3949 haec
819 3904 1094 3963 postrema
1129 3896 1472 3951 Pharaonem
1508 3896 1704 3966 populo
1741 3899 2051 3954 missionem

422 4056 427 4060 η
471 3983 654 4040 facere
685 3985 881 4053 coegit,
903 3989 968 4039 ad
999 3985 1282 4040 colendum
1313 3987 1478 4040 Deum
1511 3987 1798 4055 procul,ac
1825 3991 2049 4045 seorsim

472 4095 502 4131 a
538 4077 878 4132 deastrorum
907 4079 1100 4140 sacris,
1123 4086 1178 4132 et
1197 4078 1585 4145 cadaveribus;
1623 4081 1695 4134 ita
1730 4081 1816 4135 hic
1838 4096 2052 4151 quoque

471 4180 740 4237 postrema
789 4167 1178 4239 intelligibilem
1226 4167 1567 4224 Pharaonem
1628 4172 1911 4240 compulit,
1957 4185 2052 4225 cx-

473 4259 673 4328 templo
703 4259 848 4328 pium
879 4259 1061 4313 sinere
1107 4255 1206 4313 SS.
1232 4259 1557 4316 Trinitatem
1591 4263 1867 4328 venerari,
1897 4261 2053 4333 longe

471 4349 990 4407 aconcitatisuoxiis
1015 4349 1436 4422 cogitationibus
1468 4354 1831 4408 remotunnEt
1859 4371 2051 4424 quemu

2155 3155 2404 3226 principii
2431 3155 2609 3214 Patris
2649 3157 2838 3225 Filius,
2871 3172 3024 3214 meus
3058 3155 3210 3213 amor
3233 3157 3423 3228 Jesus,
3464 3169 3700 3229 assumpto

2155 3245 2350 3300 Adami
2381 3256 2830 3319 temperamento,
2855 3251 2961 3306 sibi
2987 3250 3271 3306 credentes
3297 3253 3352 3306 in
3381 3253 3633 3308 cmlestem
3652 3266 3701 3305 ac

2154 3352 2447 3406 perennem
2522 3337 2951 3412 Hierosolymam
3009 3341 3277 3412 perduxit.
3340 3343 3556 3400 Vidistis
3598 3341 3699 3400 olim

2156 3426 2378 3498 figuras,
2414 3445 2558 3484 nunc
2584 3445 2698 3484 rem
2734 3447 2918 3486 veram
2953 3437 3178 3490 cernite.

2716 3524 2945 3581 CAPUT
2985 3526 3178 3583 XXIX.

2473 3613 2584 3672 Cur
2616 3618 2709 3672 Dei
2737 3618 2914 3675 Filius
2942 3622 3098 3676 homo
3130 3624 3304 3692 {actus
3341 3625 3434 3681 sit.

2223 3703 2348 3762 Jun.
2379 3705 2523 3764 Belle
2561 3718 2616 3764 et
2644 3721 3014 3770 consentanee
3055 3715 3150 3772 Dei
3201 3717 3342 3774 vatis
3378 3720 3585 3775 oracula
3630 3734 3702 3773 su-

2155 3801 2303 3857 blimi
2346 3818 2509 3860 sensu
2546 3810 2829 3878 aperuisti,
2873 3827 3106 3884 vereque
3145 3817 3397 3885 antiquas
3434 3820 3698 3872 futurontm

2157 3897 2378 3954 umbras
2410 3910 2466 3953 et
2497 3901 2695 3970 figuras
2730 3903 2982 3962 docuisti.
3033 3907 3140 3964 Sed
3171 3925 3291 3980 qua:
3317 3921 3402 3967 est
3431 3922 3598 3967 autem
3625 3926 3698 3964 ue-

2156 3989 2402 4056 cessitas,
2433 4007 2610 4060 quave
2643 3997 2817 4065 gratia
2858 3997 2954 4052 Dei
2986 3997 3182 4056 Filium
3235 4003 3505 4061 hominem
3534 4005 3699 4059 factum

2154 4079 2378 4136 dicitis?

2226 4175 2450 4233 Cuntsr.
2481 4178 2636 4246 Quod
2679 4180 2725 4236 si
2775 4183 3021 4250 omnino,
3055 4188 3413 4257 quamobrem
3446 4188 3576 4247 Deus
3609 4201 3699 4241 co:-

2155 4265 2318 4324 lestes
2351 4271 2555 4339 copias,
2587 4283 2640 4327 et
2668 4273 2935 4330 Adamum
2968 4279 3262 4344 creaverit,
3294 4296 3392 4338 vos
3436 4283 3695 4352 exponetiso

2157 4355 2317 4415 facile
2352 4359 2718 4433 etUnigeniti
2755 4366 3187 4425 incarnationem
3219 4373 3494 4441 explorate
3534 4385 3695 4441 cogno-

469 4443 761 4497 admodum
843 4443 990 4498 illum
1052 4444 1118 4498 ad
1187 4459 1377 4499 omnes
1453 4447 1635 4501 clades
1693 4427 2367 4515 obstinatum,9veritis.

471 4536 953 4605 primogenitorum
1009 4535 1265 4592 interitus
1321 4537 1548 4592 emolliit
1601 4549 1654 4594 et
1703 4538 1946 4607 inﬂexit;
1984 4541 2056 4595 ita

474 4631 618 4685 hunc
637 4627 836 4695 frangit
861 4643 923 4682 ac
949 4628 1193 4682 debilitat
1223 4628 1387 4682 animi
1418 4630 1744 4697 submissio;
1776 4631 1921 4686 omni
1943 4630 2060 4701 ejus

475 4720 812 4792 primogenio
850 4722 1003 4785 vitio,
1039 4722 1090 4774 id
1114 4731 1216 4785 est,
1242 4723 1551 4789 arrogantia
1581 4729 1746 4792 atque
1793 4723 1928 4777 fastu
1961 4739 2060 4778 ex-

473 4817 692 4870 stincto.
722 4816 988 4870 Caeterum
1020 4823 1220 4867 mutata
1251 4814 1540 4880 sententia,
1567 4831 1688 4870 cum
1722 4815 2002 4870 dimissum
2028 4831 2058 4870 a

473 4923 534 4961 se
585 4909 841 4977 populum
883 4916 1322 4975 persequeretur,
1356 4905 1520 4972 Deus,
1551 4908 1694 4961 Mose
1748 4919 2053 4976 sequestro,

474 5011 637 5053 noctu
674 4999 817 5068 igne,
854 4998 1088 5055 interdiu
1125 5001 1265 5052 nube
1306 4996 1578 5054 lsraelitas
1629 4999 1851 5054 deduxit
1871 5001 1939 5054 ”.
1975 5001 2055 5054 Ad

472 5092 717 5146 eumdem
776 5091 1014 5154 modum,
1047 5089 1274 5143 scelesto
1325 5089 1588 5154 dat-moue,
1618 5089 1898 5160 profugum
1937 5106 1964 5144 a
1999 5108 2058 5146 se

473 5186 642 5256 pium,
670 5182 1065 5252 tn-cquidquam
1089 5181 1312 5236 subdole
1342 5197 1548 5236 rursum
1569 5182 1903 5251 insequente,
1932 5183 2058 5238 Ser-

473 5288 624 5332 rator
656 5287 837 5330 noster
863 5284 1024 5344 atque
1051 5273 1192 5329 Deus
1219 5289 1312 5344 per
1337 5274 1678 5330 divinitatem
1708 5291 1858 5332 suam
1893 5287 2057 5348 atque

539 5456 586 5489 ³⁵
628 5458 793 5512 Exod.
838 5473 912 5518 Ix,
957 5455 1043 5509 10.
1134 5454 1178 5486 ⁸⁸
1218 5454 1389 5510 Exod.
1431 5471 1460 5508 x
1489 5496 1503 5520 ,
1552 5458 1702 5512 4-15.

1814 5460 1857 5491 8⁸1
1899 5462 1966 5491 ταις

539 5462 586 5489 ⁵⁵
628 5462 793 5512 Exod.
838 5473 912 5518 Ix,
957 5462 1043 5509 10.
1134 5462 1178 5486 ⁵⁵
1218 5462 1389 5510 Exod.
1431 5471 1460 5508 x
1489 5496 1503 5520 ,
1552 5462 1702 5512 4-15.
1814 5462 1857 5495 ⁸⁷
1899 5462 2026 5520 ibid.
2066 5473 2157 5530 22,
2236 5473 2280 5504 ⁸⁸
2322 5470 2488 5524 Exod.
2535 5488 2625 5536 χι,
2681 5472 2736 5527 5.
2841 5475 2885 5506 θ’
2925 5473 3098 5532 Exod.
3153 5494 3190 5531 κ’

467 5531 512 5562 ³ο
553 5529 723 5583 Exod.
767 5545 878 5593 xw,
917 5527 1103 5583 “li-3i.
1182 5527 1225 5560 ’λ
1267 5529 1284 5582 Ι
1326 5527 1452 5584 Cor.
1496 5544 1550 5596 x,
1598 5531 1645 5584 l.
1719 5532 1763 5561 "
1791 5531 1950 5589 Num.
1990 5553 2081 5611 xx,
2123 5545 2211 5601 12.
2287 5543 2331 5573 "
2367 5544 2495 5598 ibid.
2536 5545 2622 5600 10.
2701 5547 2746 5578 οδ
2783 5545 2925 5601 Psal.
2969 5563 3117 5614 XXIV,
3160 5550 3190 5602 7

2231 4540 2352 4598 Jun.
2375 4541 2480 4599 Per
2506 4545 2821 4616 bonitatem,
2849 4559 2904 4604 et
2927 4551 3122 4616 solam,
3146 4553 3384 4612 universi
3416 4558 3693 4613 creationem

2161 4637 2328 4691 Deum
2384 4638 2596 4704 fecisse,
2651 4656 2716 4696 ex
2767 4644 3104 4712 sapientibus
3161 4649 3364 4704 nostris
3417 4651 3693 4711 didicimus;

2164 4745 2288 4784 nam
2326 4731 2376 4784 in
2414 4732 2626 4787 Davidis
2672 4733 2901 4791 Psalmis
2935 4737 3050 4793 haec
3078 4752 3205 4794 sunt
3235 4743 3397 4797 verba
3427 4762 3441 4797 :
3480 4762 3497 4794 ‹
3532 4741 3696 4796 Secun-

2163 4825 2289 4877 dum
2326 4824 2752 4880 miscricordiam
2798 4837 2944 4883 tuam
2997 4843 3266 4887 memento
3297 4836 3399 4888 mei
3452 4835 3575 4889 tu".
3604 4850 3618 4882 ι
3645 4830 3694 4883 Et

2167 4932 2397 4971 rursus:
2435 4938 2451 4969 ι
2486 4917 2668 4974 Dulcis
2723 4929 2775 4975 et
2818 4935 2999 4977 rectus
3050 4925 3326 4994 Dominus,
3374 4938 3574 4999 pmptcr
3617 4926 3694 4979 hoc

2165 5008 2329 5079 legem
2360 5013 2505 5066 dabit
2540 5014 2974 5086 delinquentibus
2998 5019 3048 5073 in
3080 5021 3161 5072 via
3187 5022 3252 5075 ”.
3287 5041 3306 5074 ι

2236 5102 2455 5157 Cnmsr.
2483 5103 2634 5168 Quod
2666 5106 2711 5160 si
2743 5121 2808 5161 ex
2841 5108 3104 5174 bonitate,
3129 5119 3186 5164 ut
3217 5123 3365 5167 certe
3394 5128 3454 5166 ex
3480 5110 3689 5168 bonitate.

2168 5195 2309 5249 Deus
2341 5197 2609 5250 hominem
2643 5198 2934 5255 fabricatus
2964 5213 3084 5269 est;
3121 5213 3322 5272 quanto
3348 5207 3506 5276 magis
3530 5213 3687 5257 sartum

2169 5294 2363 5340 tectam
2403 5291 2536 5340 tueri
2572 5285 2831 5344 fabricam
2863 5292 3109 5358 decebat,
3149 5309 3246 5349 nec
3292 5298 3606 5351 committere
3648 5297 3689 5342 υι

2236 5473 2280 5504 ⁸⁸
2318 5470 2488 5544 Exod.
2535 5488 2584 5526 xi
2611 5514 2625 5536 ,
2681 5472 2736 5527 5.
2841 5475 2885 5506 θ’
2925 5473 3098 5532 Exod.
3153 5494 3246 5534 xm
3281 5519 3296 5540 .
3359 5479 3472 5544 22;
3511 5493 3614 5542 ιῐνι
3647 5473 3687 5528 8·

3196 5593 3210 5604 .
3288 5553 3330 5583 ⁸⁸
3371 5552 3491 5605 ibid.
3525 5549 3570 5604 8.

532 5691 646 5774 (ᾖ)
685 5694 824 5774 ςξίιεῃ
869 5703 922 5747 et
960 5695 1060 5751 hoc
1102 5694 1405 5774 philosophi
1439 5694 1618 5752 nescio
1652 5696 1799 5768 cuius
1825 5739 1840 5766 ,
1874 5699 2037 5756 etiam
2060 5697 2354 5772 Gregorius
2390 5702 2694 5774 Thcologus
2716 5713 2857 5761 orat.
2891 5704 2960 5760 In
2998 5723 3183 5764 nouant
3206 5707 3539 5764 Dominicam.

536 5765 652 5828 (24)
685 5765 938 5822 Naziauz.
968 5764 1116 5824 orati
1140 5764 1205 5823 In
1234 5768 1558 5821 tarditatem.
