4004 6206
227 270 322 339 841

1264 264 1650 330 DIALOGUS
1692 262 1991 326 CONTRA
2031 260 2064 325 Ι
2075 261 2360 322 ΠΟᾸΞΟΞ».

3343 258 3448 323 842

226 381 510 456 corruptela
540 383 894 438 obrueretur?
925 381 998 437 De
1033 397 1203 450 eoque
1231 383 1392 438 etiam
1427 379 1678 437 Salvator
1713 377 1777 431 de
1807 379 1851 438 Α
1881 369 1948 428 ad
1984 372 2333 444 frangendum
2361 372 2577 443 maligni
2616 368 2930 442 potentiam,
2957 382 3100 426 mors
3129 383 3224 440 pro
3255 379 3449 438 morte,

227 467 402 544 ovibus
445 474 509 528 ad
545 490 638 529 vos
688 475 977 541 disserens,
1008 475 1080 528 ait
1122 492 1136 530 :
1172 494 1191 528 ι
1216 473 1375 530 Pater
1430 487 1601 538 meus,
1633 469 1774 540 quod

228 566 366 622 dedit
397 567 546 632 mihi,
577 568 750 638 majus
774 569 1026 622 omnibus
1060 577 1163 632 est,
1219 577 1270 621 et
1303 581 1456 621 nemo
1487 573 1663 633 potest
1692 578 1780 615 ra-

229 673 345 724 pere
371 660 437 712 de
463 673 624 716 manu
658 657 835 712 Patris
871 662 972 712 mei
993 659 1060 711 ".
1095 677 1112 710 ι
1147 655 1307 711 Tueri
1341 657 1482 712 enim
1515 653 1778 710 fabricam

228 751 373 821 longe
421 751 595 822 majus
640 761 723 807 est
773 761 934 822 atque
980 751 1260 816 illustrius,
1305 764 1462 818 quam
1507 733 1780 802 fabricari.

223 843 323 897 Nec
349 858 479 899 sane
510 845 730 914 perinde
753 854 836 899 est
869 842 1032 896 Deum
1081 843 1349 898 hominem
1401 839 1676 906 fabricari,
1720 853 1784 894 ac

222 937 483 991 hominem
514 936 749 1005 denique
781 935 947 990 Deum
986 937 1123 989 ﬁeri.
1157 934 1321 1004 quue
1359 934 1436 988 sic
1474 933 1671 988 habere
1721 935 1784 988 de

222 1028 540 1097 principibus
571 1028 774 1083 nostris
805 1027 1208 1093 intelleximus;
1239 1025 1364 1079 dicit
1388 1025 1530 1080 enim
1567 1023 1782 1093 quidam

217 1119 494 1189 primatum
543 1131 854 1176 nostrorum
900 1122 1066 1177 Deum
1112 1127 1244 1173 tunc
1287 1117 1629 1189 praéstantius
1658 1131 1790 1171 cou-

219 1211 394 1266 tulisse
440 1210 576 1283 (25),
628 1228 770 1268 nunc
813 1211 1056 1268 deterius
1109 1213 1414 1277 asciscere,
1455 1209 1560 1265 hoc
1623 1209 1791 1279 priori

219 1299 464 1365 divinius,
499 1312 570 1367 et,
606 1301 650 1358 si
677 1312 820 1359 recte
856 1303 1154 1372 iudicetur,
1179 1300 1463 1356 sublimius
1492 1314 1630 1356 esse.
1654 1299 1788 1355 Nam

217 1403 491 1463 postquam
515 1395 794 1450 terrestris
821 1393 1018 1449 diaboli
1059 1393 1288 1461 invidia,
1313 1402 1364 1448 et
1395 1395 1578 1448 uxoris
1600 1391 1792 1448 fraude

216 1485 486 1541 celestem
511 1501 570 1542 se
597 1488 775 1542 vocari
803 1502 906 1543 non
926 1488 1244 1552 observans,
1273 1500 1371 1557 pro
1405 1485 1514 1540 vita
1540 1494 1790 1551 mortem,

215 1573 314 1629 non
342 1576 442 1632 sibi
475 1578 654 1644 modo,
683 1579 775 1634 sed
795 1579 889 1634 toti
921 1577 1056 1634 adeo
1087 1578 1270 1650 generi
1301 1576 1608 1643 conscivit;
1633 1591 1792 1646 opor—

217 1671 349 1726 tebat
377 1686 541 1741 porro
563 1672 840 1728 calestem
873 1680 930 1726 et
958 1670 1317 1730 immortalem
1341 1671 1528 1737 Deum,
1559 1669 1782 1725 Gabrieo

214 1764 274 1817 lis
313 1776 478 1832 Opera
513 1778 578 1818 es
606 1764 1026 1822 ineontaminata
1058 1775 1113 1820 et
1143 1766 1421 1836 impolluta
1454 1763 1655 1819 femina
1688 1778 1781 1818 na-

213 1850 807 1922 sci;quemadmodum
861 1856 928 1912 de
981 1855 1098 1911 viro
1163 1855 1281 1910 sine
1331 1853 1558 1909 muliere
1611 1851 1783 1909 eilicta

213 1943 398 1999 mulier
426 1954 534 2010 est,
567 1945 646 2000 sic
673 1960 705 2001 e
736 1946 962 2004 muliere
1008 1947 1125 2002 sine
1159 1948 1274 2002 viro
1309 1944 1477 2002 Deum
1512 1948 1784 2002 hominem

213 2034 378 2090 virum
411 2036 654 2107 prodire,
689 2045 744 2091 ut
770 2038 978 2108 peccati
1002 2045 1247 2110 repertor
1280 2037 1700 2108 insuperabilcm
1727 2052 1786 2093 se

213 2127 524 2194 arbitratus.
563 2131 717 2186 nobis
765 2146 860 2202 spe
907 2129 1153 2186 Numinis
1199 2129 1478 2192 inescatis,
1508 2138 1786 2199 assumpto

213 2221 441 2280 vicissim
475 2237 706 2296 corpore
749 2222 1107 2290 inescaretur,
1146 2237 1255 2293 quo
1286 2221 1476 2288 Deum,
1508 2238 1604 2278 ceu
1638 2221 1781 2277 Ada-

213 2329 379 2382 mum,
411 2313 660 2381 adortus,
692 2315 1038 2372 occumberet
1069 2314 1204 2388 (26).
1235 2315 1423 2386 itaque
1452 2315 1782 2370 exinanitum

209 2401 409 2463 Numen
460 2417 583 2459 cum
644 2414 919 2476 assumpto
968 2420 1195 2476 corpore
1236 2404 1543 2475 copulatum
1593 2413 1698 2470 est,
1732 2413 1784 2456 et

215 2493 423 2550 insolito
476 2504 899 2565 temperamento
952 2495 1095 2549 Deus
1135 2504 1190 2550 et
1224 2495 1384 2549 homo
1443 2509 1506 2548 ex
1558 2504 1784 2561 utroque

211 2597 388 2650 unum,
412 2596 474 2642 et
496 2602 592 2657 per
621 2602 783 2642 unum
812 2596 1102 2658 utrumque
1127 2585 1321 2652 factus,
1355 2584 1476 2642 Deo
1507 2601 1629 2640 cum
1661 2592 1785 2641 cor-

211 2693 334 2750 pore
354 2680 624 2751 permisto
675 2688 840 2750 atque
888 2680 1161 2745 devincao,
1199 2689 1260 2734 ut
1289 2695 1407 2751 qua:
1435 2679 1777 2746 dissiderent,

208 2771 486 2841 cujusdam
516 2778 775 2842 tanquam
809 2772 972 2828 medii
1003 2773 1331 2828 commercio
1353 2773 1408 2827 in
1444 2788 1608 2828 unum
1630 2788 1780 2828 com-

209 2871 445 2934 poneret.

769 3000 998 3061 CAPUT
1038 3005 1204 3061 XXX.

486 3133 598 3192 Cur
623 3134 861 3192 Christus
887 3138 1042 3193 homo
1069 3139 1227 3194 simul
1253 3148 1302 3194 et
1335 3140 1495 3196 Deus.

274 3249 447 3321 igitur
478 3267 616 3308 unus
649 3269 713 3309 ex
765 3264 996 3325 utroque
1029 3271 1126 3326 pro
1166 3271 1276 3312 uno
1320 3257 1630 3324 decessore,
1663 3273 1779 3327 seu,

209 3355 262 3400 ut
291 3345 472 3402 verius
507 3345 708 3414 dicam,
741 3363 839 3418 pro
868 3349 1120 3406 omnibus
1148 3349 1350 3420 factus,
1380 3351 1432 3411 in
1462 3361 1661 3408 terram
1692 3367 1784 3409 ve.

208 3439 304 3505 nit,
338 3439 524 3495 animo
556 3440 813 3510 praeditus
842 3451 1063 3512 propter
1088 3443 1329 3500 animum
1359 3447 1614 3516 praecepti
1646 3461 1782 3502 con-

211 3539 554 3602 temptorem,
586 3545 782 3601 corpus
817 3541 1038 3603 gestans
1091 3542 1310 3604 propter
1359 3549 1556 3606 corpus
1602 3535 1780 3590 delicti

207 3623 611 3688 adininistrum,
660 3624 928 3694 simulque
980 3626 1316 3693 damnatum,
1349 3633 1570 3696 peccato
1623 3626 1782 3683 altior

205 3730 267 3770 ac
287 3716 612 3785 sublimior;
649 3717 846 3783 luteus,
882 3725 1100 3787 propter
1127 3716 1394 3773 Adamum
1439 3718 1544 3774 sub
1585 3732 1779 3790 pecca-

207 3815 315 3863 tum
337 3807 668 3880 subjectum,
692 3821 874 3866 vetere
899 3824 1024 3864 cum
1047 3824 1206 3875 novo,
1234 3809 1286 3864 id
1315 3818 1420 3879 est,
1445 3810 1781 3868 humanitate

205 3916 327 3957 cum
362 3901 648 3958 divinitate
674 3902 1022 3970 conferenda,
1059 3912 1116 3958 et
1140 3901 1232 3974 qui
1284 3918 1476 3973 passus
1517 3915 1683 3971 esset,
1716 3919 1780 3961 eo

209 4008 302 4064 per
329 3996 642 4066 passionem
692 3993 1018 4057 revocando,
1049 4010 1113 4048 ac
1159 4008 1256 4064 pro
1290 4005 1597 4052 nostrorum
1643 4011 1779 4051 uno-

167 4124 172 4129 .
211 4102 424 4158 quoque
476 4085 704 4158 singulis
747 4085 989 4143 vicissim
1034 4087 1169 4155 ejus,
1209 4088 1296 4157 qui
1329 4103 1426 4158 pro
1459 4087 1782 4158 nobis'objio

208 4186 439 4246 curetur,
464 4177 807 4246 przestandis,
834 4184 995 4246 atque
1023 4179 1122 4232 hac
1151 4177 1380 4250 benigna
1402 4179 1539 4249 lapsi
1559 4186 1780 4252 propter

207 4271 608 4326 contumaciam
649 4272 1056 4342 procuratione,
1110 4286 1251 4325 novo
1298 4270 1528 4341 quodam
1578 4286 1780 4326 arcano

207 4364 526 4420 exhibendo.
559 4362 692 4419 Hinc
722 4373 873 4420 ortus
897 4376 1062 4434 atque
1096 4364 1276 4434 Virgo,
1312 4364 1435 4419 hinc
1459 4378 1698 4435 praesepe
1722 4374 1780 4420 et

208 4454 507 4521 Bethleem,
545 4468 696 4512 ortus
744 4471 843 4526 pro
886 4456 1179 4520 creatione,
1207 4471 1303 4512 seu
1335 4455 1519 4527 potius
1562 4470 1780 4513 recrea-

211 4549 373 4616 tioue,
421 4546 585 4618 Virgo
626 4564 723 4619 pro
769 4549 1015 4615 muliere,
1062 4549 1211 4605 salve
1239 4564 1338 4622 pro
1365 4548 1570 4614 dolore,
1613 4545 1779 4604 Betti-

210 4638 343 4694 leem
375 4657 474 4712 pro
512 4640 701 4706 ﬁdem,
726 4655 967 4712 praesepe
1001 4657 1098 4712 pro
1128 4642 1396 4710 pomario,
1429 4638 1644 4696 Gabriel
1680 4654 1780 4710 pro

211 4741 495 4800 serpente,
541 4731 702 4786 arbor
743 4746 838 4799 pro
886 4733 1108 4797 arbore,
1156 4732 1212 4786 in
1273 4746 1491 4788 crucem
1541 4739 1779 4788 extensae

211 4839 401 4880 manus
436 4841 532 4894 pro
563 4825 700 4879 male
730 4833 1045 4896 exporrecta
1075 4841 1260 4890 manu,
1297 4823 1365 4879 fcl
1395 4839 1493 4896 pro
1526 4825 1664 4880 dulci
1693 4843 1782 4882 sa-

212 4929 359 4982 pore,
391 4931 588 4972 corona
619 4931 715 4986 pro
745 4915 1064 4984 dejectione,
1100 4916 1284 4972 lateris
1319 4916 1503 4973 lancea
1535 4931 1632 4986 pro
1650 4931 1781 4973 ense

214 5006 470 5074 paradisi,
515 5015 781 5076 unguenta
833 5021 928 5075 pro
974 5007 1462 5078 lacryniis,siudou
1507 5024 1605 5080 pro
1638 5007 1783 5064 licui-

213 5097 327 5151 neis
357 5096 522 5164 foliis,
559 5099 775 5153 uuditns
811 5115 907 5168 pro
943 5099 1168 5155 scorteis
1201 5100 1457 5168 vestibus,
1487 5101 1620 5156 clavi
1651 5115 1778 5172 pro-

216 5197 334 5258 pter
365 5188 573 5244 ruinam
605 5199 659 5245 et
685 5189 945 5256 lamenta,
984 5191 1185 5247 erectio
1226 5206 1322 5263 pro
1349 5189 1524 5261 lapsu,
1565 5190 1776 5248 arundo

281 5368 328 5402 "
364 5367 525 5425 Joan.
570 5385 628 5432 χ,
665 5368 758 5428 29.
834 5370 901 5404 “‘
943 5369 1048 5424 lsa.
1092 5385 1169 5435 Ix,
1210 5369 1268 5426 6.

286 5574 394 5646 (25)
443 5571 695 5646 Nazianz.
743 5571 804 5646 fit
856 5567 1123 5635 Natalem,
1171 5584 1226 5640 p.
1282 5567 1410 5636 23!,
1461 5569 1554 5636 20,
1611 5579 1656 5624 et
1713 5567 1775 5624 S.

220 5641 438 5710 Pascha,
465 5661 529 5715 γρ.
547 5642 683 5715 254.
711 5643 800 5698 '55.

287 5715 394 5789 (26)
427 5711 684 5769 Nazianz.
705 5716 947 5770 imitatur
966 5711 1240 5784 Apologet.
1258 5711 1356 5778 ts,
1387 5712 1546 5781 l4,et
1570 5711 1778 5784 aliquot

486 5812 757 5874 Parnon.
791 5811 908 5876 Gn.
949 5809 1276 5875 CXXXIII.

1881 464 2117 520 tenebrae
2140 478 2235 533 pro
2262 463 2397 529 luce,
2426 465 2696 532 sepultura
2726 477 2825 533 pro
2852 462 2905 517 in
2930 476 3132 517 terrain
3170 463 3451 530 reditione,

1882 570 1944 612 ac
1973 555 2184 610 demum
2236 557 2560 612 resurrectio
2605 571 2700 625 pro
2746 555 2880 624 lapsi
2915 554 3328 610 resurrectione.
3363 557 3453 609 At.-

1883 662 1988 715 que
2022 648 2134 702 haec
2165 647 2346 702 omnia
2384 645 2523 720 Deus
2554 648 2706 701 nobis
2736 646 3009 712 curandis,
3038 649 3104 700 ad
3152 649 3455 717 nostraeque

1885 739 2270 795 imbecillitatis
2324 740 2584 794 medelam
2632 741 2997 809 comparavit,
3057 753 3163 808 quo
3219 749 3452 793 veterem

1883 825 2174 898 Adamum,
2201 831 2339 885 unde
2369 832 2663 894 exciderat,
2694 835 2989 898 reduceret,
3008 846 3072 888 ac
3097 829 3243 886 vitali
3278 833 3454 886 arbori

1885 921 2196 976 admoveret
2222 919 2356 992 (27),
2381 935 2540 992 quem
2576 904 2778 976 uctitiae
2803 923 2962 974 arbor
3003 923 3201 992 inepte,
3232 937 3328 977 nec
3361 937 3459 979 suo

1891 1022 2137 1086 tempore
2160 1027 2440 1088 percepta,
2465 1017 2718 1087 paradiso
2741 1027 3014 1087 exegerat.

1957 1132 2082 1186 duo.
2108 1130 2261 1199 Quod
2292 1129 2337 1186 si
2361 1132 2429 1186 ad
2449 1129 2719 1186 diabolum
2743 1145 2901 1186 suum
2934 1131 3296 1201 dejiciendum
3320 1133 3462 1190 Deus

1891 1222 2052 1278 homo
2079 1222 2253 1278 factus
2286 1233 2388 1289 est,
2426 1238 2506 1279 nte
2550 1224 2602 1278 id
2645 1224 2819 1292 potius
2857 1225 2908 1278 in
2947 1224 3188 1280 fraudem
3217 1225 3459 1280 Numinis

1893 1315 1988 1370 sit.
2023 1314 2154 1369 Nam
2191 1315 2238 1371 si
2279 1315 2441 1372 homo
2466 1315 2640 1373 factus
2669 1316 2960 1387 malignum
2989 1319 3281 1374 daemonem
3313 1319 3462 1385 vicit,

1894 1407 2062 1462 multo
2092 1407 2266 1478 magis
2314 1418 2372 1462 ut
2421 1409 2653 1490 DeusHet
2701 1409 2917 1465 vincere
2957 1419 3171 1481 poterat
3204 1420 3257 1467 et
3294 1412 3462 1470 exitio

1895 1499 2023 1553 dare
2056 1517 2070 1554 :
2107 1515 2266 1556 nemo
2321 1512 2404 1557 est
2447 1502 2593 1558 enim
2626 1500 2738 1558 Deo
2781 1502 2993 1558 fortior.
3041 1501 3227 1575 itaque
3266 1504 3463 1561 clamat

1895 1589 2061 1646 lsaias
2095 1609 2108 1645 :
2145 1610 2164 1644 ι
2208 1589 2350 1648 Deus
2376 1591 2534 1648 fortis
2566 1593 2938 1665 (praepotens),
2969 1592 3133 1650 Pater
3163 1595 3329 1652 futuri
3359 1613 3460 1653 sac-

1895 1683 2019 1748 culi,
2058 1679 2312 1751 Princeps
2340 1683 2502 1739 futuri
2535 1685 2715 1741 surculi
2748 1686 2841 1742 π’.
2873 1703 2892 1740 ›

1960 1801 2184 1857 Cnms'r.
2217 1802 2387 1859 Recte
2417 1803 2567 1859 lsaiae
2595 1806 2758 1860 verba
2795 1806 2845 1861 in
2873 1807 3109 1864 medium
3138 1812 3457 1880 protulistis.

1890 1894 1997 1951 Sed
2032 1907 2139 1950 nun
2171 1906 2280 1951 tam
2306 1893 2408 1951 Dei
2458 1901 2708 1965 potentia:
2739 1898 3032 1969 gloriosum
3058 1912 3165 1969 est,
3201 1905 3454 1960 adversa.

1892 1989 2030 2044 rium
2066 1989 2282 2054 vicisse,
2318 2004 2416 2044 nec
2438 1991 2667 2045 daemoni
2695 1991 3024 2060 pudendum,
3054 2009 3083 2048 a
3118 1994 3226 2050 Deo
3255 1994 3455 2051 victum

1888 2098 2027 2150 esse,
2064 2098 2224 2155 quam
2268 2083 2476 2155 insigne
2511 2085 2604 2142 Dei
2646 2088 2925 2157 potentia,
2968 2098 3022 2144 et
3045 2089 3278 2162 maligno
3310 2105 3456 2147 sum-

1890 2192 2033 2231 mum
2066 2176 2302 2234 dedecus
2336 2187 2442 2243 est,
2492 2193 2588 2250 per
2621 2194 2840 2235 carnem
2869 2181 3068 2236 victum
3102 2197 3243 2250 esse,
3282 2199 3343 2238 ac
3377 2185 3452 2238 lu-

1889 2276 2054 2333 teum,
2107 2265 2384 2324 cailestem
2441 2266 2677 2335 factum;
2731 2279 2787 2327 et
2831 2285 2990 2341 quem
3037 2273 3330 2332 divinitatis
3363 2289 3456 2348 spe

1886 2359 2351 2429 supplantaverat.
2407 2374 2473 2415 eo
2519 2377 2618 2430 per
2656 2362 3050 2420 humanitatem
3098 2364 3348 2422 deificato
3377 2366 3454 2422 vi-

1887 2455 2074 2510 Cissim
2107 2455 2384 2510 cernendo
2407 2455 2764 2526 supplantari.
2799 2453 2930 2511 Nam
2957 2467 3017 2515 ut
3041 2459 3370 2528 sanguinaril
3400 2471 3456 2518 et

1887 2545 2119 2615 improbi
2168 2545 2419 2601 homines
2463 2548 2799 2601 mundanum
2846 2548 2948 2602 hoc
2992 2563 3214 2618 regnum
3252 2550 3458 2621 perfide

1887 2637 2240 2710 refugientes,
2263 2649 2426 2710 atque
2463 2639 2514 2695 in
2546 2640 2822 2696 montibus
2869 2651 2922 2697 et
2965 2643 3188 2713 rupibus
3220 2641 3453 2700 inediam

1888 2729 2208 2795 tolerantes,
2261 2730 2406 2786 baud
2455 2746 2588 2788 sane
2623 2747 2800 2802 regem
2844 2732 3153 2801 latuerunt;
3199 2736 3327 2805 'quin
3371 2733 3458 2792 ille

1887 2822 2076 2888 misso,
2105 2837 2266 2891 quem
2302 2823 2532 2879 habebat
2564 2826 3057 2897 unigenitum,cutn
3082 2824 3456 2898 jurejurando,

1883 2923 1937 2972 et
1967 2913 2282 2973 liberalibus
2312 2918 2621 2989 promissis,
2653 2920 2719 2974 ad
2764 2917 2971 2991 frugem
3000 2922 3274 2978 redituros
3301 2938 3460 2982 revo-

1884 3017 1975 3063 cat
2005 3007 2120 3080 (28)
2147 3025 2164 3077 ;
2189 3009 2386 3082 quibus
2412 3023 2517 3066 non
2548 3011 2721 3068 solum
2755 3013 2920 3068 verba
2951 3015 3083 3085 regii
3118 3013 3210 3070 filii
3236 3032 3341 3072 non
3372 3032 3457 3074 re-

1807 3089 1851 3151 C
1888 3101 2097 3167 veritis,
2131 3099 2228 3158 sed
2250 3116 2373 3158 eum
2395 3117 2615 3175 quoque
2645 3103 2887 3160 cruentis
2916 3106 3165 3163 manibus
3189 3108 3457 3165 trucidare

1883 3194 2180 3263 aggressis,
2229 3209 2328 3251 rex
2366 3194 2542 3253 factus
2589 3195 2814 3266 certior,
2865 3197 3028 3271 etira
3061 3197 3335 3267 incensus,
3360 3215 3453 3257 eos

1883 3288 2289 3344 excusationem
2336 3289 2536 3344 nullam
2571 3289 2774 3345 habere
2801 3289 3073 3360 cogitans,
3119 3289 3300 3347 missis
3341 3290 3456 3348 suis

1882 3378 2058 3451 cupiis
2088 3379 2307 3436 delevit.
2337 3380 2525 3436 itidem
2570 3394 2704 3437 sane
2731 3392 2786 3435 et
2809 3379 2952 3436 Deus
2988 3392 3042 3438 et
3068 3379 3230 3439 Pater
3261 3382 3457 3440 Serva-

1884 3473 2021 3529 toris
2057 3473 2162 3529 mei
2205 3471 2432 3538 Christi,
2485 3471 2670 3530 volens
2699 3471 2899 3530 Judaeis
2945 3461 3256 3530 vaticidium
3296 3490 3456 3534 omne

1881 3579 1948 3621 ac
1982 3565 2237 3623 delictum
2269 3565 2566 3622 clementer
2614 3566 2945 3636 condonare,
2977 3566 3265 3640 unigenam
3297 3585 3453 3627 suum

1879 3657 2102 3725 Filium,
2127 3659 2212 3714 sui
2243 3665 2408 3730 atque
2448 3658 2663 3716 illorum
2696 3668 3034 3730 sequestrum
3072 3660 3307 3719 demisit.
3333 3661 3450 3730 Quo

1879 3751 2252 3809 beneficentia:
2293 3765 2404 3808 suae
2446 3751 2624 3806 studio
2659 3762 2763 3807 non
2814 3750 2988 3809 solum
3022 3751 3326 3821 repudiato.
3358 3755 3451 3810 sed

1883 3841 1975 3899 illo
1998 3855 2214 3914 quoque
2236 3840 2404 3912 impie
2434 3841 2487 3896 in
2520 3855 2737 3896 crucem
2769 3849 2910 3906 acto,
2943 3841 3120 3898 missis
3147 3841 3454 3901 coelestibus

1880 3935 2088 4006 copiis,
2145 3933 2296 3988 velut
2343 3932 2490 3989 omni
2542 3931 2857 3990 defensione
2907 3934 3198 4002 carentes,
3251 3945 3453 3994 aeterno

1881 4027 2028 4098 igne,
2066 4022 2300 4090 diabolo,
2335 4021 2561 4095 ejusque
2595 4025 2803 4095 angelis
2835 4032 3046 4097 parato,
3081 4040 3270 4083 severe
3302 4029 3453 4085 dam-

1877 4120 2047 4175 navit.
3230 4127 3232 4129 ’

1953 4232 2132 4300 Quare
2174 4247 2268 4288 vos
2326 4230 2582 4301 accipite.
2633 4226 2883 4301 obsecro,
2926 4233 3064 4303 frugi
3113 4235 3396 4294 consilium
3432 4255 3447 4294 :

1879 4339 2006 4380 nam
2041 4323 2366 4394 resipiscere
2414 4318 2638 4392 potestis
2682 4323 2860 4380 adhuc
2906 4327 3243 4394 superstites,
3291 4327 3453 4397 atque

1808 4449 1853 4510 Β
1883 4413 1939 4469 in
1976 4413 2179 4470 mundo
2221 4414 2500 4484 degentes,
2551 4412 2718 4486 fugite
2765 4413 2967 4467 erroris
2997 4413 3269 4479 tenebras,
3301 4423 3356 4468 et
3386 4416 3451 4471 ad

1889 4505 2133 4563 veritatis
2173 4505 2348 4561 lucem
2399 4505 2707 4571 convenite,
2756 4518 3084 4576 operamque
3127 4505 3274 4566 date.
3325 4511 3383 4558 ut
3420 4519 3448 4556 a

1882 4597 2140 4654 deteriori
2201 4601 2347 4653 statu
2403 4613 2466 4652 ac
2515 4597 2644 4652 larva
2690 4598 2967 4656 fluidorum
3010 4611 3166 4652 manu
3212 4595 3276 4652 ad
3327 4593 3451 4658 Ser-

1880 4691 2085 4748 vatoris
2139 4690 2242 4745 mei
2297 4693 2540 4745 dextram
2596 4703 2720 4750 cum
2780 4688 2971 4744 ovibus
3025 4687 3239 4747 astituri
3273 4697 3452 4744 trans.

1881 4784 2042 4840 catis.

1954 4917 2078 4975 Jun.
2110 4917 2400 4974 Enimvero
2427 4925 2482 4973 et
2512 4931 2609 4973 nos
2631 4915 2946 4987 prophetam
2973 4929 3248 4984 magnum,
3271 4911 3452 4968 unicae

1881 5024 2024 5075 cem,
2056 5026 2086 5063 a
2130 5009 2239 5065 Deo
2265 5015 2484 5063 unctum
2526 5018 2864 5078 exspectare,
2909 5006 2962 5061 id
2995 5019 3180 5061 verum
3208 5007 3323 5075 est;
3347 5003 3448 5062 Dei

1881 5100 2079 5156 Filium
2133 5114 2233 5155 nec
2283 5098 2494 5154 caelitus
2544 5099 2878 5169 degressum,
2938 5111 2968 5150 a
3027 5095 3299 5167 prophetis
3350 5108 3448 5150 au-

1887 5185 2106 5258 diimus,
2144 5204 2244 5246 nec
2273 5188 2329 5246 in
2361 5190 2557 5246 oculum
2588 5204 2804 5245 rursum
2837 5187 3172 5246 ascendisse.

1881 5567 2254 5653 εεςξιεξιίέμυε-
2391 5642 2400 5650 .
2478 5639 2518 5653 -
2561 5640 2629 5653 ..
2723 5642 2731 5653 .

1957 5639 2070 5708 (2‘7)
2101 5639 2352 5694 Nazianz.
2385 5642 2436 5694 in
2471 5639 2842 5710 Epiphaniam.

1958 5709 2073 5784 (28)
2108 5711 2303 5767 Alludit
2336 5712 2398 5767 ad
2434 5715 2740 5782 paraboiam
2772 5713 2961 5771 Matth.
2994 5729 3108 5780 ut,
3137 5717 3230 5774 35.

3020 5807 3088 5872 27
