4004 6206
491 257 595 323 843

1711 263 2134 324 ANDRONICI
2167 265 2512 327 COMNENI

3640 269 3741 334 844

557 372 782 429 Cunts'r.
819 372 1004 441 Itaque
1037 386 1220 441 porro,
1256 380 1312 427 ut
1346 373 1575 442 videtur,
1608 375 1897 446 prophetas
1932 378 2062 431 dici-
2093 416 2137 476 Α
2167 380 2442 444 abstersit,
2479 379 2760 436 manifeste
2816 382 3152 453 unigenitum
3188 384 3278 439 Dei
3314 383 3509 440 Filium
3543 385 3743 440 incom-

489 466 579 531 tis,
613 479 718 519 non
747 466 809 517 de
839 464 947 519 Deo
972 467 1285 534 prOphetias
1307 467 1564 532 edidisse,
1597 468 1689 520 sed
1722 470 1788 521 de
1837 467 2056 523 homine

489 570 638 613 mero
654 557 676 610 ’ἶ

555 648 677 705 Jun.
722 649 793 702 Ita
836 659 941 704 est.

553 741 780 798 Cnms'r.
835 743 878 798 Ο
927 745 1331 811 stupiditatem!
1373 745 1440 800 Et
1475 747 1594 814 quis
1635 763 1762 805 vero
1806 764 1870 803 ex
1917 747 2059 803 omni

490 835 766 899 memoria,
800 851 982 904 regum
1009 839 1180 891 servis
1213 853 1504 893 conservos
1532 839 1831 908 praemittit,
1867 854 1927 893 ac
1954 854 2059 894 non

486 930 670 998 potius
707 929 799 981 lilii
830 929 1094 983 adventus
1133 931 1388 998 praevios,
1424 939 1478 983 et
1506 932 1821 998 praccones?
1854 932 1956 986 Sed
1984 942 2062 986 ta-

488 1036 609 1074 men
644 1020 940 1089 prophetas
978 1036 1120 1074 nunc
1162 1036 1376 1092 quoque
1409 1027 1741 1089 evolvamus,
1776 1036 1935 1094 atque
1963 1025 2061 1080 ite-

486 1127 602 1166 rum
628 1127 725 1181 vos
751 1112 950 1167 veritas
974 1113 1208 1167 docebit.

1040 1225 1269 1280 CAPUT
1312 1224 1502 1283 XXXI.

687 1343 796 1397 Cur
829 1341 1069 1397 Christus
1101 1359 1165 1398 ea:
1200 1326 1409 1414 Virgine
1436 1347 1583 1400 nasci
1615 1347 1857 1402 voluerit.

553 1454 674 1510 Jun.
707 1456 1157 1526 Quandoquidem
1195 1459 1349 1514 nobis
1394 1469 1573 1514 ortum
1620 1463 1740 1515 sine
1794 1470 2060 1533 tempore,

485 1562 582 1605 seu
641 1548 821 1602 verius
877 1563 1040 1617 supra
1101 1558 1332 1619 tempus,
1393 1550 1604 1616 erudite
1659 1556 2060 1622 comprobasti;

484 1657 602 1711 age,
658 1641 963 1693 utuabimtts
1019 1651 1092 1705 te,
1142 1651 1196 1695 et
1245 1641 1337 1695 Dei
1392 1644 1608 1698 ctelitus
1661 1646 1726 1697 ad
1788 1647 2059 1717 Virginem

483 1735 800 1788 descensum
827 1733 1077 1801 explana,
1116 1744 1171 1788 et
1197 1735 1288 1804 qui
1327 1736 1602 1806 prophetae
1637 1738 1700 1792 de
1735 1754 1799 1793 eo
1833 1743 2063 1810 apertis-

483 1825 623 1884 sime
659 1824 948 1879 disserant.

551 1917 777 1971 Cuats'r.
826 1917 1029 1972 Audite
1076 1915 1392 1983 Jeremiam,
1441 1918 1711 1973 dicentem
1752 1938 1764 1973 :
1805 1940 1822 1971 ι
1853 1920 1952 1976 Hic
1979 1930 2062 1977 est

484 2011 624 2066 Deus
679 2020 895 2075 noster,
945 2021 997 2064 et
1055 2025 1160 2064 non
1213 2010 1568 2065 aestimabitur
1621 2012 1758 2066 alios
1807 2014 2061 2068 adversus

482 2123 623 2161 eum.
661 2107 758 2161 llic
788 2107 1065 2162 adiuvenit
1099 2123 1313 2162 omnem
1350 2109 1488 2162 viam
1519 2109 1836 2179 disciplima,
1865 2121 1917 2164 et
1949 2119 2059 2164 Irae

481 2204 617 2256 didit
647 2203 791 2255 illaut
840 2200 1008 2256 Jacob
1038 2217 1205 2271 puero
1241 2218 1360 2268 suo,
1408 2212 1461 2256 et
1505 2204 1668 2256 Israel
1712 2205 1907 2259 dilecto
1941 2221 2058 2262 suo.

483 2294 608 2348 Post
634 2294 747 2348 luce
776 2295 826 2346 in
854 2296 1012 2347 terris
1038 2295 1182 2347 visus
1218 2304 1320 2357 est,
1351 2304 1404 2349 et
1433 2310 1555 2349 cum
1590 2297 1902 2351 hominibus
1931 2313 2063 2350 con-

483 2399 729 2442 versatus
754 2399 835 2442 cst
861 2389 930 2441 θ’.
971 2406 988 2439 ›
1019 2416 1089 2425 -
1122 2406 1138 2438 ι
1175 2387 1273 2441 llic
1309 2387 1448 2442 Deus
1482 2398 1685 2444 n05ter.
1719 2409 1736 2442 ι
1773 2390 1942 2456 Quis?
1971 2392 2061 2461 qui

483 2482 548 2532 ah
606 2485 750 2533 υιιιιιι
799 2483 1104 2533 υτιθιιιὶιιιιρ
1139 2489 1221 2534 est
1266 2491 1319 2533 et
1355 2481 1407 2533 in
1453 2495 1664 2534 omnem
1708 2483 2060 2536 aeternitatem

483 2572 753 2639 perdurat.
807 2587 826 2621 ι
887 2569 950 2623 Et
1021 2586 1123 2622 non
1187 2571 1548 2625 aestimabitur
1617 2572 1754 2626 alius
1807 2572 2065 2628 adversus

481 2681 626 2718 eum.
666 2683 682 2715 ο
721 2664 856 2730 Quis
886 2662 1025 2716 alius
1064 2679 1164 2716 neu
1204 2663 1603 2719 mstimahitur?
1631 2667 1721 2736 qui
1762 2668 1969 2720 scilicet
1997 2668 2064 2722 ab

485 2761 734 2816 llebraris
769 2776 865 2831 pro
901 2761 991 2815 Dei
1028 2760 1166 2814 Filio
1188 2771 1559 2832 exspectatur.
1599 2780 1617 2814 ‹
1658 2762 1756 2818 llic
1789 2764 2064 2819 adinvenit

483 2870 699 2910 omnem
732 2858 870 2906 t‘iatn
914 2852 1233 2921 disciplina.
1277 2872 1295 2904 ι
1330 2851 1444 2908 Non
1475 2855 1719 2923 profecto
1751 2856 2061 2914 fullonicam

483 2962 548 3002 ac
582 2947 825 3000 fabrilem
875 2955 1068 3011 artem,
1102 2955 1194 2999 aut
1233 2962 1352 3015 quae
1389 2947 1608 3020 reliquae
1658 2959 1784 3004 sunt
1813 2950 1934 3018 ejus
1967 2965 2064 3023 ge-

482 3042 628 3094 neris
660 3038 877 3104 lutiles;
911 3038 1004 3091 sed
1047 3051 1222 3091 rerum
1253 3038 1520 3103 notitiam,
1554 3055 1583 3094 e
1611 3049 1749 3094 terra
1776 3041 1831 3094 in
1861 3043 2059 3097 caelum

2165 480 2423 526 mutatum
2485 474 2755 528 hominem
2797 476 3030 546 denique
3080 475 3281 530 factum
3324 481 3743 542 demonsuans;

2163 564 2256 617 sed
2314 568 2456 634 quod
2515 564 2792 634 Sapientia
2847 566 3153 622 Salomonis
3199 568 3463 633 declarat,
3514 569 3744 623 dicens:

2169 677 2186 707 σ
2225 656 2358 710 Cum
2391 672 2566 711 meum
2616 659 2780 711 lilium
2832 676 2933 714 non
2971 661 3266 726 audierint,
3329 676 3426 715 vos
3476 660 3570 715 Dei
3629 661 3745 714 Filii

2161 746 2420 803 honorem
2491 751 2760 821 intrepide
2823 752 2888 806 ad
2964 767 3060 808 vos
3118 755 3333 809 trahere
3388 731 3742 808 conamini.»

2163 839 2484 910 Quanquam
2541 858 2646 898 non
2695 853 2753 896 ut
2811 843 3086 914 Sapientia
3143 846 3310 899 lilium
3372 847 3608 916 appellat
3654 848 3749 901 Dei

2167 932 2385 999 Filium,
2416 935 2599 988 itidem
2621 945 2673 990 et
2697 949 2793 991 vos
2828 936 2990 992 Isaias
3011 939 3126 1007 (30)
3149 939 3384 1008 appellat
3411 949 3593 1002 natos,
3624 955 3752 992 eum

2164 1027 2287 1081 ait:
2332 1045 2350 1079 ι
2409 1027 2808 1098 Primogenitus
2855 1046 3006 1085 meus
3053 1031 3328 1097 Israelita;
3376 1051 3396 1084 δ
3438 1036 3534 1087 sed
3596 1034 3749 1086 illum

2164 1121 2506 1188 naturalem,
2553 1137 2649 1175 vos
2702 1124 3001 1192 adoptivos.
3061 1124 3194 1178 Nam
3251 1141 3351 1180 nos
3389 1127 3756 1195 primigenius

2163 1229 2354 1270 sumus
2383 1215 2604 1269 secundi
2637 1213 2851 1269 lsraclis
2877 1217 3144 1287 (Christi).

2715 1326 2942 1383 CAPUT
2981 1327 3198 1394 XXXII.

2439 1443 2573 1510 Gens
2619 1445 2833 1512 duplex,
2876 1447 3083 1516 gentilis
3120 1456 3169 1500 et
3210 1445 3455 1500 Hebrwa.

2235 1555 2291 1610 In
2331 1573 2494 1627 quam
2531 1559 2858 1622 sententiam
2899 1572 2980 1616 est
3012 1572 3198 1618 notum
3237 1562 3364 1616 illud
3399 1562 3494 1616 Dei
3530 1562 3597 1615 ad
3629 1560 3748 1616 lte-

2164 1651 2384 1706 beceam
2420 1651 2643 1706 effatum
2680 1669 2694 1706 :
2735 1671 2754 1710 ι
2806 1650 2934 1710 Dum
2964 1663 3152 1722 gentes
3181 1663 3308 1708 sunt
3343 1651 3393 1706 in
3430 1667 3586 1709 utero
3617 1664 3752 1721 tuo;

2165 1753 2219 1797 et
2266 1746 2441 1816 major
2494 1746 2694 1801 serviet
2742 1746 2940 1801 minori
2967 1745 3056 1799 ⁸⁷⁸.
3112 1763 3131 1798 ι
3165 1743 3228 1800 Ει
3257 1744 3326 1800 de
3357 1747 3535 1799 Pbare
3581 1761 3753 1815 atque

2164 1834 2300 1889 Zara
2342 1835 2610 1890 ‘obstetrix
2659 1837 2735 1891 ait
2781 1859 2792 1891 ;
2836 1855 2852 1886 ι
2890 1835 3068 1900 Quare
3109 1835 3280 1891 divisa
3324 1848 3404 1891 est
3436 1847 3654 1906 propter
3693 1844 3750 1888 te

2165 1927 2397 1980 maceria
2428 1927 2516 1980 9"?
2558 1946 2575 1976 ι
2624 1927 2728 1982 Sed
2770 1943 2834 1979 ne
2863 1929 2990 1996 quid
3031 1929 3243 1984 interittt
3269 1928 3355 1985 hic
3393 1927 3611 1982 veridici
3655 1928 3749 1980 vi-

2163 2020 2419 2087 deamini,
2479 2019 2633 2076 Isaia:
2678 2022 2744 2075 de
2805 2023 2959 2074 vobis
3008 2023 3343 2092 prophetiam
3395 2022 3446 2076 in
3503 2022 3748 2077 medium

2162 2111 2526 2181 proferamus.
2563 2113 2694 2167 Nam
2731 2112 2834 2168 etsi
2884 2130 2976 2183 per
3009 2115 3322 2182 prophetam
3370 2115 3508 2168 Deus
3543 2116 3752 2168 contir-

2165 2215 2276 2261 mat
2317 2223 2328 2259 :
2368 2224 2386 2256 ι
2427 2205 2824 2272 I‘rimogcnitus
2861 2224 3010 2261 meus
3039 2217 3199 2263 natus
3232 2207 3470 2261 lsrnelita
3515 2209 3592 2273 ";
3626 2226 3643 2257 ι
3689 2221 3749 2262 at

2165 2297 2348 2350 audite
2399 2312 2517 2365 quae
2573 2297 2732 2366 paulo
2782 2308 2907 2359 ante
2969 2314 3029 2353 ac
3088 2307 3209 2368 post
3255 2306 3666 2366 consequuntur
3730 2319 3746 2354 :

2170 2405 2187 2438 ι
2230 2387 2345 2441 Duo
2380 2387 2518 2440 mala
2551 2387 2678 2442 fecit
2707 2388 2931 2456 populus
2965 2403 3117 2441 meus
3149 2407 3162 2442 :
3194 2403 3279 2442 me
3311 2389 3751 2456 den-liquerunt.

2165 2473 2365 2528 lentem
2393 2491 2546 2540 aqua}
2570 2476 2723 2542 vivae,
2751 2488 2806 2530 et
2835 2476 3083 2531 foderunt
3108 2477 3213 2533 sibi
3243 2478 3526 2538 cisternas.
3555 2481 3753 2532 cister‘

2169 2583 2263 2620 nas
2303 2567 2597 2637 dissipatas
2630 2567 2680 2634 ¹;
2723 2586 2743 2619 ι
2776 2577 2830 2622 et
2867 2585 3078 2623 rursum
3115 2587 3128 2623 :
3167 2588 3185 2621 ι
3227 2568 3394 2624 Filios
3421 2572 3651 2624 enutrivi
3690 2580 3750 2628 et

2165 2658 2454 2722 exaltari,
2485 2658 2587 2728 ipsi
2644 2668 2821 2713 autem
2872 2672 3195 2728 spreverunt
3255 2675 3339 2716 me
3388 2661 3427 2712 '.
3474 2679 3495 2712 ›
3553 2660 3750 2716 Omnis

2165 2751 2362 2822 quippe
2413 2762 2604 2805 natura
2659 2751 2823 2816 ﬁlius,
2882 2760 2940 2804 ut
2994 2751 3208 2806 deﬁciat
3239 2767 3267 2805 a
3297 2761 3465 2821 patre,
3495 2765 3745 2807 naturam

2165 2856 2313 2900 certe
2344 2860 2448 2899 non
2472 2844 2695 2898 amittit.
2724 2845 3020 2914 Adoptivus
3044 2855 3249 2910 autem,
3285 2846 3374 2916 qui
3401 2847 3452 2899 in
3490 2857 3748 2901 naturam

2163 2939 2318 3007 quasi
2368 2938 2420 2991 vi
2471 2938 2751 3003 invaserit,
2803 2940 2974 2992 donec
3028 2939 3164 3007 patri
3220 2939 3555 3007 obsequitur,
3599 2939 3750 2993 ﬁlius

2166 3031 2479 3085 nominatur
2508 3047 2522 3082 :
2554 3028 2637 3084 sin
2672 3046 2819 3098 eum,
2851 3030 2936 3085 cui
2975 3031 3195 3086 additus
3230 3030 3320 3093 sit,
3355 3043 3594 3100 respuat,
3627 3030 3750 3099 ejus

481 3131 587 3186 iter
621 3138 676 3184 et
733 3145 1017 3184 ascensum
1049 3168 1063 3189 ,
1100 3129 1540 3199 suprarazlestem
1587 3131 2062 3200 pulchritudinem,
2091 3146 2132 3204 ρ
2168 3139 2264 3177 nec
2301 3123 2446 3184 ﬁlius
2472 3125 2687 3192 quidem
2726 3134 2974 3180 VOCalUI‘.
3024 3122 3105 3176 Ad
3142 3126 3390 3180 eumdem
3423 3125 3662 3187 modum,
3691 3134 3749 3177 ει

481 3240 546 3280 ac
572 3223 662 3278 Dei
683 3223 1245 3292 comprehensionem,
1263 3224 1501 3294 denique
1544 3237 1596 3280 et
1621 3226 2059 3293 illustrationem,

481 3318 533 3370 in
565 3325 824 3385 quantum
857 3331 912 3370 se
944 3316 1176 3384 quisque
1208 3315 1275 3368 ad
1313 3315 1363 3369 id
1398 3329 1796 3391 comparasset.
1837 3333 1929 3374 seu
1962 3333 2061 3390 po-

481 3409 586 3463 tius
618 3408 808 3477 Opilex
847 3408 1069 3476 largitus
1101 3418 1264 3461 esset.
1307 3407 1469 3478 Igitur
1499 3409 1584 3464 hic
1614 3411 1701 3465 ille
1734 3411 1919 3480 Upilex
1959 3421 2060 3476 est,

480 3501 571 3569 qui
599 3501 713 3554 lucc
748 3519 765 3550 ι
803 3496 1216 3553 tradiditJacob
1252 3514 1416 3568 puero
1445 3516 1562 3568 suo,
1596 3513 1648 3557 et
1673 3503 1834 3558 Israel
1868 3503 2064 3558 dilecto

481 3609 596 3648 suo.
623 3612 640 3644 ι
681 3592 852 3647 Macte
885 3592 1062 3647 verbis
1092 3599 1143 3644 et
1170 3594 1450 3660 prophetia
1487 3607 1623 3658 esto,
1658 3595 1912 3650 Jeremia.
1945 3595 2062 3650 Non

483 3689 624 3743 enim
683 3690 775 3753 ait,
807 3690 1105 3747 Postremis
1138 3692 1470 3762 temporibus
1504 3691 1838 3760 comparebit
1871 3691 1924 3744 in
1957 3700 2066 3744 ter-

483 3785 580 3844 ris,
633 3793 685 3837 et
735 3785 874 3851 apud
927 3786 1174 3840 homines
1221 3785 1545 3849 versabitur,
1593 3783 1686 3838 sed
1733 3785 1822 3850 qui
1880 3782 2063 3838 futura

478 3875 760 3945 explorata
797 3878 847 3929 in
879 3892 936 3931 se
967 3878 1291 3940 contineret,
1325 3875 1501 3929 futura
1536 3885 1790 3943 tanquam
1823 3891 2060 3945 praesen-

485 3969 554 4022 tia
588 3970 914 4038 prtesagivit.
945 3969 1010 4023 Et
1045 3970 1336 4039 Sapientia:
1359 3973 1472 4024 haec
1506 3978 1586 4024 est
1621 3987 1636 4025 :
1667 3989 1682 4021 ι
1723 3971 1854 4024 Cum
1885 3984 2059 4023 meum

482 4058 678 4115 Filium
725 4077 835 4116 non
888 4063 1180 4130 audierint,
1219 4078 1318 4132 ego
1368 4078 1580 4132 quoque
1613 4077 1705 4118 eos
1744 4077 1851 4118 non
1896 4077 2061 4117 exau-

480 4151 647 4212 diam,
689 4156 865 4222 inquit
901 4154 1163 4210 Dominus
1193 4157 1557 4224 omnipotens.
1607 4174 1624 4203 ι

551 4242 675 4298 Jun.
706 4244 949 4301 Insolens
1000 4248 1154 4301 nobis
1205 4263 1307 4300 non
1341 4249 1574 4310 videtur,
1612 4254 1830 4299 unctum
1865 4260 1890 4298 a
1935 4260 2064 4315 pro-

485 4339 685 4406 phetis,
736 4340 964 4392 Puerum
1013 4349 1068 4394 ct
1119 4339 1315 4393 Filium
1368 4339 1456 4392 Dei
1496 4339 1697 4392 vocari.
1747 4335 1879 4390 Nam
1915 4349 1965 4393 et
1995 4337 2064 4392 de

484 4429 640 4484 nobis
676 4431 843 4484 Isaias
875 4432 1068 4484 clIaIur
1114 4431 1226 4502 (29)
1261 4450 1275 4484 ;
1319 4447 1334 4482 ι
1387 4431 1638 4500 Ephraim
1676 4431 2062 4502 prinwgeuitus

485 4534 635 4572 tuens
666 4531 765 4573 est.
806 4539 825 4571 ι

551 4615 777 4672 Cumsr.
833 4616 1006 4670 Dixin’
1051 4616 1223 4682 vobis,
1281 4618 1413 4687 legis
1466 4626 1827 4687 tegumentum
1873 4633 1978 4672 non
2031 4632 2061 4673 e

484 4705 698 4771 litteris,
726 4708 818 4760 sed
848 4713 1232 4777 vestigatorum
1253 4718 1303 4762 et
1327 4707 1675 4778 quzcsitorum
1709 4707 2060 4777 intelligentia

486 4797 735 4850 censeri?
763 4793 834 4850 Ut
865 4799 1007 4851 enim
1040 4807 1150 4850 tum
1183 4812 1290 4850 non
1316 4811 1503 4851 omnes
1531 4812 1660 4851 sane
1694 4795 1869 4848 vultus
1903 4795 2062 4848 Mosis

488 4888 827 4956 splendorem
865 4888 1116 4960 irrctorte
1151 4887 1521 4953 intuebantur,
1554 4886 1646 4940 sed
1678 4887 1774 4939 soli
1810 4883 2061 4941 divinitus

484 4981 675 5042 electi;
711 4979 781 5032 ita
815 4981 900 5033 hic
927 4995 1141 5049 quoque
1173 4981 1366 5034 tnen1is
1393 4980 1566 5034 oculis
1601 4982 1762 5048 capti,
1799 4979 1864 5032 ad
1895 4994 2060 5031 sacra:

488 5069 782 5141 Scriptura:
816 5071 987 5127 lucem
1016 5073 1333 5137 ementium,
1370 5081 1425 5126 ut
1455 5083 1510 5125 et
1532 5088 1626 5126 vos
1661 5072 1716 5124 in
1755 5071 2057 5139 praesentia.

486 5161 668 5229 Neque
714 5165 854 5217 enim
907 5164 1215 5239 Salomonis
1268 5166 1581 5220 vaticinium
1641 5166 1839 5221 mentis
1874 5175 2062 5218 vestra:

488 5256 765 5309 oculorum
825 5257 1200 5325 lippitudinem
1266 5260 1330 5313 ad
1390 5260 1718 5314 cernendam
1780 5259 2060 5311 veritatem

557 5447 600 5478 ³⁷
640 5446 877 5500 Baruch.
926 5461 1004 5506 ιιι,
1045 5443 1232 5499 36-58.
1311 5443 1375 5475 ’τ’
1414 5441 1549 5497 Gen.
1592 5458 1716 5506 xxv,
1781 5440 1870 5494 23.

490 5519 508 5548 ¹
547 5517 656 5576 lsa.
699 5535 734 5584 t,
779 5520 833 5573 ‘2.
910 5519 928 5549 ³
971 5517 1201 5570 Baruch.
1246 5530 1340 5575 lll,
1385 5515 1471 5568 58.
1549 5513 1569 5544 ⁸
1608 5512 1839 5567 Baruch.
1882 5527 1956 5580 tv,
1998 5513 2048 5566 1.

556 5675 667 5745 (‘29)
700 5673 810 5729 luto
843 5670 1106 5728 Jeremias
1135 5669 1368 5745 xxxt,_9.

1947 5441 1993 5472 ⁸⁸
2034 5439 2168 5494 Gen.
2211 5455 2441 5507 xxxvut,
2483 5439 2570 5495 9:9.

2126 5512 2146 5542 '
2189 5511 2322 5566 ibid.

2165 3225 2420 3287 parentes
2441 3217 2627 3282 vestri,
2663 3219 2751 3286 qui
2783 3216 2950 3270 Deum
2982 3217 3302 3286 reliquerint
3331 3231 3392 3269 ac
3413 3217 3746 3283 respuerint,

2164 3318 2221 3362 ut
2249 3305 2416 3363 Isaias
2461 3308 2556 3374 ait,
2597 3299 2931 3376 dazmonibus
2981 3309 3172 3373 additi,
3213 3323 3340 3363 vere
3389 3307 3605 3362 Satanae
3646 3309 3746 3362 lilii

2165 3411 2313 3457 sunt.
2990 3468 2993 3471 η
3042 3412 3047 3417 “
3259 3421 3263 3424 ·

2234 3491 2505 3548 Caeterum
2527 3490 2790 3547 Jeremias
2809 3501 2931 3561 post
2960 3491 3010 3544 id
3044 3491 3249 3545 dictum
3281 3507 3334 3544 ει
3369 3491 3464 3552 Hie
3487 3503 3567 3546 cet
3603 3496 3748 3547 Dens

2166 3594 2349 3640 noster
2397 3593 2451 3640 et
2505 3585 2558 3638 in
2612 3584 2773 3640 terris
2817 3584 2964 3638 visus
3005 3593 3108 3659 est,
3160 3592 3214 3636 et
3262 3598 3380 3636 cum
3435 3584 3749 3641 hominibus

2165 3688 2518 3733 conversatus
2548 3677 2700 3743 est';
2731 3696 2749 3729 ι
2775 3677 2957 3737 subdit
2986 3693 3000 3731 :
3029 3695 3046 3727 ι
3073 3660 3168 3730 Hic.
3202 3675 3336 3730 liber
3364 3675 3744 3729 mandatorum

2166 3771 2259 3827 Dei
2290 3775 2332 3826 ⁸.
2380 3792 2396 3823 τ
2434 3769 2601 3838 Quis?
2649 3771 2815 3838 Quem
2861 3770 2970 3840 jam
3000 3772 3137 3826 dixit
3170 3786 3184 3824 :
3225 3787 3243 3822 ι
3285 3769 3349 3823 Et
3399 3771 3481 3822 lcx
3513 3785 3632 3838 quia:
3656 3778 3750 3824 est

2165 3866 2216 3919 in
2244 3874 2504 3919 aeternum
2543 3883 2557 3918 :
2591 3879 2780 3917 omnes
2812 3863 2900 3932 qui
2939 3872 3122 3925 tenent
3152 3877 3292 3930 eam,
3330 3860 3642 3930 pervenient
3675 3863 3747 3939 ad

2165 3960 2330 4014 vitam
2357 3976 2370 4012 :
2396 3958 2485 4026 qui
2510 3968 2690 4010 autem
2725 3957 3131 4025 dereliqucrunt
3153 3971 3294 4022 eam,
3315 3957 3365 4008 in
3394 3965 3618 4011 mortem
3642 3953 3684 4006 '.
3721 3971 3742 4003 ι

2164 4051 2244 4104 En
2275 4051 2426 4105 vobis
2458 4050 2754 4103 naturalem
2797 4047 3028 4114 Filium;
3069 4063 3241 4116 neque
3277 4048 3417 4102 enim
3452 4054 3747 4106 contentus

2164 4155 2249 4200 cst
2277 4143 2538 4216 propheta
2578 4143 2780 4198 dixisse
2817 4160 2830 4197 :
2868 4160 2884 4194 ι
2935 4141 3030 4197 llic
3053 4153 3137 4196 est
3173 4141 3311 4195 Deus
3354 4151 3559 4204 noster,
3600 4150 3652 4193 et
3687 4138 3747 4192 in

2167 4237 2328 4292 terris
2349 4220 2498 4291 visus
2517 4245 2621 4301 est,
2651 4246 2841 4289 etcum
2873 4234 3182 4288 horninibus
3206 4242 3561 4296 conversatus
3588 4240 3689 4296 est,
3721 4249 3742 4282 ι

2164 4331 2257 4394 sed
2285 4327 2375 4397 Dei
2412 4341 2801 4398 prmeeptorum
2833 4332 2991 4389 etiam
3020 4327 3216 4382 librum
3249 4325 3562 4396 appellavit,
3599 4325 3752 4379 scili-

2166 4431 2253 4477 cet
2283 4423 2396 4487 Dei,
2430 4433 2482 4476 et
2513 4420 2712 4494 Patris,
2751 4431 2803 4472 et
2840 4421 2890 4472 in
2941 4418 3256 4486 perpetuum
3310 4410 3628 4470 duraturam
3666 4417 3746 4469 le-

2095 4500 2140 4555 D
2170 4531 2311 4585 gem,
2343 4514 2392 4569 id
2419 4524 2518 4578 est,
2551 4527 2863 4583 perennem,
2899 4513 3017 4567 sine
3050 4511 3416 4572 successione,
3452 4508 3744 4576 impatien-

2163 4617 2268 4673 tem
2307 4607 2442 4672 linis.
2480 4606 2641 4669 Addit
2683 4621 2696 4658 :
2739 4623 2756 4656 ι
2797 4604 2896 4670 Qui
2938 4614 3121 4658 tenent
3156 4619 3299 4666 eam,
3328 4604 3644 4670 pervenient
3674 4602 3746 4655 ad

2162 4698 2350 4763 vitam,
2388 4717 2409 4749 ι
2450 4707 2706 4751 :eternam
2757 4695 2943 4764 procul
2993 4694 3177 4748 dubio.
3220 4693 3351 4746 Nam
3404 4695 3495 4762 qui
3543 4703 3747 4746 aeterno

2161 4791 2419 4855 servient,
2443 4800 2702 4859 aeternum
2725 4804 2828 4841 una
2855 4789 3015 4846 etiam
3043 4779 3359 4855 regnabunt.
3394 4806 3411 4837 ι
3444 4787 3543 4852 Qui
3562 4796 3743 4854 autem

2161 4881 2567 4952 dereliquerunt
2615 4895 2755 4943 eam,
2807 4879 2859 4932 in
2905 4888 3167 4944 mortem;
3211 4896 3226 4928 ι
3262 4878 3315 4943 in
3348 4889 3578 4931 mortem
3613 4893 3746 4940 sane

2159 4954 2268 5038 non
2316 4977 2455 5028 hanc
2504 4989 2565 5046 se
2597 4973 2852 5030 iuduCent
2886 4972 3216 5040 corporalem
3261 4969 3440 5041 (nemo
3476 4980 3556 5024 est
3594 4972 3742 5026 enim

2161 5070 2434 5127 hominum
2491 5067 2678 5131 mortis
2732 5066 2972 5138 expers),
3027 5065 3119 5118 sed
3174 5063 3374 5130 animi;
3421 5077 3538 5132 quae
3586 5071 3640 5115 et
3687 5065 3744 5121 in

2163 5163 2428 5219 exstincto
2465 5162 2588 5232 igne
2620 5175 2838 5228 semper
2882 5161 3089 5223 ardeat,
3126 5168 3178 5212 et
3228 5171 3500 5224 nunquam
3537 5171 3742 5214 consu-

2165 5263 2362 5308 matur.
2417 5253 2571 5318 Quod
2623 5252 2667 5305 si
2717 5237 2782 5306 ex
2817 5250 2966 5304 lsaiw
3001 5263 3217 5319 quoque
3248 5249 3504 5301 vaticinio
3542 5248 3746 5302 intellio

2649 5440 2694 5472 9’
2734 5437 2903 5495 Exod.
2940 5454 3013 5507 tv,
3055 5437 3143 5492 2'2.
3225 5435 3238 5464 ¹
3280 5431 3480 5490 Jerem.
3527 5452 3602 5503 ιι,
3653 5435 3744 5491 l3.

557 5730 668 5819 {50)
707 5747 816 5801 lino
846 5746 1015 5800 Exod.
1061 5759 1130 5809 vt,
1161 5730 1378 5797 22.'Sic
1419 5757 1446 5796 a
1482 5739 1541 5796 S.
1580 5739 1747 5797 Paulo
1777 5739 2042 5795 secundus
2089 5737 2258 5793 Adam
2288 5743 2340 5792 et
2380 5732 2591 5788 laturus
2625 5730 2840 5787 dicitur.
