3788 6196
505 270 614 339 84³1

1730 270 2161 334 ANDRONI'CI
2201 269 2547 332 COMNENI
3622 268 3707 332 848

506 389 814 460 evangelici)
855 388 1125 458 praeconio
1167 389 1434 444 cervicem
1479 386 1807 457 subjecerat,
1849 387 2074 459 reliquis
2109 397 2149 451 Α
2180 385 2452 454 idemque'
2479 399 2695 438 rursum
2747 381 2988 438 ibidem:
3031 401 3047 433 ι
3094 382 3316 437 Orietnr
3355 381 3501 438 stella
3540 398 3596 438 es
3638 384 3709 437 la-

499 485 712 554 populis
741 482 1016 553 palearum
1065 482 1237 536 instar
1281 482 1575 537 devoratis.
1616 497 1633 532 ‹
1669 481 1736 535 Ει
1770 479 2069 534 delectabi-

506 586 590 627 tur
646 571 826 626 infans
878 572 946 625 ab
1009 573 1172 627 ubere
1224 586 1385 640 super
1439 571 1705 626 foramine
1762 567 1987 638 aspidis.
2046 587 2065 621 ι

502 665 682 718 lnlans
713 674 876 731 atque
910 661 1114 717 lactens
1141 661 1433 728 Christus;
1465 663 1699 731 aspides,
1732 669 1788 716 et
1826 662 2071 732 aspidum

501 756 714 810 soboles
747 753 1003 809 Pharisaei
1056 771 1115 809 ac
1144 755 1346 809 Scrihae
1394 764 1522 808 sunt
1570 754 1944 825 intelligendi;
1978 769 2072 809 ca-

504 862 664 901 verna
712 857 767 900 et
833 845 1010 900 cubile
1046 843 1352 900 Iudaeorum
1402 856 1485 900 est
1537 845 1857 917 Synagoga,
1909 861 2070 916 quam

500 941 799 1010 prmsidens
843 940 898 993 in
957 939 1192 1009 templo,
1251 951 1300 996 et
1359 956 1576 996 manum
1631 944 1841 1013 agitans
1898 943 2072 998 dulcis

498 1029 656 1084 Jesus
701 1033 952 1090 docebat.
989 1049 1007 1081 ι
1044 1029 1159 1085 Non
1203 1034 1496 1096 nocebunt,
1543 1043 1597 1088 et
1642 1049 1748 1088 non
1795 1035 2068 1101 occident,

501 1121 550 1173 in
599 1121 850 1175 universo
899 1129 1083 1175 monte
1129 1134 1318 1176 sancto
1370 1136 1510 1175 meo.
1552 1141 1570 1174 ι
1627 1123 1856 1178 Rursum
1896 1124 2072 1196 Syna-

501 1228 650 1281 gogze
689 1211 960 1266 inscitiam
1011 1220 1164 1264 notat
1204 1229 1218 1264 :
1258 1227 1362 1265 non
1404 1213 1579 1266 solum
1631 1215 1775 1267 enim
1817 1216 2070 1285 unigeni-

501 1315 609 1358 tum
651 1304 739 1357 Dei
779 1302 970 1358 Filium
1008 1305 1056 1357 in
1093 1318 1308 1357 crucem
1343 1315 1522 1362 actum
1566 1320 1668 1359 non
1701 1317 2069 1375 peremerunt,

500 1401 592 1453 sed
659 1400 824 1452 etiam
905 1414 1041 1466 quos
1107 1399 1182 1450 illi
1253 1399 1403 1466 prius
1469 1398 1628 1452 morti
1701 1401 2069 1464 dimiserant,

501 1491 586 1544 hic
614 1504 680 1544 ex
722 1489 949 1543 mortuis
998 1486 1328 1557 postliminio
1407 1489 1665 1544 restituit.
1750 1509 1769 1541 ι
1804 1491 2068 1557 Quoniam

501 1585 702 1651 repleta
755 1591 837 1634 est
883 1589 1027 1634 terra
1092 1578 1316 1634 scientia
1385 1581 1670 1636 Domini.»
1728 1581 1860 1635 Nam
1920 1592 2066 1653 post-

498 1689 658 1742 quam
710 1675 774 1727 ad
845 1673 1050 1728 inferos
1110 1667 1310 1729 missus
1365 1686 1440 1729 est
1495 1676 1635 1730 Deus
1685 1677 1845 1730 humo
1885 1673 2065 1742 Jesus,

2185 479 2306 544 cob,
2345 486 2402 529 et
2431 487 2688 549 exsurget
2718 477 2879 529 homo
2907 491 2968 529 ex
3011 474 3274 542 lsrae],et
3291 475 3550 540 percutiet
3577 477 3707 530 dum

2183 570 2336 626 Moab
2365 573 2432 637 ⁸⁸,
2471 589 2489 622 i
2521 581 2575 625 et
2611 586 2730 639 qua:
2755 580 3076 639 sequuntur.

2252 663 2518 719 Ceterum
2564 677 2750 716 verum
2803 662 2968 716 Deum
3015 677 3139 716 esse
3195 661 3469 719 Christum
3500 701 3512 721 .
3574 662 3702 717 Isaias

2183 757 2498 825 comprobat
2529 755 2611 809 his
2645 756 2824 810 verbis
2861 771 2876 808 ε
2913 771 2930 804 ί
2971 751 3088 807 Non
3121 755 3460 826 angelorum,
3496 771 3592 807 non
3636 757 3708 808 ho-

2185 850 2384 900 minum
2414 847 2727 916 quisquam,
2776 847 2866 900 sed
2915 845 3027 913 ipse
3088 862 3185 898 nos
3241 845 3500 899 Dominus
3558 861 3707 900 serva.

2184 940 2256 993 vit
2285 941 2363 1004 ²¹;
2403 958 2421 990 i
2463 949 2626 1007 atque
2656 941 2795 995 idem
2840 954 3054 994 rursum
3089 957 3102 993 :
3139 956 3156 987 ι
3198 939 3335 994 Ecce
3360 952 3544 992 servus
3571 955 3707 1001 meus,

2180 1031 2471 1101 suscipiam
2513 1046 2636 1086 eum
2698 1049 2712 1085 :
2765 1030 2974 1085 electus
3033 1046 3185 1085 meus
3245 1049 3259 1090 :
3316 1030 3441 1084 dedi
3492 1027 3708 1098 Spiritum

2182 1138 2356 1176 meum
2382 1135 2544 1192 super
2565 1138 2688 1176 eum
2729 1140 2742 1175 :
2782 1123 3046 1192 judicium
3066 1123 3320 1191 gentibus
3344 1121 3571 1190 proferet
3593 1137 3606 1176 ;
3629 1137 3708 1174 non

2177 1216 2490 1278 contendet,
2526 1230 2632 1268 non
2665 1216 2940 1275 clamabit.
2967 1214 3246 1269 Calamum
3283 1223 3586 1284 quassatum
3628 1231 3707 1267 non

2178 1318 2446 1371 conteret,
2467 1317 2520 1362 et
2540 1308 2708 1362 linum
2737 1309 3005 1377 funiigans
3035 1323 3138 1361 non
3157 1309 3487 1376 exstinguet.
3519 1307 3619 1361 Non
3635 1314 3712 1360 erit

2181 1401 2371 1463 tristis,
2404 1415 2580 1468 neque
2603 1400 2962 1463 turbulentus,
2995 1401 3165 1456 donec
3186 1409 3350 1467 ponat
3375 1399 3580 1452 interra
3596 1401 3710 1467 judi-

2175 1491 2341 1558 cium,
2373 1504 2426 1545 et
2460 1493 2511 1546 in
2542 1492 2756 1546 nomine
2778 1490 2892 1558 ejus
2918 1500 3104 1560 gentes
3146 1492 3520 1559 sperabunt“.
3549 1511 3565 1540 ι
3601 1492 3711 1543 Idem

2177 1586 2241 1638 de
2257 1582 2464 1639 Joanne
2481 1584 2719 1652 Baptista
2743 1603 2756 1638 :
2790 1602 2807 1634 ι
2830 1583 3026 1654 Regem
3048 1599 3167 1636 cum
3182 1583 3353 1651 gloria
3372 1584 3658 1637 videbitis”
3676 1601 3709 1647 ;i

2174 1688 2269 1728 et:
2311 1693 2329 1727 ι
2366 1674 2476 1729 Vox
2521 1675 2805 1730 clamantis
2837 1677 2889 1730 in
2930 1676 3183 1730 deserto:
3221 1674 3420 1730 Parata
3467 1677 3594 1729 viam
3640 1676 3710 1727 Do

501 1775 611 1818 tutu
643 1780 768 1819 vero
799 1765 1172 1834 evangelicum
1217 1768 1545 1836 prwconium
1599 1769 1771 1837 magis
1803 1767 2141 1839 propaga-B
2173 1767 2326 1820 mini.
2365 1768 2563 1822 [lectas
2592 1768 2751 1822 facite
2777 1769 2998 1823 semitas
3026 1769 3126 1821 Dei
3157 1769 3346 1823 vestri.
3379 1768 3566 1823 Omnis
3593 1767 3715 1820 vallis

499 1865 610 1910 tum
655 1866 759 1911 est.
805 1875 825 1909 ι
865 1858 1014 1912 Sicut
1049 1874 1200 1928 aqua:
1247 1875 1396 1913 mare
1447 1861 1775 1928 operientes.
1813 1879 1832 1912 ι
1889 1861 2073 1928 Quod-

499 1964 621 2005 nam
649 1965 798 2005 mare
828 1951 986 2022 aquis
1011 1951 1298 2022 operitur?
1324 1953 1387 2006 Et
1430 1951 1852 2006 simulacrorum
1894 1953 2072 2008 cultus

495 2056 708 2112 aequor,
760 2052 813 2095 et
867 2041 1142 2099 inhaerens
1195 2044 1248 2096 in
1306 2043 1420 2114 lege
1474 2043 1764 2099 umbratile
1809 2044 2070 2114 quiddam

497 2142 660 2203 atque
705 2133 1108 2202 imperfectum.
1144 2153 1162 2187 ι
1196 2134 1251 2189 In
1303 2135 1390 2188 illa
1445 2135 1532 2190 die
1564 2137 1715 2190 radix
1765 2135 1937 2201 Iesse,
1978 2137 2069 2208 qui

498 2236 608 2278 sint
639 2225 691 2280 in
726 2226 942 2294 signum
975 2227 1319 2296 populorum,
1352 2227 1405 2280 in
1455 2228 1636 2298 ipsum
1667 2236 1857 2298 gentes
1886 2243 2074 2299 spera.

498 2320 654 2375 bunt.
688 2338 709 2372 ι
749 2317 1031 2374 Sententia
1063 2319 1179 2376 haec
1209 2332 1296 2376 est
1326 2339 1343 2378 :
1379 2319 1482 2388 Qui
1511 2336 1578 2377 ex
1621 2324 1850 2379 mortuis
1894 2341 2074 2381 resur-

496 2422 588 2482 get
625 2410 712 2466 die
741 2427 770 2466 a
808 2412 1065 2468 Sabbatis
1099 2413 1292 2479 altero,
1321 2429 1391 2468 ex
1418 2415 1616 2470 lesstea
1644 2415 1814 2485 stirpe
1842 2415 1974 2483 erit,
2014 2417 2068 2472 in

499 2517 678 2570 eoque
735 2514 886 2572 spem
938 2501 1235 2568 habebunt,
1269 2516 1374 2557 non
1427 2504 1515 2573 qui
1556 2520 1586 2560 e
1637 2505 1945 2577 Synagoga,
1976 2507 2070 2561 sed

495 2611 559 2651 ex
589 2597 866 2665 gentibus.
901 2613 921 2647 ι
957 2592 1025 2650 Et
1055 2597 1161 2649 erit
1196 2594 1503 2664 sepulcrum
1533 2597 1653 2667 ejus
1683 2595 2003 2668 gloriosum,
2043 2615 2064 2652 ι

495 2703 588 2743 seu
618 2705 632 2742 :
667 2705 688 2739 ι
716 2685 847 2758 Ejus
880 2688 1096 2757 requies
1130 2693 1235 2742 erit
1270 2688 1464 2743 honor.
1500 2704 1518 2738 ι
1566 2688 1705 2742 Ecce
1752 2697 1938 2756 aperte
1975 2689 2068 2744 Dei

499 2794 721 2847 regnum
747 2794 764 2844 ;
791 2793 966 2847 neque
991 2778 1136 2833 enim
1163 2779 1214 2831 in
1237 2792 1344 2848 quo
1367 2778 1678 2848 acquiescat
1706 2778 1820 2834 Rex
1856 2791 2067 2846 noster,

497 2871 734 2940 equites,
765 2887 937 2938 arma,
973 2871 1308 2942 cataphracti
1364 2880 1419 2926 et
1459 2871 1723 2928 satellites
1755 2882 1940 2937 erunt,
1968 2874 2065 2928 sed

496 2966 674 3021 honor
694 2964 933 3019 divinus.
964 2963 1081 3030 Quo
1103 2963 1356 3035 pertinet,
1385 2962 1528 3034 quod
1555 2962 1849 3031 majoribus
1870 2965 2070 3020 vestris

499 3054 760 3110 Servatur
785 3055 923 3109 dixit
952 3072 968 3110 :
1011 3073 1030 3107 ι
1062 3053 1167 3121 Qui
1200 3069 1306 3109 non
1341 3055 1666 3110 lionoriﬁcat
1697 3053 1919 3122 Filium,
1955 3071 2062 3111 non

496 3151 816 3209 honeriﬂcat
834 3151 1140 3218 Patrem“;
1177 3170 1195 3204 ι
1222 3163 1306 3207 et:
1333 3171 1350 3204 ι
1377 3151 1434 3206 Si
1464 3153 1855 3220 cognovissetis
1884 3166 1989 3218 me,
2012 3163 2065 3207 et
2091 3125 2135 3184 C

491 3245 710 3302 Patrem
747 3261 929 3300 meum
959 3247 1145 3314 utique
1170 3247 1561 3315 cognovissetis
1589 3245 1654 3298 ".
1688 3262 1707 3296 ι

1019 3355 1248 3413 CAPUT
1306 3354 1550 3414 XXXIV.

635 3451 872 3507 Aliorum
918 3453 1296 3523 prophetarum
1343 3452 1562 3506 oracula
1605 3453 1668 3506 de
1691 3450 1923 3508 Christo.

567 3541 672 3602 Sed
705 3547 814 3615 jam
850 3548 1038 3615 probe,
1066 3546 1284 3613 opinor,
1341 3543 1493 3600 lsaia:
1538 3545 1718 3602 verbis
1763 3547 2045 3616 expositis,

494 3640 724 3696 aliorum
754 3653 970 3710 quoque
1014 3650 1198 3694 vatuin
1241 3639 1541 3693 sententias
1583 3639 1836 3694 edamus.
1881 3638 2066 3709 itaque

496 3731 565 3784 de
623 3728 1000 3798 Hierosolyma
1053 3725 1342 3782 conﬁrmat
1415 3726 1579 3780 David
1627 3743 1646 3780 :
1693 3743 1716 3781 ς
1745 3724 1965 3792 Homo,
2011 3737 2069 3782 et

499 3823 662 3877 homo
693 3829 853 3875 natus
882 3827 966 3874 est
996 3820 1051 3875 in
1079 3834 1144 3875 ea
1166 3836 1183 3875 :
1207 3831 1261 3874 et
1293 3821 1408 3890 ipse
1441 3818 1690 3874 fundavit
1715 3835 1833 3875 eam
1853 3819 2072 3876 Altissi-

499 3929 621 3969 mus
647 3911 712 3967 “.
746 3929 767 3965 δ
803 3911 899 3966 Est
928 3921 1108 3965 autem
1138 3925 1331 3966 sensus
1376 3909 1688 3980 bnjnsmodi
1724 3928 1742 3966 :
1771 3909 2068 3979 Supremus

501 4008 548 4062 is
577 4004 668 4075 qui
703 4007 842 4059 hanc
877 4001 1316 4074 Hierosolymam
1349 4004 1614 4070 condidit,
1655 4007 1710 4059 in
1745 4020 1806 4058 ea
1839 4004 2068 4074 denique

501 4101 663 4156 homo
691 4108 849 4151 natus
875 4104 980 4152 est.
1011 4095 1076 4151 Et
1108 4095 1279 4151 Isaias
1308 4113 1318 4149 :
1373 4114 1393 4148 ι
1427 4094 1565 4151 Ecce
1591 4096 1742 4167 virgo
1773 4095 2068 4165 concipiet,

500 4203 556 4249 et
586 4187 985 4261 parietiilium,
1034 4197 1089 4242 et
1124 4186 1410 4241 vocabitur
1440 4201 1638 4241 nomen
1683 4185 1800 4254 ejus
1851 4187 2070 4241 Emma-

504 4285 746 4340 nuel".s
783 4281 950 4337 Porro
984 4279 1298 4334 Emmanuel
1322 4277 1628 4345 Hebraeum,
1651 4276 1840 4332 Latine
1871 4276 2067 4334 Nobis-

501 4393 620 4433 cum
647 4375 810 4439 Deus,
847 4374 1111 4428 redditur.
1165 4371 1310 4427 idem
1366 4386 1583 4425 rursum
1615 4385 1629 4424 :
1672 4387 1691 4422 ι
1727 4373 1946 4424 Accessi
1996 4371 2063 4425 ad

2176 1859 2489 1927 implebitur
2541 1876 2558 1925 ;
2608 1869 2665 1915 et
2704 1861 2883 1914 omnis
2927 1875 3081 1914 mens
3141 1870 3195 1914 et
3240 1861 3399 1913 collis
3439 1858 3712 1914 humiliatu-

2175 1961 2260 2004 tur
2292 1951 2359 2003 ’⁸.
2401 1969 2418 2002 ι
2461 1950 2696 2005 Montem
2739 1962 2901 2021 atque
2946 1952 3142 2005 collem
3187 1952 3274 2006 liic
3315 1956 3612 2007 daemonum
3642 1969 3716 2005 co-

2173 2042 2292 2113 pias
2314 2043 2585 2107 existima,
2606 2059 2722 2111 qua:
2746 2044 2883 2098 cudo
2899 2042 2967 2097 ob
2996 2042 3301 2112 SUperbiam
3335 2044 3644 2103 deturbant,
3662 2044 3713 2094 ad

2174 2145 2330 2190 terrae
2360 2136 2463 2188 ima
2485 2135 2754 2202 depressa:
2775 2145 2932 2202 sunt;
2965 2135 3178 2201 vallem,
3201 2136 3479 2188 hominum
3510 2144 3716 2188 naturam

2170 2242 2295 2297 qua:
2350 2229 2420 2281 ob
2478 2229 2789 2299 superbiam
2852 2231 3135 2298 depressa,
3174 2243 3396 2283 rursum
3438 2225 3530 2280 Dei
3579 2227 3716 2295 gloria

2175 2319 2399 2390 repleta,
2452 2330 2614 2390 atque
2672 2321 2724 2375 in
2771 2322 2943 2376 cmlos
2976 2336 3005 2376 e
3056 2330 3204 2375 terra
3255 2320 3472 2374 sublata
3514 2331 3634 2372 est:
3679 2318 3718 2371 id

2172 2414 2318 2467 enim
2372 2411 2669 2482 signiﬁcat,
2731 2416 2873 2482 quod
2926 2414 3078 2468 addit
3120 2430 3135 2468 :
3206 2431 3224 2465 ι
3262 2411 3443 2466 Erunt
3489 2426 3637 2481 prava
3679 2415 3717 2461 iu

2173 2505 2403 2571 directa,
2441 2515 2496 2558 et
2542 2520 2732 2574 aspera
2790 2507 2840 2560 in
2889 2507 3004 2559 vias
3065 2507 3280 2573 planas,
3321 2516 3372 2557 et
3432 2503 3719 2560 revelabitur

2169 2595 2341 2664 gloria
2400 2595 2638 2660 Domini,
2696 2605 2752 2652 et
2806 2597 3007 2650 videbit
3070 2597 3251 2651 omnis
3307 2608 3445 2650 caro
3515 2594 3717 2648 salutare

2170 2693 2264 2747 Dei
2297 2694 2366 2749 ".
2401 2712 2422 2746 ν
2452 2690 2523 2746 Et
2561 2692 2726 2744 Amos
2774 2691 3039 2758 prepheta
3067 2690 3144 2742 ait
3174 2706 3190 2742 :
3234 2706 3252 2740 ι
3295 2689 3348 2742 ιη
3380 2690 3472 2741 die
3503 2687 3589 2741 illa
3615 2703 3715 2742 sus-

2169 2783 2350 2839 citabo
2406 2783 2818 2838 tabernaculum
2878 2782 3088 2845 David,
3147 2781 3294 2851 quod
3343 2781 3544 2834 cecidit
3594 2797 3608 2834 :
3679 2790 3719 2831 et

2172 2877 2509 2933 rcaadiﬂcabo
2550 2886 2842 2945 aperturas
2893 2888 3168 2928 murorum
3219 2871 3361 2942 ejus,
3422 2883 3477 2928 et
3524 2887 3584 2926 ea
3623 2885 3718 2938 qua:

2170 2978 2512 3034 corruerant,
2544 2966 2911 3023 instaurabo:
2961 2976 3016 3021 et
3055 2965 3397 3020 remdilicabo
3441 2963 3566 3019 illud
3606 2966 3717 3018 sicut

2172 3063 2226 3116 in
2277 3063 2465 3116 diebus
2495 3061 2754 3132 antiquis,
2795 3078 2812 3111 ι
2856 3068 2916 3113 ιιι
2959 3059 3245 3128 exquirant
3277 3059 3471 3128 reliqui
3511 3056 3715 3110 homines

2173 3155 2484 3220 Dominum,
2541 3165 2597 3209 et
2648 3167 2842 3208 omnes
2883 3161 3072 3223 gentes
3139 3165 3308 3220 super
3367 3165 3510 3219 quas
3541 3149 3719 3201 invoca-

2172 3254 2283 3298 tum
2317 3256 2398 3298 est
2430 3259 2625 3298 nomen
2682 3258 2881 3298 meum.
2915 3261 2933 3294 ι
2975 3242 3039 3297 Et
3068 3244 3200 3297 dicit
3251 3241 3518 3296 Dominus
3548 3239 3717 3293 faciens

2171 3336 2288 3390 huic
2351 3337 2414 3387 “.
2450 3353 2468 3388 ι
2529 3334 2698 3407 Quem
2753 3350 2883 3390 vero
2918 3332 3094 3388 Deum
3141 3335 3331 3404 reliqui
3366 3337 3611 3390 homines
3652 3351 3718 3387 rc-

2171 3428 2530 3496 quisiverunt,
2569 3427 2793 3495 cujusve
2829 3426 2928 3481 Dei
2974 3427 3195 3482 nomine
3237 3437 3293 3481 et
3344 3443 3523 3481 censis
3545 3436 3654 3481 sunt
3678 3434 3718 3479 et

2173 3532 2496 3574 censeantur
2522 3533 2731 3591 gentes.
2764 3522 2864 3575 nisi
2900 3521 3056 3588 plane
3092 3522 3351 3591 unigeniti
3377 3521 3626 3580 DeiFilii,
3648 3519 3718 3570 Οςὶ

2171 3608 2407 3666 hominis
2445 3609 2567 3666 Jesu
2594 3611 2833 3667 Christi?
2865 3612 3312 3681 quemadmodum
3371 3613 3573 3666 clamat
3595 3607 3719 3667 Jcre-

2172 3705 2309 3757 mias
2340 3721 2357 3758 :
2398 3721 2416 3756 ‹
2443 3701 2611 3758 Homo
2637 3715 2742 3771 est,
2771 3714 2826 3757 et
2853 3705 2972 3773 quis
2999 3715 3283 3774 cognoscet
3307 3718 3435 3758 eum
3468 3705 3545 3757 ³⁷7
3569 3722 3585 3755 ι
3619 3703 3718 3772 quia

2174 3804 2230 3849 et
2262 3796 2400 3851 Deus
2445 3805 2548 3850 est.
2579 3796 2642 3851 Et
2677 3796 2843 3851 David
2881 3812 2945 3851 ex
3004 3813 3233 3866 persona
3281 3796 3488 3854 Christi
3519 3813 3536 3852 :
3571 3795 3722 3849 «Con-

2177 3887 2368 3942 ﬂtcbor
2411 3888 2545 3955 tibi,
2613 3889 2838 3944 Domine
2891 3889 3031 3946 Deus
3089 3904 3272 3955 meus,
3307 3901 3388 3950 ,et
3441 3890 3722 3961 gloriﬁcaho

2175 3995 2371 4035 nomen
2408 3970 2595 4048 tuum;
2635 3999 2653 4033 ι
2691 3980 2745 4034 id
2772 3993 2874 4047 est,
2918 3980 3276 4052 magniﬁcabo
3316 3992 3372 4037 et
3401 3981 3717 4052 praedicabo;

2181 4088 2201 4122 ι
2231 4068 2364 4137 Quia
2411 4072 2780 4127 misericordia
2815 4079 2904 4126 tua
2945 4089 3136 4144 magna
3175 4082 3259 4128 est
3299 4088 3464 4142 super
3497 4088 3577 4128 me
3607 4071 3713 4123 ":i

2174 4179 2284 4219 non
2320 4164 2615 4218 secundum
2676 4165 3044 4234 aequalitatem
3100 4179 3236 4220 mea:
3281 4165 3602 4229 divinitatis,
3643 4160 3717 4216 sed

2175 4255 2473 4311 secundum
2511 4255 2614 4311 mei
2645 4257 2892 4327 corporis
2921 4257 3173 4327 gloriam.
3217 4257 3369 4313 Meus
3408 4258 3552 4312 enim
3589 4255 3719 4309 Jesus

2178 4347 2448 4417 perfectus
2497 4348 2662 4415 Deus,
2703 4349 2865 4404 etiam
2911 4350 3185 4421 perfectus
3231 4352 3394 4405 homo
3433 4351 3604 4404 factus
3633 4355 3716 4409 εει,

503 4472 900 4543 prophetissam
926 4508 944 4534 ν
993 4476 1045 4522 ει
1094 4465 1362 4534 concepi“
1409 4475 1465 4518 ει
1511 4465 1725 4534 peperit
1769 4463 1957 4517 mium.
2004 4465 2068 4518 Ει
2105 4488 2149 4544 D
2179 4457 2319 4495 unus
2347 4441 2646 4544 exiduabus
2678 4441 2922 4508 naturis,
2946 4458 3174 4512 quarum
3196 4441 3286 4498 illa
3316 4459 3439 4513 qua:
3469 4444 3714 4544 ineat-nata

503 4567 639 4621 dixit
668 4563 925 4618 Dominus
958 4561 1025 4615 ad
1066 4573 1193 4614 me:
1226 4555 1367 4612 Voca
1403 4568 1595 4610 nomen
1640 4555 1777 4626 ejus,
1810 4557 2072 4612 Accelera

504 4663 673 4731 spolia
703 4660 985 4716 detrahere
1033 4673 1049 4713 :
1105 4654 1300 4709 festina
1342 4653 1572 4723 praedari
1622 4653 1693 4708 ".
1728 4672 1746 4706 ι
1793 4651 1860 4706 Et
1896 4652 2074 4709 uoses

507 4753 559 4806 in
606 4751 963 4804 Numerorum
1000 4747 1183 4802 libro:
1219 4764 1239 4797 ι
1269 4744 1487 4801 Orietur
1541 4747 1702 4799 homo
1754 4761 1822 4800 ex
1872 4743 2077 4799 semine

498 4843 692 4908 israel,
741 4851 796 4898 et
826 4839 1114 4910 imperabit
1147 4837 1329 4891 multis
1362 4837 1634 4906 gentibus,
1657 4845 1712 4890 et
1739 4834 2075 4889 exaltabitur

505 4951 733 5004 regnum
790 4931 926 5003 ejus.
986 4929 1332 4984 Devorabunt
1393 4940 1581 5000 gentes
1640 4930 1824 4983 hostes
1876 4926 2020 4982 illius
2053 4965 2067 4992 ,

504 5039 736 5094 ossaque
770 5037 954 5077 eorum
986 5007 1348 5087 confringent,
1392 5028 1447 5071 et
1492 5013 1846 5086 perforabunt
1900 5013 2069 5080 sagit-

510 5121 578 5174 tis
612 5118 674 5185 ",
713 5134 733 5168 ι
776 5113 919 5170 illius
945 5113 1245 5168 inimicum.
1301 5109 1484 5165 Hostis
1516 5124 1644 5165 vero
1688 5109 1775 5163 hic
1819 5105 2068 5162 diabolus

505 5221 592 5268 est
623 5209 1022 5278 intelligendus,
1053 5205 1278 5260 missilia
1308 5201 1508 5260 Christi
1541 5202 1792 5272 stigmata
1821 5209 1876 5256 et
1901 5211 2066 5268 notae,

580 5376 624 5408 “
654 5375 810 5430 Juan.
843 5390 896 5438 v,
951 5371 1044 5426 25.
1120 5371 1162 5403 ⁸⁸
1194 5368 1349 5425 Joan.
1390 5384 1500 5432 ειν,
1531 5371 1585 5424 ’1.

1661 5368 1707 5402 ³⁸
1731 5365 1872 5423 Psal.
1911 5378 2169 5433 ccxxxvr,
2222 5362 2279 5420 5.

2180 4545 2292 4600 est,
2340 4532 2638 4599 deificavit,
2686 4549 2808 4603 qua:
2855 4545 2984 4589 vero
3033 4550 3238 4590 carnea
3291 4544 3449 4600 erat,
3500 4532 3716 4588 deiﬁcata

2179 4631 2264 4678 est
2295 4622 2427 4692 (51).

2253 4753 2272 4788 ι
2311 4733 2377 4788 Et
2405 4734 2594 4790 eruisti
2626 4735 2863 4790 animam
2901 4750 3075 4789 meam
3103 4750 3170 4790 ex
3198 4750 3262 4791 eo
3287 4735 3504 4791 interno
3530 4733 3718 4790 inferio-

2179 4824 2222 4878 ri
2249 4825 2315 4878 ".
2344 4842 2363 4875 ι
2400 4824 2533 4879 Nam
2553 4840 2720 4893 usque
2737 4825 2800 4879 ad
2819 4824 3019 4880 Christi
3038 4827 3361 4881 descensum
3407 4828 3474 4880 ad
3523 4824 3714 4886 inferos,

2180 4916 2378 4972 nullius
2419 4917 2650 4971 hominis
2682 4918 2862 4971 anima
2885 4918 3154 4973 abinleris
3182 4928 3263 4973 est
3304 4919 3552 4973 liberata.
3591 4913 3714 4982 Quod

2177 5010 2225 5067 si
2268 5010 2432 5067 Jonas
2464 5012 2790 5068 exclamavit
2823 5030 2839 5067 :
2874 5031 2891 5066 ι
2945 5013 3096 5068 Educ
3143 5014 3210 5069 de
3254 5015 3594 5086 corruptione
3625 5008 3717 5064 auio

2180 5119 2321 5160 mam
2350 5121 2520 5160 meam
2538 5107 2635 5172 “,i
2658 5120 2713 5161 at
2741 5106 2859 5178 ejus
2886 5109 3065 5162 anima
3093 5109 3285 5162 iterum
3306 5118 3424 5177 post
3449 5118 3714 5177 egressum.

2178 5198 2246 5253 ad
2285 5199 2489 5255 interos
2518 5202 2793 5257 descendit
2821 5218 2839 5259 ς
2871 5219 2889 5253 ι
2923 5199 3094 5257 Deus!
3133 5200 3302 5270 iniqui
3337 5202 3716 5255 insurrexerunt

3333 5364 3376 5396 "
3407 5362 3561 5417 Num.
3588 5372 3712 5418 xxiv,

2355 5365 2397 5397 "
2429 5364 2535 5420 lsa.
2567 5383 2660 5430 vit,
2693 5367 2780 5421 Η.
2859 5365 3168 5430 ίίὴςιπιιι,
3202 5363 3258 5422 3.

508 5447 563 5514 8;
600 5425 903 5501 δεέξῗῐέῇχί
979 5425 1023 5474 ⁸⁸
1065 5442 1224 5514 Num.
1286 5456 1434 5514 rxxrv,
1473 5425 1573 5514 1’7ζ
1599 5454 1709 5514 sec.
1938 5508 1949 5514 μ
1976 5438 2018 5470 ³⁸

2178 5451 2367 5514 “Lirin,
2412 5437 2465 5498 9.
2504 5452 2617 5514 sec.
2649 5425 2811 5514 LXX.
2857 5437 2932 5514 Δξί
2955 5428 3070 5514 :isa.
3104 5425 3238 5500 ιιξιι,
3289 5435 3404 5514 lui,
3439 5448 3545 5514 sec.

508 5513 555 5550 "
599 5518 701 5572 lsa.
745 5531 939 5578 χχχιιι,
975 5513 1060 5568 l7.

505 5603 707 5654 Lxxxv,
732 5586 819 5655 l2,
867 5587 949 5641 15.
1025 5585 1070 5617 ”
1104 5582 1234 5640 ibid.
1307 5581 1355 5614 '°
1388 5581 1541 5639 J0me
1569 5597 1634 5648 ti,
1661 5580 1714 5637 7.

582 5750 692 5822 (3i)
733 5748 974 5804 imitatur
999 5742 1252 5799 Nazianz.
1277 5739 1340 5795 In
1373 5735 1633 5812 Epiphan.

1204 5513 1251 5545 ³⁸
1284 5513 1385 5565 lsa.
1423 5496 1515 5576 '11.,
1543 5496 1603 5578 Β,
1629 5511 1682 5564 4.
1757 5496 1998 5577 π”ιυιάη
2043 5507 2067 5563 ε

2178 5507 2220 5541 ’⁸
2259 5496 2425 5566 Aluos
2453 5496 2526 5576 ιι,
2557 5507 2643 5577 11,
2694 5510 2779 5566 12.
2857 5507 2902 5542 ³¹
2948 5505 3149 5563 Jerem.
3203 5496 3334 5575 ivn,
3372 5496 3424 5562 9.
3500 5504 3542 5541 "
3592 5496 3712 5553 Ρδίίιο
