4004 6206
231 332 327 394 8&9

1272 344 1661 412 DIALOGUS
1701 352 2000 438 CONTRA
2041 357 2370 426 moues.

3358 365 3465 433 850

217 468 367 523 super
397 469 511 510 me:
540 477 556 508 ι
592 460 877 528 pontifices
903 473 963 519 et
989 467 1334 534 sacerdotes;
1367 489 1384 521 ι
1415 477 1470 524 et
1496 472 1781 544 Synagoga
1817 483 1856 536 Α
1889 491 2030 544 pane
2076 480 2207 535 vivit
2240 482 2400 536 homo
2430 524 2445 547 ,
2481 483 2572 542 sed
2630 484 2682 536 in
2733 481 2875 539 omni
2915 483 3079 538 verbo
3105 523 3120 546 ,
3166 488 3311 554 quod
3341 499 3456 553 pro-

215 549 497 613 potentium
543 554 876 618 quaesierunt
920 560 1152 611 animam
1203 574 1373 616 meam
1413 581 1428 630 ς
1463 582 1480 616 ι
1540 565 1779 622 Herodes

212 637 358 691 simul
411 650 465 692 et
514 640 755 710 Pilatus,
815 648 905 716 qui
963 663 1058 717 per
1118 652 1167 706 id
1233 664 1446 725 tempus
1511 667 1779 725 potestate

219 729 452 799 improbe
481 731 872 803 fungebantur;
914 759 932 792 ‹
971 747 1026 795 et
1059 757 1164 798 non
1193 759 1592 815 proposuerunt
1627 759 1676 804 te
1721 751 1776 806 in

212 833 488 889 conspectu
518 840 637 882 suo.
677 825 715 861 ¹¹
760 848 778 880 ι
809 830 883 886 Te
927 835 1096 898 enim,
1157 836 1338 904 Pater,
1384 839 1600 911 tuisque
1637 857 1776 913 prato

210 912 370 976 captis
422 916 710 973 oblivionis
756 922 1025 993 profundo
1068 929 1312 996 traditis,
1367 946 1493 987 vere
1543 945 1596 990 te
1641 912 1772 990 cou-

210 1013 550 1074 tempserunt.
582 1031 602 1063 D
642 1011 706 1066 Et
734 1023 810 1082 tu,
844 1018 1066 1078 Domine
1093 1020 1233 1076 Deus
1266 1038 1445 1089 meus;
1483 1046 1501 1080 ι
1552 1029 1775 1085 Domine

209 1111 264 1150 ac
276 1100 520 1155 conditor
537 1106 714 1161 omnis
732 1118 994 1166 creaturae
1014 1113 1317 1172 invisibilis.
1353 1117 1446 1172 (Et
1464 1119 1602 1176 Deus
1622 1137 1774 1179 meus

209 1189 401 1256 respice
436 1190 491 1246 in
535 1211 642 1254 me.
687 1208 740 1252 et
794 1203 1056 1259 miserere
1095 1207 1278 1271 τηθὶς»
1343 1212 1552 1281 respice
1604 1214 1656 1267 in
1688 1229 1772 1270 me

208 1281 489 1336 secundum
543 1287 961 1360 humanitatem,
1007 1297 1098 1364 qui
1151 1299 1433 1357 divinitate
1462 1306 1592 1360 abes
1623 1321 1769 1360 nun-

207 1386 380 1439 quam.
422 1393 439 1427 ι
475 1377 548 1430 Da
584 1379 872 1450 imperium
907 1396 1056 1441 tuum
1100 1406 1268 1458 puero
1299 1404 1387 1451 tuo
1416 1393 1482 1460 ³⁸,
1517 1415 1534 1448 ι
1588 1397 1636 1452 id
1665 1408 1767 1463 est,

209 1478 368 1518 meam
405 1467 480 1522 tui
523 1485 590 1526 ex
630 1484 680 1527 te
720 1487 851 1532 ante
903 1477 1215 1536 Luciferum
1265 1485 1429 1553 geniti
1472 1489 1768 1556 potentiam

204 1554 555 1616 demonstra:
617 1565 778 1640 quale
823 1579 906 1624 est
957 1581 1012 1625 et
1059 1573 1189 1631 illud
1241 1554 1480 1639 Domini,
1529 1588 1771 1648 tempore

205 1652 459 1716 passionis
483 1655 529 1687 ³⁸
560 1675 574 1710 :
609 1677 628 1708 ι
657 1659 814 1713 Pater
841 1701 854 1723 ,
908 1665 1060 1718 venit
1107 1668 1264 1734 hora,
1315 1669 1552 1724 clarifica
1573 1670 1766 1728 Filium

204 1751 366 1805 tuum,
406 1755 468 1797 ut
498 1746 664 1802 Filius
719 1760 844 1805 tuus
883 1753 1143 1811 clarificet
1178 1768 1226 1812 te
1256 1773 1271 1812 :
1301 1760 1440 1816 sicut
1487 1763 1682 1817 dedisti
1718 1764 1768 1820 ei

1884 567 2026 622 cedit
2057 569 2122 625 de
2151 585 2244 624 ore
2277 572 2372 630 Dei
2401 571 2448 605 ³³
2476 591 2489 637 ;
2533 594 2550 626 ι
2583 572 2842 629 Davidem
2878 588 3028 639 vero,
3058 576 3146 643 qui
3178 579 3227 626 in
3261 576 3459 634 ChriSti

1882 661 2013 714 olim
2041 661 2481 722 incarnationem
2525 669 2881 736 praspiceret,
2915 683 2978 722 ac
3003 667 3457 739 quemadmodum

1883 766 2006 807 cum
2060 770 2128 810 eo
2177 754 2390 823 Judzei,
2439 766 2694 828 tanquam
2761 775 2910 813 mero
2958 760 3173 814 homine
3205 800 3220 822 ,
3253 776 3314 812 ac
3355 775 3456 818 nan

1883 844 2046 901 etiam
2084 847 2193 903 Deo
2243 852 2671 906 consuescerent
2697 893 2712 917 ,
2751 859 2802 907 et
2855 851 3104 908 convicio
3140 851 3455 920 iactarent:

1887 955 1904 990 (
1955 936 2096 996 Ecce
2131 939 2294 994 homo
2339 955 2506 996 vorax
2558 953 2617 998 et
2673 947 2888 1012 potator
2935 943 3043 998 vini
3094 942 3178 1014 ";
3213 963 3233 996 ι
3292 946 3457 1002 multo

1885 1040 2014 1086 ante
2070 1033 2412 1090 obturantem
2468 1037 2752 1104 lmpudens
2783 1051 2974 1093 eorum
3006 1051 3067 1092 os
3092 1075 3112 1101 ,
3157 1053 3222 1092 ex
3254 1036 3456 1094 Christi

1875 1136 2109 1197 persona
2141 1123 2509 1184 conﬁrmare:
2541 1127 2681 1195 Quid
2720 1141 2805 1180 me
2832 1127 3107 1183 hominem
3142 1128 3313 1183 solum
3363 1142 3455 1183 co.

1881 1213 2065 1280 gitatis
2090 1254 2106 1278 ,
2152 1231 2215 1272 ac
2247 1232 2349 1271 non
2406 1217 2572 1272 etiam
2611 1218 2820 1272 Deum?
2847 1217 2963 1288 Ego
3019 1218 3105 1271 ille
3135 1231 3199 1271 ex
3232 1215 3458 1290 Virgine

1878 1317 2036 1364 natus
2057 1345 2073 1372 ,
2108 1308 2223 1362 sine
2254 1311 2552 1365 mutatione
2583 1309 2724 1365 Deus
2748 1351 2762 1376 ,
2817 1311 3063 1365 esuriens
3086 1321 3249 1380 atque
3278 1327 3457 1367 come-

1878 1396 2047 1463 dens,
2081 1410 2304 1463 vestro,
2342 1415 2373 1453 o
2405 1399 2576 1457 Judaei
2603 1440 2618 1466 ,
2669 1401 2999 1458 adminicqu
3052 1417 3157 1455 non
3218 1402 3454 1467 indigeo.

1876 1504 2031 1545 meus
2082 1507 2204 1552 cum
2258 1493 2335 1547 sit
2381 1492 2566 1551 orbis.
2613 1502 2668 1546 et
2713 1493 2975 1562 quidquid
3025 1509 3092 1549 eo
3124 1495 3450 1549 continetur.

1873 1581 2057 1654 Neque
2108 1600 2236 1639 vero
2281 1597 2404 1643 aias
2456 1587 2774 1648 foeditates.
2829 1587 2880 1642 id
2933 1599 3058 1653 est,
3095 1587 3320 1643 scelesta
3364 1590 3452 1641 tua

1872 1660 2165 1743 sacriﬁcia,
2197 1679 2470 1743 desidero,
2530 1680 2913 1735 scelestissima
2961 1679 3268 1752 Synagoga.
3301 1681 3452 1746 Quod

1876 1769 1919 1822 si
1950 1771 2030 1824 vis
2061 1773 2282 1828 omnino
2313 1771 2377 1828 ad
2409 1774 2570 1828 vitam
2609 1775 2844 1846 ingredi,
2877 1771 3012 1845 legis
3047 1776 3318 1838 umbram,
3355 1793 3450 1830 au-

197 1834 513 1941 poltestatem
545 1842 722 1896 omnis
759 1846 940 1900 carnis
973 1847 1136 1916 (δι’).
1170 1867 1315 1902 ι-ε
1345 1850 1412 1905 Et
1449 1853 1657 1908 salvum
1691 1855 1776 1909 fac
1806 1839 1848 1894 Β
1878 1863 2007 1918 ditis
2042 1865 2176 1920 meis
2228 1867 2473 1923 consiliis
2526 1834 2697 1937 atque
2723 1834 3016 1933 mandaiis,
3048 1868 3258 1930 desere,
3292 1879 3451 1941 atque

204 1922 386 1982 Filium
419 1931 628 1987 ancillze
657 1943 757 1989 tuas
791 1954 804 1991 :
846 1956 864 1989 ι
900 1939 1293 2008 irreprehensa:
1325 1941 1581 2014 Virginis.
1614 1965 1633 1998 ι
1666 1946 1774 2003 Fac

202 2034 402 2075 mecum
435 2024 650 2094 signum
702 2027 756 2083 in
799 2030 1042 2098 bonum;
1071 2052 1089 2084 ι
1130 2035 1181 2090 id
1213 2047 1317 2102 est,
1356 2049 1695 2109 assumptum
1743 2057 1772 2096 a

202 2127 282 2168 me
308 2130 508 2186 corpus
539 2134 604 2175 ex
634 2133 808 2176 morte
835 2127 1064 2183 suscita.
1103 2146 1124 2180 ‹
1156 2127 1230 2184 Ut
1267 2132 1489 2189 videant
1523 2135 1614 2204 qui
1647 2136 1776 2191 ode-

201 2216 318 2262 runt
366 2224 479 2275 me,
534 2223 590 2267 et
629 2216 1069 2286 confundantur;
1109 2240 1126 2275 ν
1186 2239 1317 2280 vere
1389 2227 1532 2280 enim
1579 2227 1772 2298 ingens

199 2301 366 2368 pudor
389 2303 497 2357 erit
552 2307 954 2368 scelestissimze
999 2313 1318 2388 Synagogm,
1351 2334 1466 2373 mea
1510 2332 1635 2390 post
1680 2323 1776 2376 tri-

198 2390 355 2448 duum
403 2403 754 2459 resurrectio.
789 2424 808 2457 ‹
842 2405 1109 2473 Quoniam
1137 2409 1484 2482 tu,Domiue,
1516 2414 1771 2482 adjuviin

199 2500 299 2552 me,
333 2498 386 2544 et
445 2486 763 2552 consofatus
820 2513 879 2554 es
932 2517 1017 2556 me
1063 2503 1174 2566 “,i
1236 2504 1288 2559 id
1340 2517 1442 2569 est,
1481 2509 1626 2578 quod
1687 2520 1769 2576 tu,

200 2576 367 2646 Pater,
394 2581 510 2653 jam
543 2586 672 2642 olim
711 2591 774 2643 de
805 2604 887 2646 me
919 2594 1208 2650 consiiium
1241 2600 1469 2675 ceperis.

747 2702 983 2761 CAPUT
1021 2707 1237 2767 XXXV.

239 2805 636 2878 PrOphetarum
669 2817 731 2871 de
767 2816 975 2873 Christo
1013 2822 1116 2877 Deo
1151 2834 1206 2878 et
1231 2826 1437 2882 homine
1467 2828 1734 2883 vaticinia.

261 2921 430 2981 Porro
486 2938 668 2982 autem
723 2932 1017 3000 perfectum
1064 2946 1117 2990 et
1166 2935 1336 2993 Deum
1389 2950 1443 2996 et
1500 2942 1772 2998 hominem

201 3031 315 3073 esse
367 3018 687 3084 Christum,
748 3027 1055 3084 luculenter
1109 3043 1256 3086 vates
1308 3035 1775 3093 demoustrabunt.

206 3108 346 3166 Isaite
383 3113 602 3182 quidem
640 3114 753 3170 hzec
782 3130 907 3171 sunt
939 3123 1096 3175 verba
1132 3141 1143 3176 :
1189 3143 1206 3174 ι
1255 3123 1397 3179 Deus
1458 3142 1687 3200 magnus
1722 3139 1776 3186 et

204 3196 353 3257 fortis
387 3221 494 3258 non
531 3207 736 3263 esuriet
769 3210 834 3267 ³³.
869 3229 888 3264 ›
937 3213 1151 3268 Davidis
1187 3230 1311 3271 vero
1346 3219 1459 3275 haec
1504 3196 1772 3279 sententia

199 3302 273 3349 est.
313 3311 329 3350 :
375 3313 395 3349 ι
429 3297 588 3364 Audi,
615 3303 843 3371 p0pulus
895 3320 1074 3372 meus,
1125 3319 1176 3361 et
1208 3310 1436 3380 loquar:
1476 3312 1663 3381 Israel,
1723 3331 1774 3372 ct

203 3390 539 3448 testiﬁcabor
607 3395 702 3450 tibi
753 3417 766 3450 :
821 3397 963 3461 Deus
1014 3412 1136 3456 tuus
1187 3419 1286 3474 ego
1341 3421 1481 3461 sum.
1545 3407 1659 3463 Non
1717 3411 1772 3465 in

201 3483 479 3538 sacriﬁciis
528 3487 635 3542 tuis
690 3504 911 3560 arguam
967 3504 1018 3546 te
1053 3512 1066 3547 :
1102 3495 1414 3552 holocausta
1467 3512 1645 3555 autem
1686 3512 1771 3556 tua

201 3573 249 3625 in
283 3587 581 3646 conspectu
635 3597 754 3636 meo
784 3595 911 3637 sunt
961 3600 1196 3656 semper.
1243 3587 1360 3644 Non
1413 3593 1672 3660 accipiam
1708 3595 1775 3649 de

203 3665 352 3721 domo
391 3678 482 3723 tua
517 3672 716 3727 vitulos
765 3687 781 3725 :
837 3690 1013 3746 neque
1049 3679 1116 3732 de
1149 3680 1400 3751 gregibus
1436 3686 1542 3739 tuis
1571 3687 1771 3742 hircos.

199 3758 434 3830 Cognovi
473 3766 656 3819 omnia
709 3768 947 3836 volatilia
987 3773 1109 3824 εαξη
1138 3791 1152 3827 :
1184 3785 1237 3828 et
1285 3777 1628 3848 pulchritudo
1661 3783 1772 3852 agri

203 3871 404 3912 mecum
444 3868 550 3915 est.
587 3860 642 3915 Si
672 3868 942 3928 esuriero,
983 3882 1086 3920 non
1131 3868 1301 3922 dicam
1337 3871 1476 3925 tibi:
1512 3889 1665 3929 meus
1693 3886 1775 3931 est

201 3950 337 4003 enim
368 3954 521 4007 orbis
561 3964 719 4009 terra:
752 3967 812 4011 et
842 3959 1120 4026 plenitudo
1163 3961 1305 4030 ejus.
1343 3961 1589 4034 Nunquid
1625 3983 1776 4022 mau-

203 4041 401 4097 ducabo
437 4058 632 4100 carnes
667 4059 972 4115 taurorum,
1010 4063 1105 4106 aut
1135 4056 1454 4122 sanguinem
1495 4058 1772 4114 hircorum

202 4136 387 4198 potabo
438 4135 525 4188 ’σῖ
561 4155 580 4188 ι
650 4137 828 4204 Quare
881 4155 978 4194 nec
1033 4145 1241 4196 taurina
1299 4160 1466 4201 carne
1501 4145 1640 4203 Deus
1677 4166 1770 4203 ve-

203 4227 388 4293 scitur,
427 4245 530 4284 nec
595 4231 869 4286 hirciuum
917 4233 1062 4290 bibit.
1107 4239 1464 4306 sanguinem?
1505 4243 1774 4310 quomodo

203 4318 356 4388 igitur
395 4333 575 4374 vatum
609 4324 752 4378 diota
790 4326 1187 4381 conciliemus?
1226 4345 1350 4384 cum
1385 4332 1527 4385 dicat
1562 4332 1768 4391 Isaias:

205 4430 221 4464 ‹
249 4413 386 4471 Deus
414 4432 644 4488 magnus
675 4427 728 4470 et
757 4430 1058 4490 praepotens
1090 4437 1193 4476 non
1216 4422 1418 4478 esuriet
1453 4425 1529 4491 ﬂ;
1553 4444 1569 4479 ι
1608 4425 1771 4482 David

200 4524 360 4566 vero:
399 4531 416 4564 ς
443 4512 502 4568 Si
528 4513 799 4579 ea'uriero,
834 4530 938 4569 non
971 4516 1143 4570 dicam
1177 4517 1294 4573 tibi.
1331 4517 1583 4589 Nunquid
1618 4538 1766 4575 man-

201 4599 405 4658 ducabo
443 4619 636 4659 carnes
671 4616 975 4671 taurorum,
1006 4611 1449 4680 autsanguincm
1489 4613 1762 4670 hircorum

199 4696 436 4763 potabo?
489 4714 508 4750 ι
567 4697 857 4753 Enimvero
911 4701 988 4754 sic
1039 4703 1340 4757 habendum
1375 4713 1463 4759 est
1498 4723 1512 4761 :
1545 4705 1762 4774 Isaiam,

200 4787 283 4854 qui
325 4789 390 4842 ad
418 4787 652 4843 divinam
678 4830 692 4854 ,
727 4800 777 4843 et
809 4804 1101 4859 perennem
1133 4833 1148 4857 ,
1181 4804 1343 4863 atque
1376 4796 1762 4863 sempiternam

202 4879 397 4935 Christi
431 4891 674 4936 naturam
738 4883 1049 4952 respiceret,
1078 4886 1341 4955 quasique
1389 4904 1514 4941 cum
1549 4889 1765 4943 diabolo

203 4971 501 5037 dissereret,
528 4976 617 5043 qui
650 4975 926 5030 Christum
960 4987 1172 5032 tentans
1216 4978 1436 5046 iubebat
1465 5021 1480 5043 ,
1530 4980 1768 5035 ediceret

204 5060 510 5132 lapidibus,
558 5074 614 5120 ut
664 5080 832 5134 panes
863 5066 1053 5122 fierent
1084 5109 1097 5130 ,
1155 5073 1301 5123 velut
1356 5071 1767 5139 reSpOtidentein

204 5153 417 5221 dicere,
478 5159 682 5214 scilicet
739 5162 903 5215 Deum
962 5177 1212 5231 maguum
1269 5179 1330 5217 ac
1381 5173 1768 5234 praepotentem

203 5251 443 5307 esurire?
495 5251 645 5320 Quod
717 5271 746 5309 a
807 5254 1093 5310 Servatore
1158 5274 1372 5328 quoque
1452 5274 1768 5328 responsum

206 5341 466 5413 malignus
520 5345 728 5417 accepit
779 5338 806 5403 ι’
853 5366 871 5401 ι
910 5347 1181 5419 Scriptum
1224 5353 1306 5404 est
1342 5370 1355 5406 :
1392 5349 1505 5404 Non
1548 5353 1598 5405 in
1653 5353 1766 5406 solo

269 5521 312 5554 “
338 5521 479 5582 Psal.
513 5541 714 5586 Luxv.
755 5528 841 5585 I3.
921 5528 966 5561 ⁸²
1004 5529 1134 5583 ibid.
1168 5529 1256 5583 15.

207 5596 543 5668 3le,743.
619 5598 660 5634 ³³
695 5597 835 5654 PsaI.
875 5617 963 5665 XL,
1001 5598 1089 5655 28.
1133 5599 1177 5632 ³⁸
1203 5601 1395 5655 Matth.
1442 5619 1512 5668 Iv,
1546 5606 1596 5658 ri.

208 5659 289 5729 34,
324 5659 415 5722 35.
488 5669 534 5700 δ’
578 5670 678 5723 Isa.
727 5685 852 5737 xxv,
884 5659 963 5728 6.,
1013 5671 1060 5704 “
1092 5670 1193 5726 Isa.
1230 5688 1358 5738 xxv,
1395 5674 1448 5728 9.

274 5819 405 5893 (δι’)
445 5820 568 5892 515.,
604 5824 730 5898 γῆς.

1334 5531 1377 5563 ³³
1413 5531 1570 5588 .Ioan.
1603 5550 1730 5591 xm.
1767 5535 1816 5591 I.
1861 5536 1914 5587 2.
2017 5533 2061 5566 3‘
2097 5533 2241 5589 Psal.
2273 5547 2469 5589 Lxxxv.
2518 5535 2601 5591 I6.
2675 5533 2719 5567 ³³
2753 5534 2857 5589 lsa.
2890 5553 2896 5592 :

1334 5601 1395 5654 th.
1442 5619 1512 5668 Iv,
1546 5606 1596 5658 Ii.
1678 5607 1720 5637 ⁸³
1761 5605 1942 5660 Matth.
1981 5620 2050 5662 ιι.
2085 5606 2170 5659 l9.
2247 5602 2294 5634 ⁴⁰
2319 5603 2464 5658 Psal.
2499 5621 2646 5669 Χιικ,
2686 5606 2771 5668 Η,
2811 5607 2896 5661 l5.

1529 5676 1573 5706 “
1605 5674 1794 5730 Matth.
1834 5689 1875 5739 1,
1905 5677 1998 5731 ‘25.

1876 1958 1942 2012 ad
1982 1958 2146 2012 Deum
2174 1960 2446 2016 accedens
2495 1977 2511 2016 :
2547 1982 2562 2014 ‹
2603 1961 2827 2017 Immola
2881 1963 3206 2018 sacrificium
3257 1958 3449 2024 laudis,

1874 2059 1927 2104 et
1959 2049 2119 2107 redde
2147 2053 2425 2109 Altissimo
2458 2067 2575 2108 vota
2627 2066 2737 2110 tua.
2775 2057 2854 2110 Et-
2887 2058 3078 2111 invoca
3131 2069 3213 2112 me
3265 2059 3314 2110 in
3363 2058 3450 2113 die

1879 2145 2262 2208 tribulationis,
2303 2162 2489 2202 eruam
2537 2160 2608 2215 te,
2663 2159 2718 2205 et
2768 2151 3151 2206 honoriﬁcabis
3208 2166 3296 2207 me
3316 2148 3380 2206 “.
3417 2173 3445 2202 υ

1876 2234 1940 2289 Ει
1972 2237 2235 2294 Jeremias
2267 2256 2282 2294 :
2319 2259 2338 2292 r
2380 2241 2516 2295 Ecce
2549 2243 2663 2298 dies
2713 2244 2972 2309 venient,
3005 2243 3136 2300 dicit
3170 2244 3452 2308 Dominus,

1875 2337 1930 2383 et
1966 2345 2070 2385 non
2126 2332 2342 2387 docebit
2395 2333 2534 2390 ultra
2565 2335 2645 2389 vir
2673 2335 2982 2411 proximum
3032 2352 3226 2400 suum,
3268 2345 3321 2391 et
3370 2336 3453 2391 vir

1876 2421 2097 2480 fratrem
2134 2442 2287 2480 suum
2313 2467 2327 2494 ,
2369 2424 2554 2484 dicens
2601 2446 2619 2484 :
2669 2429 2947 2499 Cognosce
2976 2428 3262 2485 Dominum
3291 2448 3305 2484 :
3333 2445 3453 2484 om-

1877 2531 1970 2570 nes
1998 2517 2143 2572 enim
2179 2532 2508 2589 cognoscent
2537 2538 2621 2576 me
2645 2563 2662 2588 ,
2711 2538 2739 2576 a
2768 2522 2994 2577 minimo
3038 2538 3228 2578 eorum
3279 2537 3453 2592 usque

1873 2612 1941 2665 ad
1974 2614 2266 2666 maximum
2296 2615 2361 2667 δ’.
2403 2633 2423 2666 ι
2484 2613 2669 2672 Itidem
2704 2615 2768 2673 de
2815 2617 3054 2686 gentium
3093 2617 3197 2671 fide
3242 2617 3446 2672 Isaias:

1882 2725 1900 2758 ‹
1961 2703 2147 2763 Faciet
2205 2705 2464 2762 Dominus
2515 2706 2854 2761 exercituum
2906 2708 3157 2763 omnibus
3183 2709 3448 2778 populis:

1876 2796 1929 2851 in
1964 2796 2146 2854 monte
2180 2801 2284 2853 isto
2334 2801 2554 2854 induent
2588 2801 2827 2856 laetitiam
2857 2843 2871 2868 ,
2920 2804 3315 2872 perfundentur
3349 2822 3451 2859 un-

1874 2897 2114 2963 guento,
2177 2893 2362 2947 bibent
2409 2893 2591 2947 vinum
2627 2895 2701 2959 ";
2758 2912 2777 2946 ι
2822 2895 2908 2948 ubi
2944 2893 3196 2963 gaudium
3236 2898 3301 2950 ad
3357 2898 3449 2951 ba—'

1878 2984 2072 3054 ptisma
2120 2984 2352 3040 refertur
2397 3005 2411 3052 ;
2461 2990 2514 3040 et
2564 3001 2669 3055 quo
2724 2987 3030 3064 baptizatus
3081 2990 3334 3059 ungitur,
3385 2992 3454 3049 ad

1877 3094 2090 3134 sacrum
2139 3089 2508 3150 unguentum;
2543 3077 2723 3134 vinum
2759 3081 2832 3137 ad
2870 3081 3352 3139 incontaminautm
3391 3094 3450 3137 ac

1802 3186 1845 3245 α
1881 3172 2221 3227 Dominicum
2260 3173 2597 3241 sanguinem.
2634 3175 2774 3231 Idem
2816 3191 3024 3230 rursum
3057 3193 3069 3228 :
3113 3193 3130 3225 ι
3167 3175 3450 3232 Decretum

1878 3268 1982 3324 hoc
2014 3277 2094 3320 est
2126 3281 2287 3337 super
2323 3283 2511 3324 omnes
2539 3272 2766 3339 gentes:
2805 3279 2861 3324 et
2893 3267 3073 3323 dicent
3102 3270 3152 3322 in
3189 3271 3273 3324 illa
3305 3267 3435 3327 die:

1882 3355 2020 3410 Ecce
2044 3357 2189 3412 Deus
2223 3368 2428 3424 noster,
2459 3356 2509 3412 in
2546 3373 2705 3426 quem
2739 3361 3450 3424 speravimus,exsultemus

1881 3448 1935 3502 in
1965 3449 2190 3506 salutari
2226 3461 2434 3514 nostro.
2467 3453 2768 3507 etsalvahit
2795 3468 2896 3508 nos
2920 3453 3035 3522 ipse
3069 3447 3444 3509 Dominus“.a

1878 3541 1972 3596 Est
2007 3552 2188 3596 autem
2240 3541 2353 3596 iure
2390 3544 2697 3599 sententia:
2734 3544 2872 3599 Ecce
2925 3544 3062 3599 Deus
3107 3544 3196 3599 ille
3241 3551 3446 3608 noster,

1878 3631 1931 3685 in
1994 3646 2100 3701 quo
2160 3647 2328 3702 spem,
2373 3633 2662 3699 habemus,
2704 3634 2986 3690 nobiscum
3041 3645 3149 3700 est,
3185 3637 3286 3690 hoc
3340 3644 3447 3699 est,

1878 3723 2177 3782 secundum
2237 3738 2458 3794 corpus,
2517 3724 2709 3780 iisdem
2765 3728 2962 3796 quibus
3018 3742 3115 3783 nos
3165 3727 3447 3786 obnoxius.

1883 3814 2075 3884 Itaque
2106 3818 2442 3871 exsultemus
2477 3819 2526 3872 iu
2566 3819 2739 3873 salute
2777 3830 2982 3883 nostra,
3023 3821 3111 3875 Dei
3136 3822 3303 3880 nostri
3333 3824 3450 3891 gloo

1880 3910 2002 3975 ria;
2034 3922 2159 3965 nam
2198 3908 2407 3963 Domini
2447 3910 2853 3981 glorimscilicet
2877 3928 3008 3967 crux
3035 3954 3050 3977 ,
3097 3924 3276 3968 nostra
3303 3914 3448 3969 salus

1878 4005 1980 4057 est.
2027 4002 2099 4055 Et
2126 4002 2362 4058 salvabit
2389 4018 2484 4057 nos
2528 4004 2643 4073 ipse
2677 4006 2965 4073 Dominus,
3007 4008 3244 4077 peccatis
3276 4005 3449 4064 omni-

1879 4091 1982 4144 bus
2008 4094 2156 4149 cruci
2199 4091 2398 4151 afﬁxis.
2455 4095 2634 4162 Atque
2667 4089 2715 4147 id
2741 4094 2814 4148 ita
2847 4111 2987 4159 esse,
3016 4098 3190 4167 angeli
3221 4099 3286 4154 ad
3319 4094 3447 4151 Dei-

1877 4195 2062 4251 param
2097 4184 2255 4238 verba
2281 4187 2593 4241 ostendunt.
2642 4205 2660 4238 ‹
2705 4187 2770 4241 Et
2800 4189 3069 4243 vocabunt
3107 4204 3297 4244 nomen
3328 4191 3446 4258 ejus

1876 4276 2240 4342 Emmanuel,
2299 4278 2439 4347 quod
2501 4289 2590 4332 est
2646 4279 3101 4349 interpretatum,
3151 4277 3442 4336 Nobiscum

1878 4366 2020 4421 Deus
2051 4367 2116 4424 “.
2149 4387 2166 4420 ι
2205 4365 2326 4423 Jam
2365 4368 2580 4425 Davidis
2614 4387 2827 4443 quoque
2876 4374 2942 4427 de
2986 4373 3222 4436 Christo,
3254 4387 3320 4427 ex
3345 4372 3445 4430 Dei

1876 4468 1930 4514 ct
1990 4457 2164 4515 Patris
2220 4475 2453 4529 persona
2503 4461 2602 4515 hoc
2651 4460 2874 4518 etiamm
2926 4474 3052 4518 est:
3089 4481 3104 4514 ι
3145 4462 3347 4516 Ponam
3387 4457 3443 4519 in

1799 4533 2010 4601 Dmari
2077 4562 2295 4607 manum
2355 4550 2518 4620 ejus,
2577 4559 2631 4605 et
2683 4551 2736 4604 in
2791 4547 3099 4606 ﬂuminibus
3169 4551 3445 4607 dexteram

1875 4639 1992 4712 ejus
2017 4640 2080 4697 ⁸⁵.
2125 4660 2142 4692 ι

1950 4781 2075 4839 Joo.
2112 4783 2322 4838 Nullam
2356 4785 2424 4841 de
2454 4785 2672 4841 Christo
2714 4786 3052 4855 prophetiam
3087 4785 3173 4840 hic
3205 4784 3448 4855 psalmus

1876 4878 2158 4931 continet:
2197 4879 2262 4932 de
2295 4894 2352 4932 se
2374 4878 2514 4932 enim
2554 4887 2703 4933 vates
2738 4893 2858 4931 eum
2896 4879 3111 4934 cecinit.

1947 4989 2172 5048 Cnatsr.
2231 4997 2311 5047 Au
2385 4994 2448 5047 de
2506 5009 2562 5046 se
2620 4992 2784 5046 David
2844 4993 3108 5063 psalmum
3165 4993 3444 5058 cecinerit,

1881 5086 2190 5139 accuratius
2247 5101 2310 5140 cx
2372 5074 2468 5138 his
2511 5098 2628 5154 quae
2709 5096 3054 5154 sequuntur,
3115 5086 3440 5154 intelligetis.

1886 5191 1902 5224 ι
1947 5173 2064 5242 Ipse
2114 5175 2384 5229 invocabit
2416 5191 2498 5229 me
2539 5193 2552 5229 :
2591 5174 2752 5228 Pater
2792 5189 2941 5229 meus
3000 5189 3057 5228 es
3109 5181 3191 5241 tu;
3226 5194 3242 5225 ι
3295 5172 3443 5242 atqui

1879 5263 1929 5316 in
1963 5264 2108 5318 nullo
2150 5264 2478 5333 psalmorum
2513 5281 2670 5319 suum
2705 5265 2916 5318 Patrem
2945 5262 3117 5322 Deum
3140 5262 3442 5334 appellabat

1878 5354 2044 5410 David
2074 5373 2088 5409 :
2129 5377 2147 5410 ι
2187 5358 2324 5414 Deus
2361 5375 2529 5422 meus,
2561 5370 2615 5414 et
2645 5369 2926 5428 susceptor
2954 5358 3144 5412 salutis
3175 5373 3306 5411 me:e
3333 5359 3379 5388 “
3414 5378 3430 5410 δ

3224 5532 3268 5568 ³⁸
3293 5533 3437 5593 Psai.

2975 5606 3018 5638 “
3055 5603 3253 5674 Jerem.
3279 5619 3458 5674 xxxx,

2803 5677 2849 5709 “
2884 5677 3018 5734 ibid.
3044 5673 3135 5729 27.

2017 5533 2061 5566 3‘
2097 5533 2241 5589 Psal.
2273 5547 2469 5589 Lxxxv.
2518 5535 2601 5591 I6.
2675 5533 2719 5567 ³³
2753 5534 2857 5589 lsa.
2890 5552 2992 5598 χι..
3036 5533 3126 5588 28.

2075 5676 2116 5708 "
2153 5674 2293 5733 Psal.
2326 5690 2586 5746 Lxxxvm,
2634 5678 2725 5734 $6.
