4004 6206
256 356 367 423 853

1331 363 1718 426 DIALOGUS
1750 360 2053 424 CONTRA
2089 362 2424 427 ῘυῡιἘΟΞ.
2511 367 2515 371 ’

3414 350 3621 437 εειι⁴

264 484 316 531 et
340 490 507 533 aures
536 478 658 550 eius
698 477 755 535 in
790 494 981 552 preces
1023 494 1214 537 eorum
1241 500 1256 550 ;
1301 483 1483 538 vultus
1519 458 1701 538 autem
1735 482 1840 536 Do-
1871 482 1921 544 Α
1950 482 2213 539 fraudasti
2238 494 2362 539 eum
2387 479 2456 537 το.
2497 497 2517 533 ι
2548 478 2761 537 Videtis
2789 488 2848 534 ut
2872 476 2946 534 de
2979 475 3200 532 Christo
3226 469 3519 541 luquatur‘

264 570 396 625 mini
433 588 603 642 super
637 572 906 631 facientes
956 570 1099 631 mala
1125 578 1195 642 “,
1224 595 1243 630 ι
1294 586 1348 632 et
1394 578 1512 632 haec
1543 574 1696 631 lsaire
1720 583 1848 631 sunt

261 661 715 736 interpretanda;
745 684 871 723 nam
917 670 1008 725 ille
1043 671 1240 739 partim
1275 669 1693 740 benignitatem,
1722 682 1848 738 par-

264 753 363 807 tim
412 754 682 811 vindicem
724 754 820 811 Dei
869 767 1203 829 potestatem
1252 759 1550 825 describit;
1604 758 1693 813 hic
1721 758 1847 811 dum

266 845 401 899 dicit
438 861 687 911 manum,
720 864 789 904 ne
817 848 958 905 dona
992 850 1203 919 capiat,
1228 859 1375 905 arcet
1404 889 1422 913 ,
1466 862 1735 919 auresque
1782 860 1851 902 ne

274 934 539 1006 iniustam
573 941 769 1011 capitis
832 940 1235 1010 inquisitionem
1267 942 1545 996 inaudiant
1565 982 1581 1009 ,
1611 939 1849 1005 obturat,

268 1029 703 1088 incarnationem
742 1032 859 1102 eius
891 1035 1143 1104 proponit
1182 1036 1251 1090 ".

344 1124 524 1194 Atque
556 1127 609 1180 id
640 1143 829 1183 verum
877 1143 1021 1195 esse,
1058 1144 1123 1184 ex
1155 1129 1225 1183 iis
1261 1144 1379 1198 quae
1411 1138 1530 1199 post
1574 1129 1850 1185 disserun-

267 1222 399 1283 tur,
462 1219 809 1290 intelligetis.
857 1222 1027 1277 Addit
1077 1222 1223 1277 enim
1276 1240 1290 1277 :
1331 1241 1350 1274 r
1412 1222 1631 1277 Claudit
1666 1224 1853 1279 oculos

265 1323 443 1377 suos,
498 1327 568 1367 ne
610 1314 832 1368 videant
865 1314 1069 1368 malum
1115 1314 1202 1381 '9;
1239 1335 1256 1367 ι
1314 1314 1381 1371 iis
1412 1315 1590 1371 verbis
1640 1314 1851 1370 Domini

265 1416 464 1458 necem
506 1414 561 1457 et
602 1403 914 1460 Judaeorum
960 1406 1382 1462 obstinationem
1420 1416 1631 1463 notans.
1680 1425 1701 1458 ι
1745 1406 1856 1464 Iste

268 1492 327 1548 in
363 1496 597 1551 excelsis
647 1498 955 1565 habitabit,
1013 1499 1347 1553 munimenta
1394 1514 1647 1555 saxorum
1689 1498 1855 1554 subli-

269 1587 441 1644 mitas
478 1589 597 1659 ejus
631 1591 699 1647 “.
733 1610 751 1644 ι
788 1593 1036 1662 Accipite
1075 1594 1499 1649 incarnationem
1532 1612 1546 1645 :
1590 1606 1712 1647 nam
1748 1592 1853 1648 nisi

263 1677 339 1731 de
372 1693 436 1731 ea
472 1681 679 1736 dictum
712 1681 814 1737 hoc
846 1692 931 1737 est
953 1723 968 1746 ,
1008 1683 1230 1738 ubinam
1267 1683 1468 1754 alioqui
1496 1686 1854 1754 comprehen-

266 1777 455 1839 datur,
486 1775 579 1844 qui
609 1775 811 1846 ubique
837 1791 1081 1844 praesens
1113 1787 1307 1831 cuncta
1343 1776 1616 1846 complet?
1648 1796 1665 1828 ι
1695 1776 1855 1829 Panis

272 1870 327 1924 ei
365 1869 532 1923 datus
563 1876 669 1932 est,
712 1889 730 1921 ι
765 1869 817 1924 id
855 1878 962 1935 est,
994 1885 1131 1940 pane
1168 1873 1234 1924 ad
1264 1871 1655 1925 incarnationis
1697 1870 1855 1927 ﬁdem
1891 1848 1933 1900 Β

266 1959 587 2013 vcsciturus
612 2000 627 2025 ,
682 1977 701 2009 ι
739 1969 793 2013 et
844 1973 1000 2028 aqua:
1038 1960 1155 2030 ejus
1191 1960 1378 2015 lideles
1416 1971 1541 2015 sunt
1579 1961 1654 2027 ⁶⁹;
1694 1980 1712 2013 ι
1754 1961 1859 2017 sci.

268 2050 401 2106 licet
432 2066 645 2105 sacrum
675 2051 1075 2119 baptisma,seu
1096 2053 1349 2109 salutaris
1380 2055 1642 2109 doctrina.
1663 2053 1860 2121 Quem-

260 2142 566 2198 admodum
613 2154 667 2198 et
725 2143 976 2200 Christus
1024 2147 1140 2215 ipse
1174 2147 1239 2201 ad
1270 2144 1674 2202 Samaritanam
1743 2149 1860 2200 dis-

260 2240 448 2298 serit:
497 2258 513 2290 ι
551 2238 605 2295 Si
632 2242 801 2294 scires
850 2242 1049 2295 donum
1081 2240 1199 2305 Dei,
1230 2250 1283 2296 et
1310 2242 1428 2311 quis
1446 2253 1550 2303 est.
1592 2243 1683 2312 qui
1728 2242 1860 2297 dicit

274 2330 377 2386 tibi
408 2349 423 2384 :
458 2332 530 2385 Da
568 2334 700 2388 mihi
735 2334 941 2399 bibere,
975 2346 1029 2388 tu
1069 2333 1293 2389 forsitan
1323 2335 1551 2404 petisses
1582 2335 1651 2389 ab
1680 2350 1777 2400 eo,
1805 2347 1861 2391 et

265 2421 515 2478 dedisset
560 2426 651 2480 tibi
703 2440 897 2493 aquam
943 2426 1122 2480 vivam
1167 2427 1244 2491 ⁷ο,
1283 2445 1303 2479 ›
1356 2436 1411 2480 ιιι
1459 2444 1563 2481 non
1593 2428 1773 2482 sitires
1804 2430 1860 2483 in

260 2528 561 2572 aeternum.
598 2518 662 2571 Et
696 2534 954 2574 rursum:
1001 2538 1020 2571 ι
1055 2518 1153 2585 Qui
1185 2520 1358 2574 credit
1384 2521 1437 2575 in
1482 2534 1597 2582 me,
1641 2519 1859 2575 ﬂumina

263 2610 338 2662 de
372 2617 557 2663 ventre
582 2608 696 2678 ejus
724 2609 888 2665 ﬂuent
929 2612 1085 2680 aquae
1114 2611 1246 2667 vivae
1275 2612 1343 2678 ",
1375 2629 1393 2663 ι
1440 2611 1638 2667 divinm
1680 2627 1742 2667 ac
1774 2626 1862 2666 sa-

264 2698 471 2754 lutaris
525 2702 789 2756 doctrina:
833 2717 1138 2759 sermones.
1201 2722 1220 2755 ι
1257 2703 1460 2774 Regem
1512 2708 1636 2759 cum
1690 2705 1858 2773 gloria

261 2793 531 2847 videbitis
570 2794 647 2858 τ’,
695 2812 713 2845 ι
755 2794 806 2848 id
849 2804 954 2858 est,
994 2794 1265 2849 hominem
1302 2810 1421 2848 cum
1453 2796 1632 2849 divina
1665 2795 1855 2865 gloria.

264 2884 336 2939 Et
381 2884 556 2940 Oseas
606 2903 620 2939 :
679 2905 699 2938 ι
756 2885 1002 2942 Posthaec
1048 2892 1391 2941 revertentur
1441 2887 1533 2940 lilii
1576 2888 1757 2953 lsrael,
1805 2897 1857 2942 et

262 2988 530 3049 quaerent
578 2979 871 3035 Dominum
926 2981 1091 3034 Deum
1126 2992 1325 3045 suum,
1378 2988 1433 3036 et
1478 2979 1643 3035 David
1679 2996 1857 3050 regem

264 3086 435 3127 suum
463 3090 478 3126 ε
516 3082 571 3126 et
597 3072 871 3139 pavebunl
900 3072 965 3126 ad
996 3070 1308 3138 Dominum,
1334 3080 1389 3127 ct
1416 3074 1483 3127 ad
1516 3074 1714 3128 bonum
1743 3072 1861 3141 ejus

1952 585 2075 633 nam
2132 573 2177 629 si
2230 571 2478 629 Ezechiae
2534 570 2771 627 fortasse
2818 568 3094 631 tribuetis,
3135 564 3201 619 ad
3242 562 3527 618 Christum

1954 676 2134 723 tamen
2168 680 2295 722 vere
2330 665 2593 721 refertur.
2626 663 2759 732 Quis
2789 662 2938 718 enim
2970 674 3068 717 rex
3100 662 3325 728 propter
3355 651 3524 708 animi

1954 768 2138 828 optata
2169 801 2185 827 ,
2227 768 2283 813 ct
2331 757 2598 815 orationis
2645 756 2915 828 postulata
2968 750 3178 807 Numen
3232 748 3528 818 propitium

1954 851 2190 907 habuit?
2221 851 2401 921 Atque
2434 851 2487 906 id
2514 865 2701 905 verum
2737 852 2889 907 esse.
2925 846 3066 901 idem
3107 842 3372 912 Pmpheta
3407 853 3524 891 rur-

1953 954 2075 997 sum
2140 944 2249 997 alio
2303 942 2517 1012 psalmo
2565 943 2953 997 demonstrat:
2989 956 3010 991 ι
3065 934 3319 995 Benedic,
3345 931 3524 985 anima

1957 1051 2098 1101 mea,
2134 1035 2362 1091 Domino
2419 1054 2435 1091 :
2491 1038 2585 1106 qui
2652 1034 2826 1105 replet
2882 1034 2933 1087 in
2980 1032 3140 1087 bonis
3192 1025 3535 1083 desiderium-

1960 1136 2112 1183 tuum
2146 1129 2215 1183 ".
2280 1147 2298 1181 ι
2336 1128 2493 1196 Quod
2544 1126 2587 1183 si
2646 1126 2833 1181 Davidi
2889 1123 3187 1195 praestitum
3242 1135 3346 1176 non
3400 1125 3525 1176 est.

1953 1223 2142 1289 ecquis
2182 1222 2320 1276 alius
2354 1236 2444 1277 rex
2475 1218 2544 1276 de
2576 1235 2641 1274 eo
2680 1234 2739 1274 se
2760 1215 3030 1288 iactabit?
3057 1215 3350 1270 Enimvero
3381 1219 3529 1278 post-

1957 1332 2119 1389 quam
2144 1317 2377 1373 dixisset
2417 1334 2431 1372 :
2473 1335 2489 1368 ι
2533 1315 2779 1380 Domine,
2808 1314 2859 1368 in
2888 1318 3088 1366 virtute
3134 1319 3217 1363 tua
3264 1306 3532 1360 laetabitur

1956 1426 2077 1477 rex,
2112 1429 2128 1463 ι
2174 1416 2481 1479 επιενιιίιυθ
2509 1423 2627 1479 qua:
2658 1422 2723 1461 eo
2754 1404 2993 1459 carmine
3020 1400 3362 1469 prreuuntiat,
3394 1391 3533 1448 indi-

1958 1518 2089 1561 cans
2141 1503 2422 1572 apertius,
2457 1504 2522 1557 de
2564 1517 2673 1572 quo
2721 1514 2847 1567 rege
2896 1495 3212 1552 vaticinium
3254 1488 3531 1550 edidisset,

1960 1600 2073 1665 ait:
2108 1617 2127 1649 ι
2158 1599 2334 1653 Vitam
2383 1598 2533 1667 petiit
2581 1613 2608 1650 a
2660 1608 2752 1651 te:
2785 1608 2840 1649 et
2882 1592 3114 1648 tribuisti
3150 1589 3198 1644 ei
3250 1584 3533 1654 longitudi-

1960 1706 2082 1746 nem
2125 1690 2411 1747 dierumiu
2445 1690 2730 1754 steculum,
2761 1696 2817 1743 et
2847 1687 2899 1740 in
2926 1683 3183 1740 saeculum
3224 1678 3407 1737 saculi
3429 1674 3531 1731 ⁷⁸.»

1962 1786 2138 1854 Atque
2169 1782 2350 1839 nullus
2396 1783 2558 1854 plane
2600 1791 2796 1853 praeter
2842 1778 3121 1834 Christum
3163 1789 3253 1829 rex
3285 1771 3539 1843 perennis

1963 1878 2120 1941 vivit,
2175 1882 2337 1945 atque
2386 1885 2596 1944 regnat.
2641 1871 2817 1942 Atque
2865 1871 2979 1926 haec
3029 1867 3245 1938 quidem
3303 1861 3539 1933 prophe-

1963 1976 2143 2024 tarum
2189 1978 2337 2023 sunt.
2388 1966 2526 2035 Quin
2579 1980 2677 2037 nos
2722 1976 2935 2032 queaue
2976 1964 3239 2014 hactenus
3277 1954 3369 2011 Dei
3417 1952 3538 2008 Filii

1965 2064 2129 2126 atque
2161 2055 2322 2111 Verbi
2357 2053 2788 2110 incarnationem
2832 2050 3134 2112 edidimus;
3164 2062 3337 2120 neque
3393 2043 3539 2099 enim

1963 2145 2045 2200 las
2075 2156 2160 2200 est
2214 2145 2466 2215 amplius.
2505 2143 2635 2199 Nam
2666 2152 2725 2198 ut
2777 2156 2928 2197 mare
2972 2141 3167 2212 cyatho
3222 2136 3398 2191 metiri
3433 2149 3541 2189 non

1965 2237 2164 2305 possis,
2192 2238 2334 2307 quod
2370 2236 2555 2291 multis
2588 2244 2752 2306 atque
2792 2234 3104 2304 ingentibus
3129 2230 3311 2286 ﬂuviis
3338 2228 3540 2298 rigetur

1965 2329 2089 2399 (etsi
2153 2344 2223 2384 ne
2288 2329 2369 2383 sic
2418 2328 2640 2398 quidem
2695 2335 2946 2381 exactam
3004 2325 3293 2379 veritatem
3350 2335 3544 2375 consc-

1965 2432 2167 2493 quatur
2192 2421 2548 2491 exemplum),
2582 2421 2654 2474 ita
2689 2434 2842 2483 sane,
2863 2430 2917 2473 ct
2949 2417 3095 2473 illam
3128 2430 3225 2486 pro
3256 2412 3538 2483 dignitate,

1966 2515 2271 2571 cdisserere
2307 2530 2369 2567 ac
2402 2497 2482 2568 vel
2512 2511 2860 2568 mediocriter
2892 2507 3262 2581 perscrutari,
3295 2506 3544 2561 humanae

1965 2606 2137 2663 menti
2164 2606 2542 2661 inconcessum
2578 2615 2679 2659 est.

2502 2735 2732 2794 CAPUT
2758 2730 3005 2792 XXXVI.

2152 2854 2303 2909 Alter
2346 2855 2508 2909 lsaite
2549 2856 2611 2908 de
2651 2844 2850 2909 Μίδεια
2886 2855 3031 2911 locus
3063 2862 3354 2927 expositus.

2037 2968 2143 3024 Sed
2172 2970 2423 3038 quaniam
2458 2970 2619 3025 nobis
2653 2978 2736 3023 ter
2767 2971 2938 3024 sancti
2973 2985 3037 3024 ac
3075 2971 3272 3027 vivitici
3301 2970 3547 3042 Spiritus

1963 3063 2363 3132 processiunem
2386 3061 2565 3117 Moses
2598 3078 2707 3133 pra:
2744 3064 2956 3119 caeteris
2984 3065 3201 3119 vatibus
3219 3065 3546 3137 obsignavit,

265 3163 324 3217 in
353 3163 657 3219 novissimo
677 3163 886 3217 dierum
910 3163 957 3195 "
982 3180 999 3229 ;
1027 3181 1047 3215 ι
1079 3178 1196 3231 quis
1223 3162 1291 3218 de
1335 3162 1446 3217 Deo
1474 3162 1692 3216 homine
1730 3162 1855 3217 Jesu
1888 3190 1928 3249 Ο
1965 3156 2187 3209 accedat
2214 3168 2341 3208 vero
2364 3162 2417 3208 et
2450 3152 2643 3219 isaias,
2686 3154 2776 3221 Qui
2819 3151 3092 3223 Uuigeniti
3124 3153 3548 3211 incarnationem

267 3256 517 3326 disputat
547 3258 838 3328 propheta.
882 3258 1078 3327 partim
1120 3257 1402 3311 Dominum
1432 3247 1596 3312 Deum
1642 3268 1861 3325 propter

268 3352 399 3421 ejus
438 3352 782 3407 divinitatem
830 3366 1062 3411 vocans.
1096 3351 1293 3419 partim
1346 3349 1599 3404 Davidem
1644 3360 1864 3420 propter

268 3443 673 3499 humanitatem
702 3483 717 3505 ,
765 3458 862 3498 ceu
908 3460 973 3498 ex
1017 3442 1251 3500 ’Davidis
1292 3446 1463 3514 Stirpe
1509 3454 1713 3497 natum.
1761 3441 1863 3497 Ubi

266 3546 359 3591 est
405 3537 553 3590 enim
627 3534 847 3590 Davidis
909 3538 1121 3592 demum
1188 3535 1533 3605 benignitas,
1580 3514 1865 3603 postremis

266 3629 389 3684 illis
444 3628 823 3700 temporibus,
875 3645 972 3682 nec
1012 3629 1316 3699 benignitas
1364 3630 1564 3691 modo,
1613 3612 1703 3681 sed
1749 3642 1868 3692 quae

270 3722 541 3778 homines
592 3738 812 3790 quoque
859 3724 911 3777 in
982 3718 1259 3793 stuporem
1301 3720 1573 3776 adducat?
1611 3719 1675 3773 Et
1717 3718 1869 3775 iere-

272 3814 440 3879 mias,
491 3814 557 3868 de
604 3815 787 3881 pueris
833 3822 1056 3885 propter
1096 3827 1218 3868 eum
1277 3812 1574 3869 interfectis
1617 3830 1632 3868 :
1677 3831 1697 3864 ε
1745 3811 1869 3868 llaec

266 3906 413 3961 dicit
481 3903 743 3961 Dominus
788 3923 803 3960 :
868 3904 1127 3971 Quiescat
1156 3922 1257 3961 vox
1307 3917 1397 3960 tua
1443 3922 1470 3960 a
1507 3891 1767 3977 ploratu,
1817 3916 1870 3960 et

268 3999 417 4055 oculi
505 3997 583 4053 tui
659 4002 697 4050 a‘
743 3998 1059 4070 lacrymis:
1123 3999 1245 4069 quia
1306 4010 1391 4054 est
1448 4014 1653 4053 merces
1721 3999 1870 4064 operi

274 4103 372 4148 tuo
413 4080 486 4146 ⁷⁸.
528 4110 545 4144 ι
584 4092 738 4159 Quod
792 4092 931 4145 idem
959 4100 1011 4146 et
1045 4093 1111 4146 de
1143 4092 1334 4161 quovis
1381 4090 1680 4162 pcenitentc
1714 4090 1891 4145 dicit.

275 4183 431 4239 idem
480 4197 696 4238 rursum
735 4199 752 4238 :
785 4201 804 4234 ι
865 4181 981 4237 Non
1041 4182 1284 4239 interibit
1326 4179 1394 4239 de
1437 4184 1601 4239 David
1644 4184 1748 4247 vir,
1780 4182 1871 4251 qui

270 4272 471 4330 sedeat
520 4288 685 4343 super
749 4274 1002 4328 thronum
1058 4274 1250 4328 domus
1302 4265 1567 4330 lsrael".
1627 4293 1646 4326 ›
1708 4272 1873 4344 igitur

270 4365 323 4419 si
356 4379 467 4419 non
505 4364 661 4419 venit
697 4361 1003 4430 Christus,
1035 4364 1264 4419 mendax
1294 4375 1376 4419 est
1402 4370 1681 4436 propheta.
1720 4364 1878 4420 Exci-

272 4458 439 4515 distis
478 4458 621 4513 anim
645 4496 661 4524 ,
703 4457 875 4514 Judaei
904 4499 918 4524 ,
954 4458 1189 4528 primum
1225 4460 1441 4528 quidem
1476 4461 1643 4530 gratia
1681 4458 1775 4514 Dei
1822 4471 1877 4514 et

1967 3246 2236 3316 obsignct.
2272 3246 2441 3314 igitur
2469 3247 2856 3317 prophetarum
2898 3245 3294 3303 illustrissimus
3325 3250 3547 3320 prollte-

1972 3350 2075 3406 tor,
2115 3338 2244 3409 quid
2294 3339 2432 3394 Deus
2480 3339 2692 3396 locutus
2720 3341 2789 3394 sit
2830 3339 2896 3394 ad
2927 3341 3150 3395 Achaz:
3196 3360 3213 3391 ε
3246 3342 3311 3395 Ει
3353 3340 3550 3413 adjecit

1972 3432 2232 3489 Dominus
2263 3430 2409 3499 loqui
2446 3432 2510 3484 ad
2544 3432 2746 3493 Achar,
2774 3431 2962 3487 dicens
2990 3448 3004 3486 ε
3038 3429 3168 3486 Pete
3206 3432 3297 3486 tibi
3334 3432 3550 3502 signum

1971 3540 2000 3578 a
2042 3523 2272 3577 Domino
2309 3520 2425 3577 Deo
2462 3532 2551 3576 tuo
2584 3523 2638 3577 in
2679 3522 3008 3591 profundum
3058 3522 3280 3588 inferni,
3347 3523 3462 3578 sive
3496 3524 3549 3580 in

1969 3616 2248 3672 excelsum
2300 3630 2486 3686 supra.
2522 3614 2589 3670 Et
2648 3615 2787 3672 dixit
2833 3615 3019 3672 Achaz
3049 3629 3065 3669 :
3101 3614 3217 3669 Non
3252 3626 3462 3683 petam,
3496 3628 3552 3671 et

1974 3724 2080 3764 non
2116 3709 2333 3763 tentabo
2362 3708 2669 3764 Dominum.
2690 3705 2756 3761 Et
2788 3708 2924 3763 dixit
2948 3708 3112 3763 Isaias
3136 3724 3152 3763 :
3180 3709 3374 3764 Audito
3392 3726 3544 3781 ergo.

1972 3802 2167 3856 domus
2198 3803 2361 3856 David
2391 3821 2405 3856 :
2441 3801 2693 3873 Nunquid
2736 3818 2924 3873 parum
2976 3804 3127 3859 vobis
3167 3814 3245 3859 est
3279 3804 3551 3860 molestos

1975 3910 2097 3950 csse
2133 3895 2464 3958 hominibus,
2519 3896 2646 3965 quia
2704 3895 2912 3949 molesti
2964 3896 3094 3952 estis
3142 3908 3195 3950 et
3228 3896 3336 3952 Deo
3391 3898 3551 3952 meo?

1976 3986 2206 4056 Propter
2229 3990 2329 4042 hoc
2357 3989 2508 4042 dabit
2536 3988 2795 4043 Dominus
2822 3990 2940 4059 ipse
2968 3990 3116 4045 vobis
3142 3990 3379 4060 signant.
3411 3992 3553 4046 Ecce

1978 4079 2128 4149 virgo
2184 4078 2471 4147 concipiet,
2507 4088 2561 4134 et
2590 4080 2761 4147 pariet
2807 4080 2995 4147 lilium,
3040 4090 3094 4136 et
3141 4082 3423 4137 vocabitur
3456 4099 3552 4137 no-

1980 4184 2100 4224 men
2136 4171 2251 4241 ejus
2300 4170 2640 4227 Emmanuel.
2704 4172 2963 4244 Butyrum
3023 4184 3077 4228 et
3126 4174 3231 4229 mei
3285 4176 3551 4231 comedet.

1982 4262 2080 4328 Qui
2138 4278 2431 4331 antequam
2493 4263 2631 4320 sciat
2667 4276 2759 4318 aut
2801 4264 3057 4333 praeferat
3112 4265 3335 4332 malum,
3391 4266 3561 4337 eliget

1982 4358 2179 4411 bonum
2215 4359 2281 4415 "'.
2334 4357 2400 4413 Et
2451 4359 2586 4414 dixit
2639 4359 2897 4414 Dominus
2952 4362 3019 4415 ad
3080 4375 3203 4415 me:
3238 4359 3403 4414 Sume
3455 4359 3550 4413 tibi

1984 4450 2179 4506 librum
2222 4467 2418 4506 novum
2456 4454 2739 4524 grandem,
2771 4462 2827 4508 et
2871 4454 3049 4509 scribe
3082 4453 3137 4508 in
3171 4469 3235 4509 co
3262 4453 3402 4525 styio
3443 4453 3511 4509 ito
3533 4483 3553 4494 -

270 4549 690 4622 procuratione,
720 4550 915 4605 deinde
938 4560 989 4605 et
1015 4548 1505 4619 llierosolymitana
1540 4553 1683 4605 sede.
1716 4553 1867 4607 Absit
1903 4544 1943 4598 ῐ)
1973 4546 2137 4599 mittis
2166 4561 2179 4598 ε
2220 4544 2493 4601 VeiOCilct‘
2524 4546 2696 4616 spolia
2734 4547 2980 4609 detrahe.
3009 4548 3115 4602 cito
3150 4547 3391 4615 prtetlare
3417 4547 3488 4601 ⁸⁸⁸.
3530 4567 3551 4600 ι

273 4656 433 4707 vero,
466 4638 608 4697 Deus
634 4639 998 4695 immortalis!
1055 4649 1115 4693 ut
1150 4642 1472 4695 mendacem
1511 4640 1601 4695 Dei
1633 4643 1864 4711 pmphe-

276 4741 393 4787 tam
444 4728 734 4801 appellem.
764 4722 869 4784 Sed
903 4745 1024 4784 cum
1070 4729 1135 4783 ad
1164 4729 1442 4784 Christum
1485 4744 1655 4798 usque
1679 4746 1864 4800 regna-

274 4826 441 4890 retis,
478 4839 815 4896 regnumque
845 4833 896 4879 ct
930 4824 1295 4878 sacerdOtium
1326 4825 1604 4882 teneretis.
1634 4828 1861 4878 veniens

273 4917 552 4982 Christus,
588 4918 680 4987 qui
718 4917 1035 4972 humanitus
1074 4917 1141 4971 ab
1182 4915 1381 4968 Davide
1423 4932 1592 4985 genus
1616 4917 1857 4981 duceret,

275 5010 769 5070 consubstantialis
802 5019 857 5064 et
886 5017 1185 5065 coaeternus
1223 5009 1367 5062 Patri
1410 5007 1616 5074 Filius,
1652 5010 1861 5064 lsraeli-

276 5115 464 5161 tarum
502 5112 665 5170 atque
713 5102 948 5156 universi
996 5102 1141 5158 orbis
1192 5102 1477 5169 imperium
1533 5102 1749 5169 accipit.
1805 5099 1860 5153 id

279 5198 423 5269 quod
454 5206 508 5251 et
544 5194 708 5250 David
736 5195 1044 5266 cunlirmat,
1078 5197 1128 5248 in
1164 5196 1275 5249 haec
1319 5196 1521 5250 verba:
1556 5212 1573 5244 α
1611 5194 1857 5259 Domine,

1973 4640 2141 4692 Adest
2169 4640 2309 4692 enim
2340 4657 2383 4691 ιι
2405 4638 2473 4693 Et
2499 4637 2742 4693 adhibuit
2771 4640 2898 4693 mihi
2930 4649 3091 4694 testes
3124 4638 3331 4701 ﬁdeles,
3368 4636 3550 4693 Uriam

1973 4728 2345 4793 sacerdotem,
2400 4741 2454 4786 et
2515 4729 2837 4784 Zachariam
2903 4730 3068 4784 lilium
3123 4731 3448 4785 Baracbite:
3501 4743 3555 4785 et

1973 4824 2177 4877 accessi
2238 4823 2304 4875 ad
2358 4822 2801 4891 prophetissam,
2844 4832 2897 4875 ct
2947 4822 3197 4893 concepit
3251 4832 3305 4877 et
3349 4824 3557 4892 peperit

1974 4912 2167 4965 lilium.
2204 4913 2267 4964 Et
2290 4913 2423 4965 dixit
2464 4912 2719 4971 Dominus
2748 4912 2811 4965 ad
2845 4926 2968 4967 me:
3000 4911 3142 4968 Voca
3188 4928 3381 4967 nomen
3413 4914 3552 4982 ejus.

1969 5004 2223 5059 Accelera
2273 5004 2443 5075 spolia
2490 5005 2820 5059 detrahere:
2858 5005 3072 5060 Festina
3123 5006 3378 5076 praedari.
3418 5005 3552 5072 Quia

1969 5107 2259 5163 antequam
2329 5097 2463 5149 sciat
2533 5111 2665 5163 puer
2756 5110 2949 5149 vocare
3016 5109 3222 5166 patrem
3280 5113 3434 5151 suum
3500 5109 3552 5149 et

1973 5197 2199 5245 matrem
2255 5204 2405 5242 suam
2433 5230 2447 5254 ,
2486 5188 2716 5258 accipiet
2758 5187 3129 5243 fortitudinem
3176 5188 3466 5251 Damasci,
3501 5198 3556 5242 ct

277 5290 335 5344 in
394 5289 596 5342 virtute
656 5298 743 5341 tua
800 5286 1066 5340 luctabitur
1128 5288 1266 5351 Rex,
1323 5298 1375 5341 et
1427 5303 1585 5354 super
1629 5275 1892 5340 salutare
1968 5281 2135 5350 spolia
2168 5280 2426 5335 Samaria:
2462 5296 2646 5334 coram
2689 5296 2814 5349 rege
2868 5280 3215 5351 Assyriorum
3261 5281 3549 5336 Nobiscum

282 5394 435 5437 tuum
498 5380 791 5437 exsultabit
851 5380 1211 5434 vehementer.
1276 5382 1609 5436 Desiderium
1684 5382 1864 5435 cordis

279 5476 402 5545 ejus
450 5471 689 5530 tribuisti
739 5475 829 5533 ei:
865 5480 918 5528 et
967 5473 1240 5529 voluntate
1287 5476 1548 5529 labiorum
1586 5476 1706 5545 ejus
1754 5491 1859 5529 non

1971 5376 2112 5430 Deus
2143 5375 2209 5426 ⁸³.
2249 5392 2369 5425 ι-ι
2412 5374 2613 5429 Scitote
2650 5386 2859 5443 gentes,
2887 5386 2939 5429 et
2967 5375 3269 5436 vincimini,
3296 5384 3346 5429 et
3372 5376 3554 5430 audite

1974 5474 2237 5525 universae
2296 5472 2485 5541 procul
2549 5480 2761 5525 terrea:
2820 5470 2946 5539 quia
3022 5472 3304 5526 nobiscum
3392 5469 3553 5533 Deus,

352 5730 400 5763 “
428 5729 570 5786 Psai.
618 5743 814 5792 xxxtn,
866 5726 954 5791 16,
995 5727 1079 5781 i7.
1158 5727 1200 5758 ⁸⁷
1237 5726 1338 5780 Isa.
1384 5742 1577 5788 xxxiii,
1614 5726 1695 5781 15.
1775 5728 1817 5757 ⁸⁸
1856 5725 1984 5779 ibid.
2034 5724 2115 5779 l6.
2199 5726 2409 5791 “ibid.
2486 5724 2530 5755 7°
2564 5722 2718 5779 Joan.
2758 5740 2827 5785 tv,
2870 5725 2951 5779 l0.
3029 5722 3070 5753 “
3110 5721 3265 5773 Joan.
3321 5715 3549 5792 Ψ..-

284 5802 332 5835 ”
358 5798 463 5867 Isa.
498 5808 691 5861 xx‘xm,
716 5799 804 5851 i7.
875 5799 921 5830 "
946 5798 1080 5867 Osee
1112 5814 1170 5851 ill
1194 5838 1208 5856 ,
1249 5798 1301 5853 5.

278 5885 378 5940 cu,
420 5862 474 5938 i,
500 5872 556 5927 5.
632 5867 677 5901 "
716 5868 863 5926 Psal.
897 5884 987 5937 xx,
1027 5862 1080 5924 ὅ.
1157 5867 1205 5901 ⁷³
1256 5869 1363 5923 lsa.
1401 5882 1495 5935 vn,
1531 5865 1719 5924 10-16.

1374 5798 1419 5827 ⁷³
1450 5798 1649 5851 Jeretn.
1686 5813 1811 5850 xxvi
1838 5838 1849 5855 .
1888 5796 1971 5850 lli.
2046 5798 2089 5826 ⁷⁵
2115 5796 2188 5850 lci

1401 5882 1495 5921 vn.
1531 5865 1719 5921 i046.
1798 5869 1841 5898 '°
1871 5866 1972 5921 lsa.
2007 5882 2124 5921 vin.
2173 5870 2188 5920 ι

1896 5880 1972 5920 $3.
2007 5882 2124 5927 Vill,
2173 5880 2216 5921 ι.

2046 5798 2089 5826 ⁷⁵
2115 5786 2313 5850 let-cm.
2352 5812 2480 5850 Llll.
2528 5796 2613 5846 i7.
2692 5796 2738 5826 ⁷⁵
2767 5794 2912 5850 Psal.
2965 5811 3054 5850 xx.
3098 5794 3140 5850 l,
3169 5792 3222 5844 ‘2.
3333 5790 3376 5821 ⁷⁷
3410 5786 3552 5841 Psal.

2296 5865 2335 5895 ⁸¹
2376 5866 2505 5920 ibid.
2554 5866 2678 5919 2-4.

2692 5796 2738 5826 ⁷⁵
2767 5794 2912 5850 Psal.
2965 5811 3054 5859 xx,
3098 5794 3140 5855 l,
3169 5792 3222 5844 ‘2.
