4004 6206
531 356 638 422 855

529 467 916 526 Confortamini
977 477 1031 525 et
1077 463 1352 525 vincimini
1397 483 1411 522 :

531 561 859 620 iortabimini
887 577 904 628 ;
959 559 1454 616 denuo’vincemini
1483 577 1497 625 ;
1531 557 1663 612 inite
1702 554 2012 617 consilium,
2046 560 2100 608 et

528 656 916 727 dissipabitur:
948 651 1227 724 loquimini
1273 653 1517 715 verbum,
1565 659 1619 706 et
1662 663 1768 704 non
1816 645 1944 702 tiet:
1973 644 2096 716 quia

530 747 807 802 nobiscum
843 746 980 802 Deus
1002 746 1070 802 ⁸⁸.
1112 765 1132 798 ι

598 837 859 893 Caeterum
884 838 937 892 in
967 837 1158 907 primis
1191 836 1405 905 dignum
1433 835 1728 902 quaestione
1765 842 1866 896 est,
1909 845 2098 900 quam-

529 933 714 985 obrem
789 931 936 986 dicat
1021 931 1338 1000 propheta:
1397 948 1415 978 ‹
1471 926 1533 981 Et
1593 926 1784 994 adjecit
1839 923 2100 980 Dominus

510 1023 674 1092 loqui
708 1023 772 1079 ad
806 1022 1009 1088 Achaz,
1055 1023 1268 1078 dicens.
1308 1040 1327 1073 ›
1364 1019 1437 1073 De
1469 1020 1574 1076 Deo
1603 1016 1827 1087 ejusque
1865 1017 2096 1070 adventu

524 1116 788 1187 propheta
819 1116 1084 1178 dicturus,
1117 1129 1182 1168 ne
1214 1113 1482 1181 quispiam
1515 1111 1909 1182 suspicaretur,
1939 1107 2099 1160 alium

528 1225 669 1270 esse,
689 1211 782 1278 qui
816 1225 842 1262 a
873 1210 1147 1279 prophetis
1174 1223 1231 1261 se
1255 1205 1525 1276 prioribus
1544 1204 1733 1258 fuisset
1760 1201 2102 1270 praedicatus,

530 1309 588 1353 et
604 1300 790 1366 alium,
818 1300 909 1368 qui
957 1315 985 1354 a
1029 1301 1206 1368 seipse
1240 1309 1351 1353 tum
1402 1298 1805 1364 praedicaretur,
1842 1291 2062 1348 voculas
2086 1329 2102 1353 ,

536 1393 657 1448 «Et
711 1393 934 1462 adjecit,
968 1411 986 1446 ι
1039 1393 1334 1462 prophetiae
1389 1391 1552 1446 voluit
1597 1389 1912 1459 praeﬁgere,
1948 1387 2100 1454 quasi

528 1488 777 1543 diceret:
818 1488 964 1541 Inter
997 1485 1131 1540 alias
1177 1485 1440 1539 vaticinas
1492 1482 1922 1552 prmsagitiones,
1963 1494 2105 1549 quas

527 1572 758 1646 Spiritus
785 1587 1004 1632 sanctus
1031 1576 1099 1632 de
1126 1576 1408 1646 unigenito
1439 1573 1527 1628 Dei
1561 1573 1717 1639 Filio,
1753 1586 1847 1640 per
1873 1572 2106 1653 prophe-

529 1682 706 1728 tArum
767 1671 975 1741 linguas
1030 1668 1413 1740 promulgavit,
1453 1667 1676 1732 insuper
1721 1663 1898 1718 adhuc
1942 1680 1959 1712 ι
1994 1661 2106 1713 Ad-

522 1762 652 1832 jecit
687 1763 943 1815 Dominus
987 1761 1131 1828 loqui
1169 1761 1234 1814 ad
1280 1760 1502 1813 Achaz:
1538 1757 1667 1811 Pete
1704 1757 1794 1809 tibi
1825 1755 2035 1824 signum
2070 1767 2096 1804 a

531 1857 755 1912 Domino
811 1855 917 1911 Deo
978 1864 1068 1909 tuo
1128 1855 1179 1906 in
1239 1851 1563 1923 profundum
1618 1847 1834 1913 inferni,
1889 1847 2001 1902 sive
2045 1847 2098 1900 in

526 1949 800 2003 excelsum
837 1963 1018 2018 supra.
1055 1967 1076 1999 ι
1117 1946 1222 2000 Nec
1256 1961 1385 2000 vero
1424 1945 1579 2014 jubet
1609 1943 1753 1997 Deus
1784 1941 1964 1994 Achaz
2000 1951 2098 1993 ceu

527 2040 854 2095 diilidentem
902 2050 1086 2108 petere
1130 2037 1365 2110 signum.
1392 2038 1595 2106 Apage.
1630 2032 1912 2100 Quomodo
1955 2030 2098 2086 enim

521 2137 707 2202 jubeat
768 2135 979 2204 signum
1029 2136 1237 2204 petere,
1268 2133 1356 2198 qui
1410 2134 1575 2186 etiam
1623 2127 1810 2198 jussus
1861 2121 2103 2180 abnuet?

525 2228 620 2282 sed
669 2226 948 2291 nimirum,
981 2233 1040 2278 ut
1085 2225 1380 2294 praescius‘,
1417 2222 1715 2294 Syuagoga:
1754 2217 2098 2274 incredulita-

521 2328 630 2374 tem
655 2321 955 2392 prtrvidens
980 2320 1140 2385 Deus,
1167 2320 1348 2375 Achaz
1370 2317 1610 2381 mandat,
1633 2315 1845 2386 signum
1871 2320 2096 2383 peteret.

526 2413 990 2479 Quemadmodum
1063 2411 1353 2484 aliquando
1415 2423 1469 2466 et
1527 2407 1750 2465 Thomae
1806 2405 2100 2462 obstinatio

525 2514 750 2562 caeteros
778 2509 843 2560 ad
872 2505 1206 2575 exploratam
1251 2503 1456 2559 Christi
1489 2498 1911 2558 resurrectionis
1939 2498 2097 2553 iidem

529 2596 817 2665 pertraxit,
877 2605 1040 2667 atque
1121 2595 1470 2663 onllrmavit;
1518 2594 1591 2650 ita
1641 2607 1772 2649 sane
1816 2599 1869 2646 et
1919 2590 2097 2647 Acha:

530 2689 742 2757 signum
780 2699 998 2758 petere,
1032 2702 1222 2744 omnes
1264 2690 1329 2744 ad
1366 2689 1474 2744 veri
1521 2687 1893 2742 credulitatem
1927 2683 2099 2738 addu-

522 2785 604 2838 xit
642 2793 694 2838 et
731 2784 1119 2840 constabilivit.
1153 2782 1218 2837 Et
1255 2783 1299 2839 si
1335 2796 1462 2839 vero
1507 2781 1689 2837 Acbaz
1733 2779 2001 2842 abnuerit,
2036 2791 2100 2830 ac

525 2875 907 2943 responderit:
952 2895 970 2928 ί
1007 2876 1122 2932 Non
1181 2886 1380 2942 petam,
1405 2884 1459 2929 et
1505 2891 1609 2929 non
1653 2874 1872 2929 tentabo
1921 2869 2102 2926 Domi—

525 2981 651 3019 num
670 2966 737 3030 ⁸³,
777 2986 795 3016 ι
831 2966 997 3022 Isaias
1037 2977 1211 3022 tamen
1258 2982 1358 3037 pro
1395 2983 1460 3023 eo
1499 2965 1812 3021 exclamat:
1855 2983 1873 3016 ι
1903 2962 2101 3018 Audite

525 3073 654 3129 ergo
703 3060 895 3114 domus
946 3058 1136 3113 David.
1188 3079 1203 3111 ι
1253 3061 1392 3116 Ecce
1446 3060 1512 3115 ad
1571 3074 1709 3130 quos
1770 3057 2094 3128 promissum

527 3153 790 3223 pertinet,
843 3170 936 3209 eos
981 3173 999 3206 ι
1051 3157 1267 3208 domum
1318 3154 1535 3209 Davidis
1570 3172 1588 3206 ι
1633 3151 1905 3223 appellat,
1939 3148 2092 3219 quasi
2120 3155 2165 3212 c

527 3247 578 3301 in
627 3245 937 3300 memoriam
972 3260 1234 3301 revocans
1266 3243 1482 3300 Davidis
1509 3244 1671 3298 verba
1705 3245 1868 3312 atque
1909 3241 2093 3306 (idem,

524 3334 948 3404 quamjuratam
1008 3333 1192 3389 Davidi
1239 3333 1380 3391 Deus
1436 3349 1540 3390 non
1597 3336 1668 3389 sit
1719 3333 2093 3389 revocaturus.

527 3426 684 3490 Nam,
723 3445 742 3479 ‹
771 3427 974 3498 juravit
1026 3427 1280 3483 Dominus
1317 3427 1485 3483 David
1533 3427 1837 3491 veritatem,
1885 3428 1939 3480 et
1988 3440 2093 3480 non

528 3521 878 3574 i‘rnstrabitur
916 3535 1058 3575 eam.
1100 3540 1119 3574 θ
1161 3522 1444 3589 Quaeritis,
1489 3537 1608 3591 qua:
1654 3520 1724 3575 sit
1767 3535 1828 3576 ea
1875 3522 2093 3584 veritas,

528 3613 876 3685 intelligere?
906 3635 924 3668 ε
959 3615 1033 3670 De
1075 3614 1260 3670 fructu
1309 3614 1518 3671 ventris
1560 3614 1635 3669 tui
1676 3628 1872 3685 ponam
1933 3629 2098 3683 super

524 3707 704 3762 sedem
744 3717 911 3761 tuam.
953 3707 1010 3763 Si
1066 3708 1424 3763 custodierint
1457 3707 1546 3761 lilii
1593 3707 1666 3763 tui
1713 3698 2093 3762 testamentum

528 3815 729 3864 meum,
760 3810 813 3855 et
843 3800 1147 3861 testimonia
1193 3816 1309 3856 mea
1343 3801 1459 3857 haec
1517 3816 1636 3870 qua:
1669 3801 1871 3856 docebo
1901 3815 2013 3864 eos,
2044 3811 2098 3855 et

527 3888 622 3943 lilii
656 3903 840 3944 eorum
895 3904 1067 3964 usque
1117 3890 1168 3944 in
1238 3892 1539 3956 sreculnm,
1604 3890 1871 3947 sedebunt
1935 3907 2098 3961 super

523 3986 708 4040 sedem
751 3994 920 4038 tuam.
959 3984 1224 4051 Quoniam
1259 3985 1419 4055 elegit
1451 3982 1706 4039 Dominus
1737 3980 1891 4048 Sion,
1934 3984 2096 4056 elegit

521 4091 640 4130 eam
689 4076 742 4130 in
803 4077 1189 4132 habitationem
1242 4075 1366 4132 sibi.
1417 4075 1541 4131 Hart:
1596 4077 1808 4146 requies
1879 4089 1991 4132 mea
2043 4078 2094 4131 in

525 4170 779 4225 saeculum
816 4169 1033 4223 surculi:
1069 4170 1156 4224 hic
1186 4168 1462 4231 habitabo,
1501 4171 1753 4237 quoniam
1787 4171 1919 4240 elegi
1953 4186 2093 4225 eam.

529 4262 755 4316 Viduam
809 4260 927 4330 ejus
971 4261 1299 4317 benedicens
1349 4261 1685 4325 benedicam.
1731 4273 1786 4316 et
1836 4277 2096 4332 pauperes

526 4354 646 4420 ejus
699 4356 954 4408 saturabo
1005 4353 1252 4421 panibus.
1315 4352 1637 4410 Sacerdotes
1693 4354 1809 4424 ejus
1877 4356 2093 4408 induam

527 4446 789 4501 salutari:
839 4456 894 4501 ct
937 4448 1106 4500 sancti
1156 4448 1275 4513 ejus
1323 4446 1684 4501 exsultatione
1724 4447 2092 4502 exsultabant.

1757 334 2187 406 ANDRONICI
2218 337 2564 398 COMNENI

1455 464 1501 520 si
1534 464 1682 521 enim
1730 463 1909 517 denuo
1972 472 2105 514 con»
2133 453 2179 512 Δ
2207 463 2314 510 etc.
2349 451 2482 508 Nam
2524 469 2589 510 ex
2622 454 2767 509 omni
2816 455 3070 510 memoria
3123 455 3280 510 fando
3321 455 3618 514 ineruditum
3655 471 3748 523 est,

3647 346 3744 408 855

2204 547 2463 616 virginem
2498 545 2663 601 lilium
2692 549 2961 614 genuisse.
2995 549 3179 620 Itaque
3211 564 3316 604 non
3351 551 3560 621 signum
3587 556 3750 618 modo,

2201 639 2295 694 sed
2337 640 2725 695 miraculorum
2768 641 3009 696 omnium
3051 643 3496 698 miriﬁcissimum
3523 646 3751 711 'estboc,

2203 740 2254 785 et
2287 747 2604 787 arcanorum
2650 749 2713 789 ac
2742 732 3104 805 prodigiorum
3152 734 3310 803 longe
3358 737 3753 791 arcanissimum

2204 839 2266 878 ac
2301 825 2840 894 prodigiosissimum.
2875 845 2893 879 ι
2924 827 3180 898 Butyrum
3212 837 3267 883 et
3305 828 3410 884 mel
3439 830 3698 884 comedet.
3731 850 3749 882 ›

2205 917 2245 970 Α
2318 916 2580 972 miraculo
2639 919 2703 972 ad
2767 917 3086 973 miraculum
3172 919 3521 990 digreditur,
3573 921 3757 976 etenim

2205 1008 2501 1075 praefatus:
2549 1027 2568 1062 ι
2602 1008 2740 1064 Deus
2784 1026 3010 1081 magnus
3043 1026 3107 1067 ac
3148 1021 3455 1081 praepotens
3498 1028 3602 1066 non
3651 1028 3763 1066 esu-

2207 1102 2327 1166 riet,
2355 1118 2372 1152 »
2395 1116 2539 1155 nunc
2563 1099 3287 1172 Unigenitiincarnationem
3313 1105 3762 1175 cumprehendens

2205 1192 2280 1246 ait
2304 1209 2317 1246 :
2341 1192 2510 1259 Quem
2543 1210 2638 1263 pro
2663 1197 3109 1265 supralemporaii
3143 1210 3331 1252 natura
3363 1198 3502 1251 haud
3538 1199 3764 1252 esuritu-

2210 1300 2323 1337 rum
2370 1285 2673 1354 prmcecini,
2717 1303 2859 1343 nunc
2892 1304 2956 1343 ex
2993 1289 3198 1358 virgine
3251 1289 3526 1342 hominem
3570 1298 3761 1351 natum,

2207 1380 2338 1432 citra
2371 1388 2672 1448 peccatum,
2703 1378 2899 1450 butyro
2930 1395 2993 1434 ae
3023 1379 3180 1434 melle
3213 1383 3543 1434 vesciturum
3578 1393 3764 1447 praesa-

2207 1473 2311 1540 gio.
2344 1469 2547 1540 Butyro
2579 1476 2756 1525 autem
2802 1481 2963 1539 atque
2995 1469 3154 1525 melle
3196 1471 3547 1534 nominando,
3586 1472 3764 1524 iterum

2207 1561 2360 1616 nobis
2383 1561 2602 1617 Davidis
2634 1562 2889 1617 vaticinia
2923 1563 2976 1615 in
3024 1572 3259 1617 mentem
3310 1573 3532 1616 revocat
3561 1579 3574 1614 :
3612 1578 3766 1616 unum

2209 1655 2514 1722 hujusmodi
2543 1672 2560 1710 :
2601 1653 2983 1725 «Impinguasti
3015 1655 3070 1710 in
3106 1656 3225 1712 oleo
3255 1659 3414 1723 caput
3447 1669 3627 1708 meum
3649 1656 3721 1718 ⁸³;
3745 1673 3762 1705 ›

2208 1743 2435 1796 alterum
2465 1760 2479 1797 :
2526 1760 2546 1795 ι
2575 1742 2744 1809 Quam
2777 1742 2953 1798 dulcia
2990 1743 3234 1799 felicibus
3265 1742 3399 1797 meis
3421 1742 3636 1811 eloquia
3666 1752 3764 1806 tua,

2203 1835 2480 1904 supermel
2500 1836 2580 1890 ori
2599 1851 2718 1892 meo
2738 1836 2822 1892 “l
2850 1834 3150 1894 :Czeterum
3189 1836 3440 1891 audiens:
3461 1855 3478 1888 ‹
3507 1836 3608 1903 Qui
3631 1847 3768 1892 ante-

2202 1942 2362 1996 quam
2393 1929 2552 1994 sciat,
2584 1935 2676 1984 aut
2701 1928 2955 1999 praeferat
2977 1929 3200 1993 malum,
3231 1927 3388 1999 elegit
3413 1930 3618 1983 bonum
3654 1929 3718 1994 ⁸⁷,
3747 1947 3763 1980 ι

2201 2035 2269 2073 ne
2297 2020 2500 2088 peccati
2528 2031 2826 2088 expertem,
2850 2022 3133 2084 sciturum,
3159 2030 3251 2075 ant
3276 2020 3474 2074 malum
3509 2019 3768 2072 admissu-

2203 2125 2318 2165 rum
2350 2127 2586 2179 unquam
2608 2113 2748 2183 ﬁnge
2774 2114 2901 2166 :sed
2922 2113 3233 2180 priusquam
3261 2111 3312 2164 id
3342 2109 3459 2174 ﬁat,
3478 2125 3546 2165 ex
3567 2107 3770 2176 Virgine

2202 2214 2383 2258 natum
2408 2205 2657 2275 eligendo
2683 2205 2821 2260 bono
2845 2217 3057 2259 sacrum
3093 2201 3329 2258 futurum
3354 2217 3369 2269 ;
3409 2217 3536 2257 nam
3565 2220 3582 2252 ‹
3613 2201 3771 2255 Omne

2202 2297 2562 2353 masculinum
2615 2299 2934 2368 adaperiens
2973 2297 3210 2362 vulvam,
3257 2305 3506 2353 sanctum
3556 2294 3769 2352 Domino

2200 2391 2482 2445 vocabitur
2511 2388 2580 2447 ⁸⁸.
2619 2409 2638 2443 ι
2677 2389 2845 2462 Igitur
2881 2391 2972 2462 qui
3002 2405 3066 2446 ex
3112 2399 3269 2446 utero
3300 2389 3656 2444 consecratus
3686 2389 3768 2450 sit,

2200 2481 2292 2547 qui
2355 2481 2570 2538 tandem
2633 2482 2791 2545 sciat,
2850 2491 2945 2538 aut
3003 2483 3200 2537 malum
3270 2479 3771 2545 admittatiQuare

2200 2572 2424 2626 dubium
2475 2587 2584 2627 non
2613 2581 2721 2638 est,
2767 2573 2897 2642 quin
2951 2571 3252 2642 perlectum
3310 2569 3589 2625 hominem
3644 2565 3768 2632 fore,

2201 2664 2292 2732 qui
2326 2674 2660 2729 nasceretur,
2697 2667 2790 2719 sed
2820 2681 2849 2716 a
2900 2674 3122 2733 peccato
3159 2663 3391 2717 alienum
3443 2660 3767 2728 designarit;

2203 2768 2323 2807 nam
2355 2755 2419 2808 de
2448 2767 2512 2809 eo
2555 2753 2697 2809 idem
2749 2771 2961 2811 rursum
3015 2754 3336 2810 conﬁrmat:
3373 2771 3392 2802 ι
3433 2751 3768 2822 iniquitatem

2201 2862 2305 2900 non
2360 2846 2508 2914 fecit,
2550 2863 2725 2919 neque
2773 2849 2929 2905 dolus
2975 2848 3077 2904 fuit
3119 2851 3171 2904 in
3218 2863 3312 2902 ore
3354 2848 3472 2917 ejus
3513 2864 3530 2900 :
3569 2856 3768 2901 etcum

2200 2940 2480 2996 sceleratis
2535 2949 2814 3011 reputatns
2862 2953 2950 2998 est
2979 2942 3048 3007 ",
3081 2961 3098 2994 ι
3133 2943 3394 2996 innocens
3424 2952 3612 2994 tamen
3659 2950 3769 2992 cum

2201 3042 2364 3088 esset.
2405 3033 2582 3100 Quare
2627 3035 2672 3089 si
2721 3051 2749 3088 a
2802 3035 2945 3090 malo
2989 3035 3125 3090 maia
3175 3043 3340 3097 sunt,
3401 3032 3547 3086 Deus
3604 3038 3768 3084 autem

2202 3124 2375 3182 bonus
2410 3139 2512 3192 est,
2562 3139 2614 3183 et
2644 3129 2769 3184 boni
2815 3129 3127 3184 hominibus
3160 3123 3383 3196 largitor
3405 3167 3420 3188 ,
3455 3125 3654 3180 merito
3689 3123 3769 3178 ille

2198 3216 2322 3270 boni
2378 3218 2628 3272 omnibus
2666 3225 2876 3284 auctor,
2912 3219 3300 3272 humanitatem
3361 3231 3514 3271 suam
3580 3212 3769 3268 Divini-

2200 3311 2329 3368 tatis
2357 3314 2495 3366 bono
2529 3314 2809 3384 impertiit.

2275 3423 2294 3454 ι
2337 3403 2401 3458 Et
2430 3405 2564 3459 dixit
2587 3407 2852 3464 Dominus
2871 3405 2935 3459 ad
2969 3421 3072 3467 me.
3100 3424 3118 3459 ι
3142 3406 3190 3464 id
3219 3417 3301 3460 est
3334 3404 3766 3460 demonstravit:

2204 3517 2223 3550 ‹
2255 3497 2419 3552 Sume
2449 3496 2541 3552 tibi
2581 3497 2774 3552 librum
2810 3513 3028 3560 novum,
3061 3498 3316 3569 grandem
3354 3496 3424 3550 ".
3461 3513 3476 3545 ι
3512 3496 3767 3550 Yolumen

2199 3589 2287 3645 hic
2321 3591 2554 3662 Virginis
2595 3591 2746 3646 alvus
2795 3591 3148 3661 intelligatur.
3185 3588 3314 3644 Nam
3353 3601 3409 3644 ut
3449 3587 3506 3642 in
3547 3589 3768 3644 tabulas

2198 3685 2335 3739 Mosi
2372 3684 2596 3740 traditas
2627 3685 2871 3739 exaratis
2902 3683 3160 3739 divinitus
3191 3681 3410 3746 litteris,
3443 3681 3766 3748 Decalogum

2202 3782 2340 3836 Deus
2377 3781 2672 3852 inscripsit,
2706 3780 2773 3836 ita
2807 3790 2859 3835 et
2891 3780 2941 3833 in
2981 3781 3223 3851 virgineo
3271 3778 3426 3857 quasi
3477 3777 3766 3839 volumine,

2200 3874 2454 3944 perennis
2497 3890 2559 3928 ac
2597 3874 2713 3929 sine
2745 3873 3011 3943 principio
3047 3872 3243 3936 Patris,
3277 3883 3337 3926 et
3371 3869 3459 3926 ter
3507 3868 3682 3928 sarcti
3713 3881 3768 3921 ac

2202 3965 2396 4021 vivifici
2449 3981 2551 4039 ope
2610 3966 2884 4038 Spiritus,
2947 3964 3184 4036 Unigena
3245 3979 3309 4018 ac
3371 3962 3472 4017 Dei
3537 3953 3766 4016 Verbum

2202 4058 2504 4131 descriptus
2561 4069 2646 4116 est
2718 4060 3010 4114 habitator.
3087 4057 3239 4124 Quod
3297 4067 3478 4111 autem
3553 4053 3766 4113 subdit,

2207 4169 2225 4202 ι
2269 4150 2494 4216 Novum,
2528 4152 2810 4220 grandem,
2859 4169 2878 4202 ›
2919 4161 3098 4204 Veram
3147 4149 3348 4205 umbra:
3402 4145 3535 4214 legis
3580 4141 3768 4210 imagi-

2203 4258 2321 4302 nem
2377 4253 2544 4298 notat.
2607 4263 2624 4295 ι
2691 4245 2755 4298 Et
2802 4244 2980 4299 scribe
3043 4245 3094 4296 in
3130 4254 3195 4296 eo
3265 4239 3410 4310 ston
3456 4236 3761 4291 hominis.)

2202 4333 2394 4390 Videte
2429 4334 2882 4404 quemadmodum
2921 4331 3174 4401 paulatim
3204 4329 3466 4398 propheta
3511 4336 3766 4380 arcanum

2203 4425 2379 4481 Patris
2434 4426 2717 4480 consilium
2779 4426 2988 4494 prodat.
3029 4442 3048 4474 ι
3097 4422 3282 4487 Sume,
3332 4418 3533 4490 inquit,
3580 4427 3764 4470 novum

529 4541 654 4594 ιιιηρ
715 4537 1004 4607 producam
1070 4506 1235 4592 com."
1307 4539 1508 4599 David;
1569 4541 1748 4608 paravi
1821 4538 2092 4592 lucernam
2119 4512 2175 4572 Ι)
2202 4518 2462 4588 grandem
2501 4517 2719 4573 librum.
2751 4535 2770 4568 ι
2806 4516 3011 4582 Quibus
3043 4515 3226 4608 verbis
3263 4511 3562 4608 beneficam
3600 4506 3766 4608 Patris

525 4628 744 4687 Christo
807 4646 941 4684 meo.
1000 4629 1254 4684 inimicos
1311 4630 1430 4697 ejus
1486 4629 1702 4683 induam
1755 4629 2092 4696 confusione,

530 4739 693 4791 super
725 4723 894 4796 ipsum
940 4735 1113 4777 autem
1154 4721 1425 4775 elliorebit
1446 4722 1797 4778 sanctiﬁcatio
1821 4738 1938 4778 mea
1969 4722 2034 4777 “.
2067 4744 2087 4775 ι

532 4813 694 4881 Hujus
729 4812 855 4884 ergo
899 4809 1146 4884 promissi
1205 4815 1360 4869 tinem
1413 4823 1606 4869 notans
1664 4815 1851 4881 Isaias,
1903 4820 2096 4873 domus

532 4907 796 4962 Davidicze
829 4904 1092 4962 meminit.

595 5001 745 5066 Quod
800 4997 981 5053 addit:
1024 5019 1039 5049 σ
1097 4997 1365 5067 Numquid
1417 5010 1601 5068 parum
1641 5001 1791 5056 vobis
1823 5013 1923 5067 est,
1968 5005 2091 5072 quia

525 5093 732 5149 molesti
768 5093 897 5147 estis
937 5093 1288 5146 hominibus?
1321 5094 1443 5160 quia
1489 5091 1695 5147 molesti
1730 5095 1861 5149 estis
1898 5106 1955 5149 et
1987 5096 2093 5150 Deo

525 5188 688 5241 meo?
726 5205 746 5238 ι
795 5185 977 5240 Fidem
1031 5186 1189 5256 hujus
1242 5186 1428 5240 Achaz.
1475 5186 1786 5242 collaudatis
1834 5189 2092 5257 propheta

525 5283 632 5334 ait:
663 5300 681 5332 ι
713 5281 940 5350 Propter
963 5280 1062 5335 hoc
1086 5279 1232 5334 dabit
1263 5281 1519 5334 Dominus
1539 5280 1653 5349 ipse
1677 5281 1829 5336 vobis
1858 5284 2092 5350 signum.

513 5371 662 5429 Ecce
694 5377 842 5442 virgo
873 5374 1154 5442 concipiet,
1187 5383 1238 5427 et
1275 5374 1449 5442 pariet
1492 5370 1680 5439 ﬁlium,
1720 5385 1773 5428 et
1816 5378 2100 5435 vocabitur

526 5481 719 5520 nomen
754 5467 871 5535 ejus
921 5466 1258 5521 Emmanuel.
1297 5484 1314 5517 ›
1352 5466 1408 5520 Ei
1447 5466 1612 5530 dicto,
1651 5484 1671 5518 ‹
1712 5466 1872 5522 Dabit
1914 5469 2096 5523 Domi-

527 5573 626 5612 nus
659 5561 772 5628 ipse
804 5559 958 5613 vobis
984 5558 1222 5627 signum,
1260 5577 1279 5611 ι
1320 5555 1546 5627 subjecit
1573 5573 1587 5612 :
1629 5575 1648 5608 ι
1683 5556 1821 5613 Ecce
1853 5559 2036 5628 Virgo,
2067 5581 2086 5613 ι

594 5769 638 5802 ⁸²
676 5771 817 5828 Psai.
870 5787 935 5824 at
965 5812 977 5824 .
1023 5769 1077 5832 9,
1116 5769 1195 5822 i0.
1273 5769 1320 5801 "
1365 5767 1463 5822 Isa.
1504 5785 1610 5829 vn,
1655 5769 1740 5822 l2.
1816 5768 1862 5799 ⁸⁸
1912 5767 2050 5820 Psal.
2097 5780 2284 5830 cxxxt,
2339 5763 2520 5818 iI-l8.

527 5841 570 5870 “'
605 5844 723 5899 Isal.
767 5853 857 5901 vn,
891 5841 980 5895 15.
1057 5842 1101 5872 ⁸⁸
1140 5839 1307 5894 Brod.
1341 5851 1460 5904 xm,
1498 5839 1563 5904 2;
1603 5839 1731 5894 Luc.
1771 5852 1827 5904 η,
1857 5838 1945 5894 23.
2023 5839 2066 5870 δ’
2099 5838 2202 5894 lsa.
2238 5851 2351 5902 LIII,
2383 5836 2436 5901 9,
2473 5837 2557 5890 19..

2201 4620 2266 4672 de
2286 4617 2422 4670 Filio
2447 4615 2777 4671 voluntatem
2799 4612 3081 4683 signiﬁcat.
3111 4628 3128 4660 ι
3152 4607 3217 4661 Et
3247 4606 3429 4662 scribe
3457 4604 3514 4658 in
3542 4619 3608 4658 eo
3637 4598 3764 4671 style

2199 4706 2456 4763 hominis.
2491 4726 2508 4760 ι
2540 4705 2706 4772 Quasi
2736 4705 2977 4759 diceret:
3008 4702 3123 4758 Etsi
3153 4700 3244 4754 Dei
3279 4710 3471 4753 natura
3507 4695 3692 4757 Filius,
3718 4701 3768 4745 et

2203 4801 2519 4855 mutationis
2589 4813 2783 4865 expers
2857 4797 3047 4857 Deus,
3123 4791 3452 4851 iuconfuse,
3531 4790 3765 4853 citraque

2203 4891 2479 4962 peccatum
2520 4906 2549 4958 p
2587 4888 2788 4942 ri‘ectus
2823 4887 2984 4941 homo
3035 4887 3195 4941 etiam
3231 4898 3487 4937 nascerer
3527 4898 3540 4934 :
3575 4878 3768 4951 quippe

2203 4985 2494 5038 humanam
2551 4983 2783 5051 speciem
2835 4997 2929 5051 per
2975 4983 3272 5036 humanum
3327 4977 3526 5047 stylum
3573 4969 3763 5027 innuit.

2203 5072 2340 5139 Quid
2366 5072 2482 5126 ita?
2521 5090 2538 5124 ι
2577 5071 2839 5126 Veiociter
2862 5066 3030 5140 spolia
3060 5068 3309 5130 detrahe,
3332 5069 3442 5119 cito
3474 5063 3761 5132 przedarea

2204 5171 2282 5224 Eo
2353 5170 2495 5223 dicto
2556 5163 2781 5233 Davidis
2841 5169 3036 5221 iterum
3098 5164 3263 5221 verba
3319 5162 3384 5216 ad
3453 5155 3764 5215 memoriam

2205 5275 2465 5317 revocat:
2510 5281 2527 5313 α
2569 5261 2873 5317 Ascendisti
2930 5262 2984 5314 in
3029 5258 3218 5320 altum,
3257 5253 3448 5327 cepisti
3489 5248 3766 5319 captivita-

2198 5366 2301 5411 tem
2331 5357 2398 5408 ".
2441 5375 2458 5407 ι
2503 5357 2814 5421 Enimvero,
2853 5374 2872 5408 ‹
2918 5353 3126 5414 Altum.
3153 5369 3172 5403 ι
3206 5364 3426 5406 erucem
3480 5341 3762 5412 intelligit;

2195 5455 2433 5521 captivos
2482 5454 2764 5518 abductos,
2804 5452 2928 5508 Orci
2965 5450 3391 5510 demolitionem,
3427 5456 3481 5499 et
3504 5444 3610 5516 jam
3636 5437 3761 5496 olim

2193 5543 2531 5612 captivorum
2628 5544 3074 5614 redemptionem.

3159 5539 3499 5597 Ostensurus
3586 5542 3760 5588 autem

3129 5761 3176 5794 “
3213 5760 3358 5817 Psal.
3412 5771 3593 5818 cum.
3641 5751 3755 5811 I05-

2599 5762 2643 5796 ³⁸
2685 5763 2824 5820 Psai.
2853 5778 2947 5826 xx,
2999 5761 3054 5816 5.
3129 5761 3176 5794 “
3213 5761 3358 5817 Psal.
3412 5771 3593 5818 cum.

2634 5837 2680 5868 ’°
2711 5834 2812 5892 Isa.
2847 5849 2963 5900 m1,
2991 5833 3040 5888 1.
3115 5833 3157 5865 ⁸⁸
3185 5831 3330 5889 Psal.
3355 5845 3524 5900 vatt,
3551 5826 3633 5884 l9.

2634 5837 2680 5868 ’°
2711 5834 2812 5892 Isa.
2847 5849 2963 5901 για,
2991 5833 3040 5888 1.
