4004 6206
270 371 374 436 85Ἱ

1357 368 1640 431 DlALOG
1654 369 1746 429 US
1777 367 2078 432 CONTRA
2109 372 2442 436 JUDJEOS.

3409 352 3520 417 858

267 480 531 552 propheta
587 477 864 535 decretum
919 475 1320 544 irrevocabile,
1374 477 1562 532 addit:
1617 495 1636 528 ι
1674 477 1840 530 Adest

1958 490 2089 548 sunt,
2127 499 2250 554 quae
2284 483 2484 540 Christi
2532 481 2751 538 nomine
2780 493 2882 533 non
2909 474 3225 544 gloriantur.
3262 491 3279 522 ι
3307 469 3520 537 Audite,

267 575 435 627 enim.
476 590 495 624 ι
527 573 580 626 in
628 573 767 626 hanc
792 572 1115 627 sententiam
1142 590 1157 625 :
1190 569 1292 634 Ne.
1322 571 1575 637 quoniam
1606 569 1844 622 futurum

265 673 369 730 est,
408 667 474 719 de
506 679 562 718 re
590 663 818 717 dillisum
863 665 970 730 ito;
1003 679 1124 718 nam
1161 663 1288 716 mihi
1331 662 1546 731 quidem
1580 662 1717 714 Deus
1747 660 1848 714 hoc

268 756 338 809 ita
383 757 702 820 declaravit,
734 767 985 825 tanquam
1031 755 1172 827 quod
1205 758 1376 816 adest,
1410 755 1460 809 id
1501 763 1606 817 est,
1647 753 1846 805 factito!

268 858 372 902 est.
411 865 430 901 ί
468 849 658 902 Testes
706 849 904 902 adhibe
959 849 1088 901 mihi
1152 847 1299 901 viros
1343 847 1546 900 ﬁdeles.
1589 863 1607 896 ι
1656 841 1850 899 Testes

269 942 383 1006 hic,
420 957 525 995 non
562 943 654 1010 qui
695 955 806 996 rem
855 941 987 994 adeo
1021 949 1385 998 testarentur.
1433 941 1524 992 sed
1570 938 1661 1005 qui
1700 937 1848 990 testi-

273 1034 414 1088 licati
469 1036 788 1103 sanguinem
849 1033 1227 1094 ell‘underent.
1280 1032 1556 1091 existima.
1589 1049 1606 1081 ι
1662 1027 1846 1083 Uriam

271 1127 658 1189 sacerdmem,
723 1135 776 1177 et
827 1123 1148 1180 Zachariam
1227 1124 1391 1178 lilium
1470 1122 1766 1176 Barachiae.
1824 1139 1842 1172 ι

269 1214 587 1281 Zacharias,
639 1216 689 1268 in
745 1215 1054 1283 praesentia,
1090 1230 1196 1268 non
1253 1213 1580 1268 Elisabetha:
1619 1212 1846 1266 maritus

271 1317 356 1363 est
386 1307 718 1372 credendus,
749 1308 844 1362 sed
890 1307 1028 1360 alius
1078 1305 1322 1360 Ezechiae
1359 1295 1700 1372 tempestate.
1738 1305 1849 1356 Ex-

272 1401 414 1454 stitit
472 1400 615 1455 enim
669 1410 796 1455 ante
853 1399 1145 1453 Ezechiam
1207 1415 1296 1454 rex
1352 1399 1568 1466 impius,
1631 1397 1850 1451 Doridis

271 1491 500 1555 stirpem
547 1503 766 1561 prepter
795 1493 928 1545 inita
976 1507 1098 1545 eum
1144 1507 1208 1545 eo
1251 1492 1506 1544 divinitus
1559 1489 1846 1556 promis“,

272 1583 457 1636 delere
502 1586 760 1638 studens:
812 1599 918 1652 quo
969 1593 1214 1652 tempore
1258 1583 1414 1639 Urias
1461 1594 1514 1636 et
1555 1581 1849 1636 Zacharias

272 1675 417 1729 nacti
454 1691 618 1727 unum
653 1676 922 1731 Davidica:
953 1678 1162 1746 stirpis,
1211 1679 1349 1745 quod
1401 1690 1585 1730 semen
1636 1677 1849 1728 Davidis

271 1777 556 1834 superstes
589 1768 804 1834 vellent,
854 1769 990 1821 clam
1023 1785 1147 1823 eum
1201 1771 1529 1823 habuerunt.
1571 1767 1686 1832 Quo
1728 1780 1846 1838 post

1953 578 2220 634 universa:
2257 577 2438 649 procul
2471 583 2654 634 term.
2691 594 2709 626 ι
2742 573 2809 628 lis
2863 571 3019 624 Verbi
3061 569 3149 621 Dei
3209 565 3272 619 ad
3318 563 3520 616 inferos

1951 670 2293 736 descensum,
2322 678 2374 724 et
2407 668 2702 736 evangelici
2737 662 2989 734 pratconii
3024 657 3296 728 significat
3325 669 3518 726 propao

1949 762 2220 830 gatiooem
2249 780 2263 828 ;
2302 765 2377 817 ita
2395 762 2536 814 enim
2567 772 2621 812 et
2646 759 2902 814 Servator
2939 769 3090 806 meus
3140 752 3190 803 in
3221 747 3520 814 Evangelio

1955 854 2230 920 loquitur:
2271 873 2288 903 ι
2329 853 2716 908 Praedicabitur
2757 851 2859 903 hoc
2898 843 3248 912 Evangelium
3284 839 3432 908 regni
3466 838 3521 890 in

1957 949 2208 1001 universo
2243 947 2370 1000 mite
2419 949 2469 999 in
2507 945 2871 999 testimonium
2925 939 3176 993 omnibus
3224 933 3518 1002 gentibus:

1952 1049 2003 1092 et
2041 1049 2167 1094 tunc
2199 1042 2378 1096 veniet
2408 1040 2806 1094 consummatio
2825 1035 2890 1090 Ἂ.
2920 1054 2936 1084 ι
2970 1063 3036 1074 -
3069 1051 3086 1083 ‹
3122 1022 3516 1084 Conl'ortamini

1950 1144 2005 1186 et
2036 1133 2336 1188 vincimini.
2376 1152 2392 1182 ι
2433 1127 2730 1196 Daemones,
2773 1128 2968 1196 inquit,
2999 1124 3170 1192 quiin
3211 1136 3307 1173 nos
3347 1116 3522 1171 homi-

1955 1239 2047 1277 nes
2098 1224 2415 1292 potestatem
2451 1222 2719 1276 exercetis
2761 1222 2828 1275 ob
2877 1223 3175 1288 peccatum,
3215 1211 3522 1281 prottlgabl-

1953 1317 2078 1370 mini
2123 1318 2242 1384 ejus
2271 1316 2502 1381 viribus,
2541 1316 2627 1383 qui
2683 1329 2779 1379 pro
2841 1312 2995 1366 nobis
3046 1310 3358 1360 incarnatus
3412 1311 3515 1354 est.

1951 1412 2104 1479 Quod
2145 1412 2342 1464 iterum
2409 1411 2530 1462 victi
2573 1408 2900 1476 conliigatis,
2935 1412 2997 1458 ut
3049 1404 3179 1455 estis
3234 1396 3520 1466 impuden-

1952 1503 2180 1568 tissimi;
2239 1511 2292 1554 at
2356 1504 2548 1555 iterum
2619 1501 2852 1566 denique
2919 1490 3367 1564 proﬂigahimini,
3427 1502 3523 1554 per

1951 1593 2146 1647 Christi
2189 1595 2642 1649 resurrectionem
2690 1589 2970 1662 prostrati.
3025 1582 3156 1640 Nam
3206 1582 3425 1637 Christo
3467 1579 3518 1632 io

1953 1686 2115 1738 vitam
2149 1684 2416 1745 restituto,
2461 1700 2560 1737 non
2589 1682 2700 1750 jam
2731 1683 2978 1749 deinceps
3018 1694 3159 1731 mors
3185 1675 3514 1733 dominatur,

1954 1785 2014 1829 et
2056 1778 2340 1844 prostratae
2375 1779 2676 1830 daemonum
2715 1776 2881 1842 copia:
2931 1783 3075 1828 Sunt.
3112 1770 3294 1823 Potest
3342 1776 3520 1818 autem

269 1871 594 1928 comperto,
653 1861 742 1913 ille
809 1877 904 1915 eos
985 1872 1281 1932 martyrum
1354 1862 1518 1916 choro
1580 1863 1850 1914 laureatos

1958 1870 2004 1922 id
2033 1837 2246 1938 quoque
2274 1869 2342 1923 de
2388 1868 2737 1923 sensibilibus
2773 1837 3020 1937 gentibus
3054 1865 3129 1917 sic
3177 1860 3366 1932 accipi,
3394 1856 3521 1924 quin

269 1953 503 2006 addidit.
575 1953 867 2009 Historiam
936 1971 1000 2008 ex
1065 1955 1266 2024 Regum
1335 1955 1473 2008 libro
1547 1955 1852 2008 accuratius

271 2060 546 2115 cognosce
594 2047 662 2104 θ’.
723 2064 744 2100 ι
795 2047 863 2102 Et
919 2049 1122 2104 accessi
1186 2049 1250 2102 ad
1308 2048 1745 2118 prophetissam,
1799 2055 1854 2100 et

270 2142 547 2211 concepit,
595 2152 650 2197 et
696 2143 907 2212 peperit
939 2142 1129 2198 lilium.
1165 2160 1184 2194 ι
1223 2141 1392 2208 Quam
1443 2140 1676 2212 appellat
1726 2155 1852 2194 vero

270 2234 714 2305 prophetissam?
739 2232 1021 2307 Virginem
1042 2251 1104 2288 ac
1135 2233 1443 2304 Deiparam,
1467 2249 1586 2303 quae
1612 2233 1846 2286 cecinit:

277 2345 295 2378 ε
355 2326 502 2380 Ecce
565 2328 712 2381 enim
766 2341 828 2381 ex
888 2328 989 2380 hoc
1045 2328 1256 2381 beatam
1309 2341 1394 2379 me
1441 2325 1621 2378 dicent
1664 2337 1853 2376 omnes

272 2418 702 2487 generationes:
743 2420 872 2490 quia
913 2417 1043 2473 fecit
1084 2419 1214 2472 mihi
1248 2431 1460 2486 magna,
1499 2415 1590 2484 qui
1638 2423 1851 2485 potens,

270 2522 327 2566 et
363 2522 610 2567 sanctum
659 2529 856 2568 nomen
888 2513 1006 2581 ejus
1037 2515 1107 2568 ⁵⁸.
1149 2533 1168 2567 ι
1214 2514 1351 2568 Ecce
1393 2521 1572 2566 autem
1612 2509 1855 2565 certissi-

273 2621 422 2658 mum
461 2609 676 2660 vatem!
707 2606 880 2675 Supra
916 2607 1130 2677 inquit:
1161 2625 1180 2658 ι
1215 2605 1352 2660 Ecce
1387 2606 1540 2676 virgo
1563 2603 1853 2672 concipiet,

269 2704 327 2751 et
380 2697 553 2765 pariet
607 2697 795 2765 lilium,
838 2717 856 2750 ι
887 2699 1043 2768 paulo
1069 2707 1186 2766 post
1208 2698 1324 2751 ait:
1367 2714 1385 2748 ι
1417 2707 1471 2751 et
1503 2697 1774 2764 concepit,
1804 2705 1856 2747 et

272 2790 489 2859 peperit
520 2791 684 2844 lilium
707 2807 755 2858 ;ι
792 2789 1114 2859 Quomodo?
1145 2792 1254 2846 illic
1273 2791 1489 2846 omnino
1513 2798 1568 2842 ut
1596 2788 1855 2852 futurum,

273 2881 367 2934 hic
392 2892 450 2934 ut
481 2892 741 2936 certunm
771 2884 990 2938 Accessi
1016 2883 1082 2937 ad
1112 2883 1527 2952 prophetissam.
1551 2879 1691 2934 »ιιυο
1714 2878 1859 2932 velut

270 2972 343 3026 ab
364 2972 689 3042 archangelo
710 2971 962 3029 Gabriele
983 2976 1049 3028 ad
1071 2973 1343 3043 Virginem
1365 2973 1566 3026 dictum
1586 2970 1854 3040 intellige’;

271 3075 402 3115 nam
435 3065 709 3130 extemplo
747 3063 812 3115 ad
841 3063 960 3132 ejus
1003 3065 1250 3119 nuntium
1282 3061 1560 3131 explorate
1588 3059 1860 3129 virgineus

269 3160 575 3219 conceptus
605 3151 780 3206 fuerat
809 3160 1055 3206 secutus.

356 3259 375 3292 ι
411 3239 479 3295 Et
508 3243 653 3297 dixit
676 3241 937 3298 Dominus
973 3245 1038 3296 ad
1074 3255 1198 3296 me:
1234 3241 1377 3297 Voca
1410 3257 1606 3298 nomen
1645 3240 1802 3310 ejus;
1832 3257 1851 3292 ι

268 3341 372 3386 ant
416 3331 740 3400 Christum,
801 3335 942 3401 quod
1003 3333 1205 3388 Judzris
1258 3343 1476 3389 unctum
1534 3341 1722 3397 notat;
1766 3340 1860 3386 aut

272 3423 630 3492 Emmanuel,
674 3427 818 3496 quod
867 3429 1090 3497 perinde
1140 3436 1241 3488 est.
1283 3441 1343 3480 ac
1388 3428 1430 3480 si
1462 3424 1630 3490 dicas,
1664 3422 1860 3476 Nobis-

270 3533 397 3569 cum
446 3517 604 3583 Deus,
643 3527 735 3572 aut
783 3516 987 3586 Jesum,
1038 3520 1178 3588 quod
1225 3517 1387 3572 Salus
1440 3516 1704 3570 redditur.
1731 3512 1860 3568 Htec

271 3611 426 3663 enim
465 3612 684 3664 nomina
719 3621 1004 3680 utramque
1036 3612 1238 3666 Christi
1277 3622 1526 3666 naturam
1557 3623 1858 3679 repraesen-

276 3709 419 3750 tant.
473 3698 577 3751 Sed
633 3715 750 3766 qua:
801 3713 1106 3767 sequuntur
1158 3707 1508 3753 scrutemur:
1547 3715 1564 3748 ι
1600 3697 1858 3750 Accelera

273 3789 455 3857 spolia
504 3789 828 3844 detrahere:
861 3789 1074 3844 Festina
1111 3791 1369 3860 pradare.
1401 3807 1419 3840 ι
1455 3787 1564 3841 lloc
1585 3783 1858 3852 pernicem

277 3881 582 3939 Saivatoris
644 3885 749 3936 vim
813 3885 1074 3941 declarat.
1120 3886 1296 3952 Atque
1381 3882 1431 3936 id
1466 3897 1652 3934 verum
1715 3895 1858 3944 esse,

276 3977 397 4047 ipse
447 3978 582 4031 adeo
637 3977 787 4032 vates
865 3979 1064 4032 nodum
1115 3975 1438 4039 dissolvens,
1495 3975 1609 4028 ait:
1652 3991 1670 4022 ε
1725 3971 1860 4038 Quia

274 4080 570 4138 antequam
626 4069 760 4124 sciat
822 4069 953 4138 puer
1030 4083 1226 4122 vocare
1319 4075 1525 4136 patrem
1594 4078 1749 4122 suum
1809 4077 1864 4118 et

281 4177 519 4219 matrem
574 4179 749 4230 suam,
806 4165 1036 4233 accipiet
1098 4162 1471 4217 fortitudinem
1527 4159 1800 4212 Damasci.
1838 4176 1856 4207 ι

286 4259 480 4318 Videte
529 4265 802 4333 propheta:
843 4279 1005 4332 super
1049 4277 1215 4333 puero
1265 4267 1577 4314 accuratam
1630 4257 1862 4326 diligen-

283 4359 416 4412 tiam
447 4373 462 4410 :
493 4356 758 4427 siquidem
806 4371 913 4410 non
951 4356 1107 4417 dixit,
1137 4354 1454 4422 Priusquam
1495 4350 1659 4405 sciret
1701 4347 1860 4402 Chri-

278 4461 424 4513 stus.
481 4460 578 4511 aut
625 4443 810 4511 JcSus,
860 4457 952 4501 aut
1003 4445 1341 4510 Emmanuel,
1401 4458 1521 4513 qua:
1576 4453 1862 4506 utrumque

1953 1971 2006 2012 et
2047 1962 2110 2012 ad
2151 1960 2422 2013 Christum
2477 1959 2690 2018 referri,
2739 1973 2895 2027 quem
2941 1969 3102 2024 saepe,
3141 1957 3198 2008 ut
3250 1949 3520 2006 hominem

1955 2054 2178 2124 petitum
2216 2052 2461 2108 diabolus
2494 2055 2710 2107 tandem
2747 2050 2914 2105 Deum
2947 2057 3158 2106 nactus,
3191 2040 3447 2097 concidit.

2026 2145 2160 2201 loite
2213 2144 2498 2200 consilium
2562 2143 2902 2214 quantumvis
2966 2142 3152 2193 contra
3203 2134 3518 2190 Christum:

1955 2240 2304 2309 quantumvis
2361 2239 2505 2293 enim
2561 2251 2784 2292 avarum
2835 2233 3028 2289 Judam
3089 2227 3348 2298 aggressi,
3399 2238 3520 2278 curn

1956 2332 2335 2402 arrogantibus
2379 2346 2442 2386 ac
2475 2329 2726 2400 superbis
2779 2329 2969 2381 scribis
3019 2333 3073 2377 et
3124 2315 3523 2390 legeconsultis.

1956 2423 2304 2495 quantumvis
2343 2439 2465 2479 cum
2512 2426 2665 2477 Anna
2703 2432 2756 2474 et
2785 2421 3006 2492 Caipha,
3041 2412 3280 2469 scelestis
3310 2405 3526 2479 pontifi-

1959 2514 2113 2572 cibus
2144 2529 2206 2568 ae
2241 2512 2474 2582 denique
2508 2529 2627 2567 cum
2651 2509 2861 2566 Herode
2898 2513 2948 2562 ei
2979 2507 3168 2568 Pilato,
3215 2500 3391 2556 eﬂ‘eris
3436 2507 3520 2551 at-

1959 2623 2063 2677 que
2110 2607 2422 2661 inhumanis
2470 2605 2802 2676 principibus
2847 2598 3191 2667 conspiretis,
3235 2591 3522 2648 consilium

1963 2709 2198 2753 vestrum
2229 2696 2492 2752 Dominus
2529 2697 2668 2751 Deus
2702 2693 2974 2754 dissolvet,
3009 2692 3058 2744 id
3103 2694 3208 2751 est,
3241 2681 3530 2739 irustrabi-

1963 2800 2070 2855 tur,
2100 2801 2153 2843 et
2186 2790 2507 2857 impotentes
2532 2803 2593 2841 ac
2625 2785 2890 2840 invalidos
2915 2797 3007 2836 vos
3034 2780 3304 2835 ostendet.
3337 2792 3355 2825 ι
3391 2771 3530 2827 Cou-

1961 2883 2140 2936 silium
2172 2881 2521 2949 dissipabitur
2547 2898 2561 2936 :
2588 2877 2863 2946 loquimini
2891 2875 3130 2936 verbum,
3151 2881 3211 2924 et
3233 2883 3341 2922 non
3376 2865 3479 2918 (iet.
3499 2881 3519 2913 ι

1962 2974 2017 3029 ld
2067 2974 2226 3042 quale
2273 2974 2373 3038 sit,
2423 2972 2562 3030 scire
2619 2979 2858 3033 aventes,
2893 2965 3172 3018 Mattheus
3211 2958 3527 3029 publicanus

1963 3067 2197 3128 docebit,
2229 3065 2383 3132 cujus
2412 3078 2443 3118 c
2491 3077 2645 3117 sacro
2692 3058 2980 3128 Evangelio
3015 3057 3124 3110 haec
3163 3061 3292 3107 sunt
3321 3049 3480 3104 verba
3508 3063 3524 3100 :

1887 3176 1928 3234 α
1967 3179 1986 3212 ι
2028 3159 2207 3213 Altera
2247 3167 2423 3212 autem
2459 3157 2561 3217 die,
2601 3169 2721 3223 quae
2751 3161 2835 3206 est
2869 3159 2984 3220 post
3009 3147 3362 3207 Parasceveo,
3398 3155 3532 3196 con-

1965 3262 2228 3304 venerunt
2285 3249 2554 3316 principes
2615 3245 2980 3306 sacerdotum,
3032 3247 3086 3293 et
3143 3233 3402 3292 Pharisaei
3461 3229 3528 3285 ad

1962 3343 2216 3407 Pilatum,
2251 3343 2532 3396 dicentes:
2569 3338 2810 3402 Domine,
2847 3329 3117 3389 recordati
3162 3340 3368 3384 sumus,
3409 3321 3532 3390 quia

1962 3438 2216 3492 seductor
2251 3435 2338 3490 ille
2392 3435 2526 3489 dixit
2579 3433 2755 3486 adhuc
2810 3431 3044 3483 vivens:
3088 3423 3215 3477 Post
3266 3429 3374 3474 tres
3416 3413 3532 3469 dies

1963 3545 2262 3599 resurgam.
2292 3527 2429 3582 Juhe
2463 3540 2593 3595 ergo
2621 3521 2883 3580 custodiri
2933 3517 3242 3586 sepulcrum
3279 3523 3446 3577 usque
3479 3506 3530 3559 in

1961 3622 2103 3676 diem
2146 3621 2386 3686 tertium,
2420 3635 2483 3674 ne
2543 3619 2682 3673 forte
2731 3614 2952 3670 veniant
3002 3606 3249 3677 discipuli
3300 3603 3436 3672 ejus,
3478 3606 3532 3652 et

1963 3713 2212 3772 furentur
2274 3732 2393 3770 eum
2420 3757 2434 3779 ,
2465 3723 2518 3768 et
2571 3713 2757 3766 dicant
2805 3707 2986 3780 plebi:
3025 3701 3275 3758 Surrexit
3314 3715 3342 3751 a
3389 3708 3536 3750 mor-

1966 3810 2114 3863 tuis:
2161 3817 2219 3862 et
2267 3809 2368 3859 erit
2420 3803 2743 3858 novissimus
2796 3814 2949 3855 error
2999 3795 3149 3867 pejor
3198 3791 3376 3862 priore
3403 3787 3469 3839 ’⁸.
3509 3801 3528 3834 ι

1966 3900 2076 3955 Hoc
2112 3901 2272 3971 igitur
2317 3898 2602 3953 consilium
2650 3905 2701 3950 et
2751 3895 3026 3948 decretum
3073 3889 3208 3942 Deus
3254 3879 3533 3938 dissolvet.

1965 3995 2242 4063 Siquidem
2281 4009 2298 4042 ι
2338 3988 2627 4044 Nobiscum
2663 3987 2836 4042 Deus.
2869 4004 2887 4036 ι
2927 3981 3216 4036 Nobiscum
3266 3975 3407 4028 Deus
3450 3979 3536 4024 est

1964 4086 2032 4140 ab
2091 4082 2402 4138 Abrahamo
2456 4095 2550 4151 per
2610 4079 2919 4147 prophetas,
2966 4087 3133 4142 usque
3187 4071 3249 4122 ad
3303 4065 3534 4122 Caesaris

1965 4177 2189 4246 Augusti
2237 4185 2455 4243 censum
2485 4189 2500 4232 :
2541 4171 2815 4224 nobiscum
2851 4173 2931 4221 est
2959 4165 3014 4220 in
3061 4168 3332 4228 assumpta
3369 4169 3531 4211 carne

1965 4280 2315 4325 coiiversans,
2349 4278 2522 4332 usque
2553 4263 2617 4314 ad
2653 4253 2968 4313 descensum
3015 4269 3077 4307 ac
3130 4262 3430 4320 regressum
3468 4259 3533 4298 ex

1968 4356 2193 4414 inferis:
2227 4356 2509 4409 nobiscum
2543 4369 2710 4421 usque
2737 4350 2802 4405 ad
2825 4348 3140 4409 saeculorum
3169 4344 3347 4403 linem,
3378 4334 3536 4405 atque

1969 4455 2021 4508 in
2050 4467 2263 4507 omnem
2287 4449 2717 4521 perpetuitatem.
2758 4443 2869 4497 Hoc
2906 4442 3050 4494 enim
3097 4433 3365 4505 signiﬁcat
3398 4440 3478 4484 ter
3505 4441 3534 4481 a

281 4551 513 4608 notant;
544 4538 659 4606 sed,
698 4558 716 4590 ι
770 4539 948 4604 Puer;
991 4557 1008 4589 ι
1063 4553 1183 4591 nam
1237 4538 1532 4591 secundum
1584 4544 1854 4599 expertem

1968 4548 2224 4615 propheta
2261 4515 2618 4610 usurpatum:
2652 4555 2668 4586 ‹
2705 4534 3012 4591 Nobiscum.
3050 4549 3068 4581 ι
3104 4528 3305 4580 Scitote
3327 4530 3535 4591 gentes.

280 4635 546 4702 temporis
608 4638 875 4691 naturam,
925 4641 1007 4684 est
1071 4631 1207 4683 Deus
1273 4628 1466 4691 fortis,
1533 4634 1858 4696 praepotens,

281 4729 551 4795 Princeps
585 4727 754 4795 pacis,
787 4722 949 4777 Paper
979 4727 1080 4778 aevi
1116 4723 1283 4780 futuri
1314 4740 1326 4775 :
1375 4723 1667 4773 secundum
1721 4727 1858 4770 tem-

281 4821 550 4890 poralem,
600 4829 758 4874 natus
792 4835 860 4872 ex
916 4817 1128 4883 Virgine
1201 4815 1361 4878 Puer,
1411 4811 1654 4864 Damasci
1706 4824 1858 4875 opes,

283 4915 658 4984 Samariaeqne
691 4914 862 4981 Spolia
919 4910 1135 4978 recipiet
1168 4907 1235 4961 ab
1267 4905 1498 4976 Assyriae
1530 4917 1674 4972 rege.
1706 4899 1856 4964 Quod

279 5006 643 5075 comprobatus
661 5015 834 5067 vates,
866 5004 1010 5054 addit
1030 5020 1046 5051 ι
1070 4999 1356 5052 Nobiscum
1377 4999 1524 5052 Deus
1550 5015 1562 5049 :
1598 5015 1612 5044 ι
1637 4992 1858 5047 Scilicet

281 5097 786 5168 supratemporalis.
833 5104 885 5147 et
923 5094 1262 5160 omnipotens
1297 5092 1463 5151 Dens;
1499 5103 1617 5140 cum
1647 5099 1858 5152 semper

289 5191 511 5259 Virgine
537 5189 726 5252 Maria,
750 5204 813 5243 ac
851 5201 944 5256 per
966 5201 1082 5240 eam
1113 5184 1413 5238 nobiscum.
1449 5201 1468 5232 ι
1497 5178 1853 5247 Quamobrem

281 5285 480 5339 scitote
514 5289 722 5350 gentes,
752 5292 801 5332 et
835 5276 1130 5332 vincimini.
1169 5293 1186 5325 ι
1227 5274 1427 5329 Gentes
1459 5271 1710 5339 appellat,
1746 5283 1854 5321 non

283 5393 409 5447 quae
441 5377 711 5430 Christum
749 5379 1000 5439 adorant,
1032 5379 1194 5438 atque
1232 5378 1578 5427 venerantur,
1605 5375 1658 5418 et
1687 5363 1853 5415 Deum

286 5471 616 5524 conﬁtentur
681 5483 744 5521 ac
816 5462 1236 5523 concelebrant,
1291 5473 1409 5528 qua:
1473 5473 1536 5511 ex
1609 5458 1857 5523 gentibus

283 5563 528 5619 Ecclesia
584 5573 686 5625 est,
741 5560 829 5612 sed
865 5571 984 5626 quae
1029 5555 1079 5607 in
1130 5554 1392 5608 idolorum
1427 5549 1602 5602 cultus
1651 5547 1856 5600 scelere

285 5666 625 5725 permanent.
683 5653 812 5706 Nam
875 5663 950 5704 cae
1001 5649 1213 5701 demum
1269 5643 1617 5714 proﬂiganda!
1667 5650 1854 5709 gentes

359 5829 406 5860 ⁹¹
438 5825 478 5881 ll
509 5825 613 5879 Par
672 5870 677 5877 .
718 5838 842 5878 xxiv
866 5840 881 5888 ;
907 5829 961 5879 et
993 5821 1059 5878 IV
1081 5821 1219 5892 Reg.
1249 5835 1325 5874 XI.

1964 4639 2104 4708 quod
2137 4637 2413 4690 nobiscmn
2451 4632 2590 4688 Deus
2620 4637 2701 4683 est
2729 4647 2741 4682 :
2781 4625 3026 4688 «Audite,
3059 4621 3320 4676 universa:
3347 4611 3534 4684 procul

1967 4742 2144 4794 terrre,
2183 4729 2305 4797 quia
2341 4725 2618 4779 nobiscum
2653 4721 2788 4774 Deus
2820 4729 2944 4782 est;
2985 4713 3263 4782 loquimini
3283 4711 3532 4770 verbum,

1967 4831 2152 4876 etnon
2186 4821 2295 4882 lict,
2331 4819 2451 4887 quia
2489 4815 2776 4868 Nobiscum
2812 4811 2971 4864 Deus.
3010 4827 3026 4858 ι

2043 4912 2180 4978 Quid
2210 4908 2455 4980 agimus?
2488 4908 2726 4961 haeccine
2756 4905 3021 4973 disputata
3057 4900 3314 4951 hactenus
3343 4892 3409 4946 de
3444 4887 3534 4944 Dei

1967 5003 2085 5060 Filii
2120 5001 2487 5057 incarnatione
2521 5001 2653 5055 satis
2682 5008 2827 5061 sunt,
2855 5011 2920 5048 an
2945 4993 3097 5062 plura
3127 5002 3341 5060 quoque
3374 4984 3536 5039 vultis

1967 5095 2262 5154 disseram?
2283 5097 2572 5149 Enimvero
2599 5106 2771 5162 neque
2793 5105 2890 5159 ego
2917 5091 3066 5158 plura
3093 5085 3285 5139 addere
3311 5079 3535 5146 pnssim,

1966 5200 2063 5238 nec
2103 5199 2197 5238 vos
2235 5183 2497 5250 accipere.
2532 5181 2669 5248 Quin
2711 5181 2961 5232 adderem
3007 5176 3183 5245 plura,
3218 5175 3262 5226 si
3295 5171 3535 5236 disputa-

1969 5274 2104 5331 tioni
2155 5273 2397 5328 addictos
2454 5284 2750 5326 cernerem.
2800 5269 2905 5323 Sed
2970 5267 3221 5337 quoniam
3273 5258 3532 5315 orationis

1967 5368 2190 5421 satietas
2218 5364 2430 5416 inimica
2460 5373 2561 5428 est,
2591 5377 2697 5415 non
2719 5359 3039 5416 dicentibus,
3062 5355 3151 5409 sed
3172 5350 3526 5413 auditoribus,

1965 5456 2231 5518 sullicere,
2255 5456 2464 5521 opinor,
2498 5469 2616 5522 qua:
2652 5452 2883 5504 diximus
2911 5466 2922 5501 :
2960 5466 2977 5498 ‹
3003 5442 3088 5497 Ne.
3118 5445 3255 5498 ultra
3291 5440 3520 5502 Gades,t

1966 5548 2105 5614 quod
2159 5549 2330 5607 aiunt,
2378 5542 2625 5607 trajicere
2675 5553 2951 5594 conemur.
2997 5537 3162 5603 Igitur
3201 5535 3267 5585 ad
3316 5531 3416 5584 alia
3450 5540 3532 5584 est

1967 5641 2373 5693 transeundum.

1425 5817 1470 5851 ⁸³
1495 5817 1610 5872 Luc
1660 5833 1700 5883 ι,
1730 5818 1854 5884 48..

2020 5819 2068 5850 ⁸⁸
2096 5814 2284 5871 Matth.
2319 5828 2465 5885 xxiv,
2491 5810 2583 5866 24.
2657 5809 2713 5842 ⁸⁸
2741 5805 2928 5865 Matth.
2971 5819 3115 5860 xxvii
3135 5845 3148 5871 ,
3173 5802 3265 5870 26,
3295 5799 3390 5858 63.
