4004 6206
441 327 554 391 859
957 432 1183 492 CAPUT
1218 430 1491 489 XXXVII.

470 552 643 611 Deum
669 551 929 608 licinium
958 551 1076 620 ﬁeri
1106 549 1351 613 valuisse,
1378 558 1426 600 et
1455 547 1518 600 de
1542 546 1701 612 Stirpe
1737 539 1973 599 Daoidis.

511 667 633 722 Jun.
689 664 1039 719 Descenderit
1102 678 1235 717 sane
1290 662 1503 716 caelitus
1569 661 1658 715 Dei
1716 658 1903 725 Filius,
1964 668 2015 714 et

443 755 718 813 incarnari
778 754 1135 818 sustinuerit;
1206 753 1347 807 unde
1408 762 1587 806 autem
1653 761 1895 817 constat,
1948 764 2014 803 ex

443 846 737 903 Ahrahami
790 854 843 901 et
899 834 1117 899 Davidis
1165 844 1371 914 semine
1420 842 1696 897 hominem
1752 839 1867 894 fieri
1925 854 2017 893 ro-

444 938 655 993 luisse?

517 1033 741 1086 Cuntsr.
772 1029 848 1084 Ex
879 1029 1095 1100 Joseplti
1124 1028 1453 1100 genealogis.

518 1120 641 1178 Jun.
677 1124 739 1176 Et
771 1124 1122 1191 quamobrem
1161 1121 1319 1189 Virgo
1353 1120 1619 1175 recensita
1657 1134 1763 1174 non
1791 1127 1893 1180 est,
1927 1116 2020 1171 sed

449 1214 764 1281 Iosephus?
802 1215 935 1267 Nam
978 1215 1021 1266 si
1078 1214 1378 1267 secundum
1437 1213 1743 1281 humanam
1778 1218 2020 1264 naturam

452 1323 516 1362 ex
557 1307 773 1376 Virgine
820 1307 1067 1362 Christus
1108 1316 1211 1370 est,
1260 1322 1325 1361 ex
1370 1304 1605 1374 Josepho
1642 1314 1821 1360 autem
1878 1304 2025 1357 nullo

456 1402 615 1455 modo
662 1400 773 1467 (qui
806 1400 1021 1469 quidem
1078 1414 1350 1467 sponsus,
1406 1414 1511 1454 non
1558 1397 1781 1452 maritus
1818 1396 2025 1465 fuerit),

457 1508 554 1548 cur
591 1487 730 1545 illius
759 1492 934 1559 potius
962 1493 1284 1560 descriptum
1328 1507 1497 1558 genus
1525 1489 1645 1545 est?
1671 1488 1840 1561 igitur
1870 1488 1915 1542 si
1961 1503 2026 1541 ex

457 1585 709 1638 Davidica
764 1585 904 1639 tribu
941 1583 1216 1653 Virginem
1269 1586 1424 1639 nobis
1475 1584 1836 1646 demonsuas,
1888 1582 2030 1635 hunc

460 1680 635 1747 ipsum
703 1692 889 1731 verum
965 1691 1086 1731 esse
1167 1676 1445 1732 Christum
1532 1675 1909 1739 admittimus,
1979 1681 2032 1727 et

1666 303 2091 379 ANDRONICI
2123 296 2471 377 causam

2044 425 2456 496 Aeognomine.
2494 420 2542 479 is
2578 421 2629 476 in
2667 408 2946 492 Virginem
2988 418 3387 481 debacchatus,
3421 416 3502 471 sic
3530 416 3698 470 habe-

3590 301 3697 364 860

2120 516 2213 572 bat
2239 535 2252 569 ε
2290 534 2315 568 e
2342 514 2479 582 Quid
2516 516 2798 582 tanmpere
2826 505 3051 566 Mariam
3080 504 3352 565 extollunt
3379 496 3698 566 Christiani.

2121 608 2445 666 Cherubinis
2486 608 2878 677 augustiorem,
2911 603 3228 673 Seraphinis
3273 603 3391 657 sine
3419 608 3701 669 cnntpara-

2125 702 2268 775 tione
2329 700 2659 770 digniorem,
2724 699 2879 753 cmlis
2960 696 3373 760 sublimiorem,
3429 691 3702 747 Solaribits

2123 795 2289 849 radiis
2320 795 2591 865 puriorem
2633 789 3009 862 appellantes?
3039 788 3321 857 Siquidem
3377 786 3580 839 femina
3625 794 3707 840 est

2126 887 2396 943 Davidicaa
2449 886 2656 955 gentis,
2710 885 2861 937 Anna
2924 890 3116 944 matre,
3161 878 3445 935 Joachimo
3479 885 3708 943 parente

2127 991 2288 1043 nata,
2330 979 2419 1048 qui
2474 977 2727 1033 Pantheri
2776 973 2877 1028 fuit
2927 974 3086 1027 filius.
3122 969 3362 1025 Pantber
3405 978 3457 1022 et
3508 966 3701 1020 Melchi

2128 1071 2347 1135 fratres,
2382 1070 2473 1124 lilii
2522 1069 2645 1124 Levi
2678 1067 2866 1135 stirpis
2910 1064 3176 1121 Matthan,
3215 1063 3298 1118 cui
3339 1059 3507 1113 David
3555 1069 3710 1127 pater

2127 1176 2189 1215 ex
2250 1160 2387 1215 tribu
2439 1157 2595 1211 Juda.
2637 1175 2655 1207 ι
2695 1156 2863 1226 Igitur
2913 1154 3168 1209 defuncto
3222 1149 3461 1203 Matthan
3512 1144 3707 1201 Jacobi

2131 1262 2303 1323 patre,
2341 1250 2529 1304 Melchi
2562 1248 2854 1303 Matthanis
2902 1261 3087 1309 uxore,
3124 1242 3307 1298 Jacobi
3342 1250 3519 1295 tnatrc
3552 1238 3711 1297 vidua

2133 1343 2295 1395 ducta
2326 1382 2341 1407 ,
2394 1358 2458 1396 cx
2504 1356 2563 1396 ea
2609 1341 2744 1396 Elim
2795 1338 3015 1395 sustulit
3070 1378 3084 1402 ,
3115 1338 3188 1391 ita
3241 1345 3398 1390 erant
3450 1332 3626 1389 Iacob
3665 1340 3717 1385 ct

2134 1439 2211 1493 Eli
2246 1437 2465 1504 nterini,
2519 1450 2622 1492 non
2671 1437 2911 1506 germani
2950 1436 3162 1486 fratres.
3218 1429 3299 1484 Eli
3331 1442 3473 1483 anno
3526 1425 3717 1495 quinto

2134 1538 2187 1581 et
2217 1526 2627 1597 quadragesimo
2649 1522 3269 1584 sineliberisexstincto,
3292 1517 3462 1575 Jacob
3490 1530 3716 1571 uxorem

2137 1622 2216 1676 Eli
2252 1621 2382 1690 (jam
2422 1618 2683 1675 defuncti)
2714 1619 2831 1689 lege
2872 1616 3045 1679 duxit,
3086 1627 3271 1669 semen
3320 1604 3475 1669 fratri
3512 1609 3722 1664 excita-

2143 1724 2313 1778 turus,
2342 1712 2448 1782 ‘qni
2488 1726 2553 1766 ex
2588 1726 2649 1765 ea
2700 1710 2866 1764 filium
2915 1706 3207 1777 Iosephum
3251 1706 3461 1777 genuit,
3510 1702 3717 1773 prolem

461 1769 736 1840 Virginem
774 1770 1053 1873 Deiparam
1099 1769 1354 1823 fatentur.
1404 1768 1624 1823 Davidis
1663 1767 1807 1824 enim
1837 1781 1900 1821 ex
1939 1765 2033 1820 Dei
2079 1784 2117 1853 Β
2148 1765 2342 1861 'Mmr'a
2364 1765 2476 1860 ‘Sibi
2510 1804 2818 1873 qumimm,
2854 1800 2971 1871 lege
3008 1765 3110 1854 E'".
3162 1765 3337 1853 Fugre
3388 1765 3561 1869 igim'r
3592 1792 3723 1848 Ρη.

463 1878 694 1933 persona
730 1864 795 1917 de
823 1878 881 1916 ea
915 1862 1029 1917 haec
1053 1874 1180 1916 sunt
1213 1864 1375 1916 verba
1408 1882 1422 1917 :
1460 1882 1479 1915 ε
1510 1860 1700 1917 Omnis
1724 1859 1895 1931 gloria
1921 1857 2039 1925 eius

468 1957 591 2011 lilize
636 1959 777 2028 regis
829 1958 894 2012 ab
945 1957 1089 2011 intus
1125 1959 1193 2011 ".
1231 1977 1247 2011 ι
1288 1956 1353 2013 Et
1384 1966 1507 2028 post
1559 1971 1769 2027 pauca:
1813 1971 1831 2007 ι
1867 1952 2049 2008 Addu-

467 2060 659 2104 centnr
692 2049 803 2119 regi
841 2048 1079 2120 virgines
1123 2057 1242 2119 post
1290 2065 1432 2113 eam,
1468 2046 1725 2118 proxima:
1765 2044 1885 2115 ejus
1912 2028 2047 2097 οπε-

468 2149 657 2195 rentur
687 2142 865 2196 tibi".
899 2161 914 2188 ι
958 2128 1058 2195 Sin
1083 2156 1146 2196 ex
1178 2140 1397 2211 Josephi
1428 2141 1688 2193 duntaxat
1714 2122 2048 2209 genealogia,

471 2244 582 2289 tum
626 2234 820 2288 Davide
849 2245 1025 2289 ortum
1059 2250 1165 2289 non
1194 2236 1554 2289 admittimus.
1700 2214 1703 2215 ν

545 2324 770 2383 Οιηιιδτ.
806 2326 968 2380 Aiunt
1006 2328 1303 2395 sapientes,
1346 2346 1363 2379 ι
1403 2326 1705 2395 simplicem
1751 2339 1874 2379 esse
1906 2324 2054 2379 ‘veri~

476 2420 603 2473 tatis
620 2419 945 2497 orationem.
974 2438 989 2470 ι
1030 2420 1213 2489 Itaque
1236 2420 1277 2475 si
1308 2419 1478 2473 avetis
1497 2434 1593 2474 vos
1614 2434 1824 2488 quoque
1846 2426 2054 2473 certum

477 2525 839 2581 cognoscere,
895 2513 1195 2582 simplicem
1251 2513 1537 2567 veritatem
1583 2512 1872 2567 admittite.
1923 2509 2056 2566 Nam

479 2604 828 2673 vitilitigatori
854 2605 1093 2659 studium
1121 2613 1205 2661 est
1227 2620 1322 2674 per
1344 2621 1556 2660 omnem
1583 2607 1749 2659 vitam
1770 2604 2056 2666 dissidere,

479 2696 797 2751 inimicitias
850 2697 1120 2766 amplecti.
1157 2698 1227 2751 At
1279 2698 1388 2753 veri
1436 2699 1753 2764 studiosus,
1798 2704 2056 2765 tanquam

480 2787 714 2853 lancem,
744 2790 1130 2842 conscientiam
1160 2804 1312 2844 suam
1344 2790 1413 2845 iis
1441 2805 1557 2857 qua:
1590 2790 1866 2849 dicuntur,
1901 2788 2059 2841 adhi-

480 2878 833 2950 benszequam
861 2878 991 2957 (δελ
1014 2897 1114 2935 non
1134 2882 1310 2935 omnia
1331 2882 1572 2949 improbe
1594 2883 1749 2951 gestit
1777 2882 2056 2946 vincere“,

484 2972 581 3027 sed
608 2982 690 3027 est
722 2965 810 3028 ubi
839 2982 895 3028 et
917 2975 1061 3030 vinci
1094 2973 1254 3029 facile
1288 2975 1545 3045 patiatur.
1584 2974 1751 3044 Igitnr
1780 2982 1899 3028 erat
1922 2974 2059 3043 apud

485 3056 600 3129 vos,
636 3062 777 3132 quod
805 3065 1090 3133 perspicue.
1120 3065 1292 3128 scitis,
1316 3064 1424 3131 lex,
1454 3080 1563 3119 suae
1595 3080 1861 3134 quemque
1890 3064 2061 3121 tribus

485 3163 647 3223 atque
681 3155 894 3225 generis
937 3170 1188 3225 Sponsam
1237 3171 1428 3226 capere
1451 3196 1467 3222 ,
1502 3172 1603 3227 qua
1640 3172 1696 3212 re
1726 3172 1788 3210 ex
1826 3155 2060 3210 archlvis
2087 3142 2127 3198 Ο

485 3246 681 3301 vestris
733 3261 902 3316 usque
948 3249 1013 3303 ad
1043 3244 1369 3319 praesentem
1420 3250 1695 3305 Christum
1750 3249 2061 3320 genealogia

488 3342 818 3410 suppeditat.
846 3342 979 3397 Nam
1016 3343 1070 3397 ni
1097 3343 1149 3399 id
1181 3343 1271 3407 sit,
1302 3346 1393 3413 qui
1422 3353 1669 3413 poterant
1692 3344 2059 3414 evangelista,

487 3434 783 3489 Mattbmus
809 3436 1023 3505 quidem
1052 3436 1118 3489 ab
1138 3437 1450 3490 Abrahamo
1477 3451 1570 3505 per
1589 3435 2063 3505 quadragesimum

490 3526 719 3580 alterum
776 3540 966 3596 genus,
1024 3526 1090 3581 atl
1150 3528 1421 3582 Christum
1490 3526 1745 3583 devenire
1770 3526 1849 3588 ’9;
1892 3520 2066 3580 Lucas

492 3633 672 3676 autem
706 3636 737 3675 a
766 3618 1003 3685 Christo,
1041 3619 1130 3690 qui
1168 3620 1306 3674 alter
1335 3629 1417 3674 est
1447 3607 1707 3686 Adamus,
1730 3619 1797 3673 ad
1834 3615 2066 3689 primum

494 3716 752 3779 cvadens,
785 3715 1071 3782 septimum
1119 3722 1171 3770 et
1216 3714 1678 3785 septuagesimum
1714 3713 1831 3768 sine
1881 3712 2071 3767 fraude

500 3810 725 3879 exsequi
762 3808 853 3862 "‘i
884 3806 1063 3875 Quare
1114 3818 1169 3863 et
1204 3807 1519 3878 Josephum,
1572 3807 1841 3862 Davidicae
1882 3806 2069 3868 tribus,

498 3901 642 3969 quod
670 3900 771 3970 ipsi
799 3899 1097 3967 testemini,
1118 3901 1200 3955 sui
1225 3900 1442 3971 generis
1470 3908 1635 3969 atque
1660 3899 1830 3955 tribus
1852 3913 2071 3953 uxorem

500 3990 735 4062 cepisse,
768 4001 851 4047 est
900 4008 1141 4050 necesse.
1176 3991 1280 4048 Sed
1308 3991 1522 4063 ecquid,
1550 3993 1593 4047 si
1638 3992 1867 4046 fortasse
1896 3988 2077 4059 Virgi-

501 4087 585 4143 nis
616 4100 788 4155 genus
819 4088 997 4142 minus
1031 4095 1284 4141 accurate
1327 4085 1550 4140 habeam
1585 4085 1884 4155 cognitum,
1914 4100 1979 4140 ex
2010 4100 2076 4140 co

503 4179 790 4234 veritatem
827 4177 1181 4242 cavillentini,
1211 4188 1510 4247 contraque
1542 4178 1823 4247 Deiparam
1855 4186 2077 4231 senten-

503 4272 635 4326 tiam
687 4270 927 4327 dicatis?
956 4269 1245 4325 Enimvero
1280 4280 1339 4324 ut
1375 4279 1714 4341 perspectum
1761 4285 1866 4323 non
1910 4270 2078 4324 habe-

507 4376 642 4429 rem,
672 4360 893 4416 omnino
929 4360 1192 4433 haberet,
1225 4361 1311 4415 cui
1343 4369 1538 4415 cuncta
1586 4362 1757 4426 novit,
1792 4348 1964 4431 neque
2014 4360 2081 4415 ob

2150 1898 2271 1951 ther
2298 1906 2350 1950 et
2380 1894 2571 1950 Melchi
2608 1894 2805 1948 fratres
2831 1933 2845 1957 ,
2876 1891 3005 1946 Levi
3042 1891 3136 1945 lilii
3188 1888 3270 1961 (ut
3316 1898 3600 1944 ostensum
3646 1893 3732 1939 est

2151 1986 2461 2041 auctoribus
2511 1971 2778 2054 Hebraeis)
2833 1982 3021 2037 affines
3070 1979 3337 2035 Joachimi
3377 1996 3393 2034 :
3443 1984 3507 2031 ut
3560 1974 3724 2030 Maria

2148 2079 2414 2136 inachimi
2457 2078 2619 2133 fuerit
2665 2076 2803 2142 lilia,
2836 2073 3073 2144 Josepho
3117 2073 3377 2128 collocata
3426 2068 3724 2127 secundum

2152 2174 2290 2227 duas
2335 2172 2554 2241 stirpes,
2593 2166 2891 2224 Matthanis
2921 2179 3080 2236 atque
3120 2166 3448 2231 Salomonis,
3493 2167 3722 2232 patento

2157 2272 2353 2333 genere
2395 2262 2637 2328 Davidis,
2673 2270 2919 2316 materno
2970 2257 3155 2315 Jacobi
3182 2257 3522 2323 consobrini,
3560 2255 3727 2326 patris

2156 2355 2402 2411 Joachlm
2433 2353 2628 2410 affinis.

2232 2450 2475 2504 Habebat
2516 2448 2656 2502 idem
2707 2445 2842 2501 liber
2884 2451 2935 2498 et
2964 2441 3184 2512 Iosephi
3237 2439 3638 2511 genealogiam,
3684 2435 3729 2491 ei

2158 2546 2597 2618 geminamque:
2642 2541 2697 2595 in
2745 2554 2902 2597 sacro
2932 2531 3167 2593 Matthzéi
3210 2534 3505 2605 Evangelia
3535 2534 3734 2587 descri-

2162 2649 2250 2711 pta
2282 2648 2385 2692 est.
2419 2636 2685 2691 Caeterum
2729 2631 2932 2696 aiebat,
2958 2628 3213 2684 habuisse
3250 2623 3552 2694 Josephum
3602 2622 3731 2677 filios

2162 2736 2393 2799 quatuor
2441 2734 2506 2781 ex
2554 2734 2724 2777 uxore
2775 2720 3029 2784 Salome,
3084 2715 3380 2781 Iacobum,
3432 2712 3730 2773 Simonem,

2161 2815 2370 2877 Jttdam’
2401 2828 2454 2875 et
2510 2814 2715 2881 J'o'sen;
2767 2814 2905 2868 tilias
2952 2819 3082 2875 tres,
3127 2809 3340 2875 Esther,
3386 2805 3632 2860 Thamar
3684 2812 3734 2856 et

2164 2913 2401 2975 Salome,
2437 2922 2555 2980 qua:
2599 2906 2858 2961 Zebcdaeo
2905 2904 3123 2971 Coniux,
3163 2898 3422 2954 Iacobum
3468 2899 3526 2953 α
3580 2910 3736 2949 evan-

2163 3006 2412 3077 gelitstam
2441 3000 2701 3056 Joannem
2723 2996 2920 3054 edidit.
2953 2995 3082 3049 Erat
3127 2992 3310 3045 autem
3348 2989 3572 3059 Josephi
3610 2997 3737 3041 uxor

2163 3101 2343 3171 Aggaei
2397 3098 2541 3164 ﬁlia,
2602 3094 2788 3149 fratris
2841 3089 3124 3144 Zacharias
3177 3085 3519 3145 sacerdotis,
3578 3081 3737 3152 patris

2161 3190 2389 3249 Joannis
2432 3184 2709 3261 Baptistae.
2764 3185 3059 3241 Zacharias
3100 3190 3156 3237 et
3194 3181 3422 3252 Aggzeus
3464 3175 3737 3230 Barachize

2159 3286 2281 3351 lilii,
2320 3284 2452 3339 Abia
2494 3275 2780 3337 sacerdote
2823 3279 2957 3333 nati.
3000 3278 3170 3331 Porro
3219 3282 3339 3329 erat
3386 3262 3438 3326 id
3487 3266 3738 3339 temporis

2164 3377 2364 3448 Joseph
2423 3374 2668 3432 viduus:
2723 3383 2784 3426 ut
2833 3369 3037 3425 fuerint
3103 3363 3325 3421 Saloute
3384 3370 3440 3419 et
3502 3360 3736 3417 Joannes

2168 3470 2407 3543 Baptista
2437 3468 2663 3524 fratrum
2690 3467 2803 3529 filii,
2832 3476 2887 3520 et
2919 3462 3044 3519 huic
3071 3462 3320 3531 Aggzeus,
3346 3456 3426 3512 illi
3455 3454 3739 3510 Zacharias

2168 3577 2415 3637 patruus.
2460 3560 2710 3617 Salomen
2770 3552 2893 3613 diCo
2943 3570 3048 3610 non
3106 3552 3457 3608 obStetricem
3508 3545 3737 3616 Virginis

2169 3634 2376 3723 Mariae,
2412 3656 2507 3711 sed
2540 3652 2764 3723 Iosephi
2814 3648 2954 3704 fabri
3005 3659 3251 3700 uxorem.
3290 3639 3429 3695 Nam
3488 3634 3743 3695 obstetrix

2170 3734 2260 3805 illa
2289 3748 2611 3805 consobrina
2658 3750 2775 3799 erat
2819 3732 3148 3795 Elisabethzc
3195 3744 3357 3805 atque
3391 3724 3652 3800 Virginis,
3685 3735 3739 3779 ut

2174 3841 2409 3897 ostendit
2436 3852 2650 3894 sacrum
2682 3834 2840 3890 Luca:
2872 3829 3247 3901 Evangeliu‘m.
3283 3825 3618 3878 Erantenim
3642 3830 3744 3875 tres

2176 3948 2393 3991 sorores
2436 3930 2877 3986 Bethleemehses
2929 3938 2994 3979 ex
3037 3919 3339 3988 Cleopatrae
3392 3924 3447 3970 et
3493 3908 3745 3984 Sosipatri

2178 4030 2383 4100 regnol,
2447 4030 2576 4080 ante
2626 4021 2860 4078 Herodis
2924 4014 3191 4084 Antipatri
3254 4025 3497 4080 regnum.
3564 4005 3743 4062 Primle

2176 4135 2375 4177 nomen
2428 4117 2614 4179 Maria,
2664 4113 2819 4169 alteri
2874 4110 3041 4175 Sobe,
3089 4108 3263 4163 tertia:
3318 4108 3498 4160 Anna.
3549 4102 3742 4156 Earum

2179 4214 2353 4284 prima
2416 4210 2468 4264 in
2533 4206 2805 4263 Bethleem
2872 4214 3034 4273 nupta
3096 4200 3349 4255 Salomen
3406 4193 3745 4252 obstetricem

2180 4304 2415 4376 peperit.
2453 4302 2636 4357 Altera
2665 4308 2718 4355 et
2756 4300 2873 4368 ipsa
2904 4296 2958 4351 in
2998 4293 3273 4347 Bethleem
3298 4330 3313 4357 ,
3348 4287 3743 4348 Elisabetham;

2186 4394 2343 4448 tertia
2380 4392 2432 4446 in
2464 4388 2684 4446 Galilaea
2731 4385 2918 4458 genuit
2969 4383 3244 4454 Virginem
3294 4378 3553 4442 Mariam,
3600 4386 3746 4446 quam

506 4468 683 4555 Tum
722 4453 1136 4555 .igfwmionem
1182 4451 1449 4555 .‘Yifginjs
1509 4451 1818 4555 άθὶρθήωῗ,
1871 4452 1952 4522 (ul
2008 4452 2077 4554 ita
2106 4485 2160 4545 D
2186 4495 2239 4541 et
2270 4485 2551 4555 Deiparam
2593 4451 2886 4538 Christiani
2934 4451 3172 4532 vocant:
3210 4484 3267 4529 ut
3294 4476 3402 4529 sint
3432 4471 3670 4531 Salome,
3699 4474 3746 4521 et

505 4544 741 4617 dicatur)
788 4544 989 4602 frustra
1047 4553 1215 4601 esset.
1276 4545 1421 4599 Nihil
1480 4559 1725 4615 prorsus.
1775 4541 1885 4598 Nec
1935 4547 2078 4597 enim

508 4648 729 4712 propter
780 4640 1128 4695 mentientes
1186 4638 1275 4693 Sol
1336 4654 1441 4693 non
1493 4639 1686 4702 oritur,
1723 4648 1811 4693 aut
1865 4648 2084 4708 propter

509 4748 681 4791 caecos
709 4734 823 4790 visu
852 4732 1061 4804 przediti
1094 4732 1295 4788 lumine
1328 4732 1709 4787 destituentur.

1007 4847 1234 4904 CAPUT
1292 4843 1578 4899 XXXVIII.

515 4964 745 5023 Mariam
776 4973 947 5019 ortam
978 4982 1004 5018 ε
1040 4966 1202 5033 stirpe
1241 4962 1452 5015 Davi/lis
1473 5000 1488 5021 ,
1524 4958 1777 5028 probatur
1804 4975 1867 5013 ea
1898 4962 2088 5029 genea-

1044 5034 1185 5105 logiu
1231 5033 1261 5087 J
1271 5035 1561 5087 aditurum.

575 5147 724 5227 Quin
762 5148 964 5204 editam
1004 5144 1221 5203 Davidis
1248 5161 1456 5217 genere
1492 5149 1652 5215 atque
1695 5146 1866 5215 stirpe
1911 5140 2094 5214 Virgi-

510 5226 649 5297 nem
683 5226 842 5301 dabo,
905 5240 1083 5306 neque
1131 5236 1184 5291 id
1227 5251 1352 5293 vero
1394 5250 1459 5290 ex
1496 5236 1832 5291 neSttatibus
1874 5235 2094 5304 scriptis

519 5332 582 5377 nc
612 5314 866 5392 decretis,
912 5323 1004 5379 sed
1044 5324 1270 5381 Iudaico
1323 5324 1557 5395 quodam
1612 5322 1771 5392 libro,
1828 5326 1880 5379 in
1938 5331 2097 5394 quem

516 5416 803 5473 Orestialle
834 5416 1000 5473 incidi
1034 5420 1172 5489 apud
1204 5418 1447 5473 Judaeum
1486 5418 1664 5472 Ellam
1686 5460 1700 5485 ,
1732 5417 2098 5489 legiSperitum

594 5606 640 5639 ”
662 5601 807 5661 Psal.
832 5619 981 5673 xuv,
1011 5603 1099 5657 M.
1176 5603 1221 5637 ³⁷
1250 5598 1382 5658 ibid.
1419 5601 1502 5656 15.
1581 5600 1627 5633 ⁸⁸
1655 5598 1846 5654 Matth.
1888 5615 1927 5665 ι,
1970 5599 2019 5653 ι.

593 5796 711 5869 (52)
747 5793 1004 5853 Nazianx.
1035 5794 1090 5849 in
1119 5790 1397 5850 lulianum
1424 5792 1513 5859 42,
1544 5794 1635 5850 47.

2185 4559 2517 4642 Elisabetha,
2549 4585 2603 4628 et
2634 4571 2818 4642 Virgo,
2861 4570 3017 4624 trium
3052 4582 3301 4624 sororum
3342 4564 3490 4621 Illi-.2.
3522 4561 3601 4617 ita
3624 4562 3667 4617 is
3692 4557 3747 4613 li-

2186 4678 2279 4729 ber
2295 4663 2919 4742 genealogiantVirginis
2946 4662 3269 4730 explicatam
3315 4656 3643 4718 continebat,
3667 4650 3747 4721 qui

2181 4776 2237 4822 et
2256 4765 2487 4821 aliorum
2506 4759 2868 4832 quorumdam
2906 4755 3212 4810 Jutlaeornn‘t
3240 4765 3409 4822 genus
3440 4748 3747 4808 declarabat,

2183 4858 2299 4929 qui,
2335 4854 2469 4910 nihil
2515 4855 2762 4917 interest,
2796 4858 2853 4903 ttt
2890 4863 3036 4904 nunc
3075 4846 3345 4901 dicantur.

2232 4946 2375 5013 Jun.
2430 4946 2575 5000 Sane
2603 4943 2891 4998 venturum
2919 4940 3197 4996 Chrismtn
3227 4946 3283 4992 et
3314 4953 3415 4991 nos
3449 4943 3749 5005 speramus;

2189 5045 2405 5101 venisse
2460 5040 2601 5097 haud
2651 5040 2779 5117 iln'm
2834 5038 3151 5101 credimus;
3209 5034 3477 5101 siquidem
3530 5028 3745 5085 nondum

2191 5140 2456 5195 ailventtts
2519 5132 2891 5189 istaelitarnm
2942 5128 3144 5185 Christi
3195 5130 3336 5197 regis
3398 5125 3607 5195 tempus
3657 5127 3747 5175 est.

2272 5232 2496 5288 Cuntsr.
2528 5224 2649 5283 Non
2697 5234 2843 5280 recte
2877 5237 2972 5279 vos
3004 5221 3315 5291 Scripturas
3345 5218 3751 5273 animadvertere

2205 5334 2259 5381 et
2304 5334 2450 5388 ‘stcpe
2501 5318 2633 5387 dixi,
2705 5327 2757 5374 et
2805 5314 2936 5372 nihil
2991 5315 3209 5379 mirum,
3256 5312 3475 5382 quando
3510 5320 3559 5364 et
3605 5303 3750 5359 Isaias

2208 5413 2274 5471 de
2308 5414 2463 5471 Vobis
2511 5422 2595 5470 est
2642 5413 2849 5468 locutus
2881 5412 2935 5465 in
2994 5404 3136 5466 hanc
3190 5404 3601 5463 sententiain”
3650 5397 3751 5451 Att—

2108 5597 2158 5630 ⁹⁹
2188 5595 2412 5663 Luc.tu,
2443 5595 2561 5652 ‘25..
