4004 6206
428 330 538 400 863

1631 333 1734 398 AN
1742 331 2054 394 DRONICI
2087 332 2435 399 COMNENI

3580 339 3680 404 866

417 448 690 515 Jeremlae,
740 461 806 503 ex
857 447 952 504 Dei
1005 459 1235 517 persona
1266 445 1642 501 conﬁrmantis
1678 460 1741 500 ε(
1801 441 1858 500 Si
1893 455 2004 504 ste-
2028 443 2081 505 Α
2105 446 2317 515 smixit,
2353 461 2414 504 ut
2442 470 2461 504 ι
2501 454 2707 520 parvuli
2732 454 2847 520 ejus
2887 455 3033 511 ducti
3066 455 3176 511 sint
3221 456 3273 509 in
3306 455 3681 528 captivitatem

421 545 549 601 terit
593 541 774 597 Moses
819 551 875 597 et
923 538 1145 596 Samuel
1199 555 1381 594 coram
1447 542 1627 604 me“,
1680 559 1699 593 ι
1770 548 1838 594 ut
1881 547 2008 595 ante

421 637 828 708 deprecatores,
880 648 988 688 non
1012 632 1296 690 exaudiam
1324 647 1438 688 eos.
1476 651 1494 684 ι
1531 632 1642 687 Viae
1671 631 1798 688 Sion
1829 632 2013 700 lugent

422 743 488 781 eo
513 725 654 797 quod
697 740 802 779 non
837 725 970 790 sint,
998 724 1088 792 qui
1123 724 1347 777 veniant
1379 723 1445 776 ad
1467 722 1869 780 solemnitatem
1896 722 2002 777 ⁸⁸.»

422 821 582 877 Maeli
617 819 800 876 verbis
850 828 970 873 esto
1014 818 1190 878 David
1247 828 1410 889 atque
1461 816 1736 885 Jeremia;
1766 833 1895 875 nam
1920 817 2011 874 ille

429 913 606 972 exsilii
644 910 960 982 Babylonici
1001 910 1282 980 providus,
1317 926 1382 964 ex
1435 910 1770 977 captivorum
1822 908 2013 980 praci-

424 1007 506 1060 nit
567 1018 798 1074 persona
833 1021 846 1056 :
897 1021 914 1054 t
955 1001 1130 1072 Super
1163 1000 1381 1059 ﬂumina
1410 1001 1699 1073 Babylonis
1733 1003 1840 1059 illic
1867 1003 2014 1058 sedia

427 1113 548 1151 mus
618 1108 672 1150 et
734 1094 1003 1161 ﬂevimus,
1062 1111 1185 1149 eum
1242 1097 1662 1152 recordaremur
1726 1094 1884 1152 Sion.
1951 1093 2010 1150 In

426 1191 683 1245 salicibus
713 1191 766 1242 in
796 1189 971 1244 medio
995 1188 1112 1255 ejus
1140 1191 1524 1256 suspendimus
1562 1205 1768 1260 organa
1798 1200 2004 1246 nostra.

426 1279 565 1346 Quia
600 1281 712 1335 illic
743 1281 1215 1350 interrogaverunt
1268 1295 1384 1344 nos,
1420 1281 1512 1349 qui
1565 1283 1810 1351 captivos
1842 1283 2011 1336 duxe-

428 1375 559 1428 runt
598 1389 716 1439 nos,
751 1375 910 1428 verba
938 1374 1272 1429 cantionum.
1292 1372 1366 1428 Et
1394 1372 1485 1444 qui
1506 1375 1845 1429 abduxerunt
1864 1379 2006 1430 nos':

431 1465 705 1536 itymnum
755 1475 971 1521 cantate
1004 1465 1158 1519 nobis
1191 1466 1255 1520 de
1279 1465 1508 1523 canticis
1557 1465 2012 1533 Sion.Quomodo

430 1559 774 1616 cantabimus
821 1559 1090 1614 canticum
1137 1556 1347 1613 Domini
1381 1560 1431 1611 in
1471 1568 1613 1611 terra
1668 1560 1840 1615 aliena
1869 1560 2005 1614 “ita

439 1651 867 1718 respondebant,
915 1650 1007 1718 qui
1049 1649 1284 1706 fortasse
1313 1651 1547 1704 reditum
1605 1662 1911 1718 sperarent.
1941 1653 2010 1705 At

431 1741 698 1796 Jcremias
741 1741 892 1813 regni
950 1742 1249 1808 interitum,
1296 1750 1349 1795 rt
1395 1742 1654 1812 pontificii
1707 1743 2010 1814 abrogatio-

434 1850 556 1888 nem
599 1835 857 1901 sentiens,
893 1833 1202 1889 Iudaeorum
1228 1836 1406 1888 reditu
1443 1831 1663 1890 Sionem
1695 1836 2007 1905 desperato,

432 1934 486 1980 et
537 1934 790 2006 tanquam
831 1926 1192 1987 claudicante,
1242 1932 1470 1981 moestus
1506 1942 1521 1978 :
1559 1944 1577 1976 ‹
1619 1925 1847 1997 Lugere,
1915 1927 2012 1991 ait,

433 2018 549 2073 vias
584 2018 994 2090 Hierosolymis.
1031 2037 1050 2072 i
1113 2018 1268 2074 Cur?
1298 2021 1438 2084 quod
1500 2032 1682 2077 essent
1715 2023 1866 2090 nulli,
1921 2023 2016 2094 qui

432 2109 720 2167 itineribus
755 2113 820 2166 ad
851 2111 1109 2166 solemnia
1143 2112 1520 2169 convenirent.
1573 2132 1591 2165 ι
1630 2111 1829 2169 Omnes
1849 2124 2018 2185 porte

433 2205 552 2274 ejus
605 2206 893 2260 destructa:
928 2206 992 2259 ⁸⁸.
1021 2222 1040 2258 ι
1073 2203 1209 2271 Quia
1242 2208 1385 2262 enim
1437 2205 1721 2278 Synagnga
1757 2207 2018 2262 ducentes

433 2300 498 2351 ad
533 2298 792 2373 pietatem
854 2308 1057 2367 portas,
1103 2313 1224 2370 qua:
1260 2284 1636 2369 intelligentia
1706 2297 2011 2353 informati.

437 2401 546 2454 tur,
597 2389 697 2443 sibi
737 2390 1028 2459 praeclusit,
1083 2400 1140 2447 ut
1176 2392 1354 2462 inquit
1410 2391 1596 2458 lsaias,
1654 2393 1836 2448 oculos
1887 2409 2015 2450 suos

435 2481 752 2542 cremavit,
800 2490 853 2534 et
878 2497 975 2536 cor
1009 2497 1166 2538 suum
1206 2483 1574 2540 dementavit:
1651 2503 1670 2536 ι
1739 2480 1812 2539 Ne
1874 2490 2012 2540 forte

433 2575 617 2627 videat
652 2574 840 2640 oculis,
889 2583 947 2630 et
1000 2576 1224 2632 auribus
1258 2576 1465 2641 audiat,
1518 2586 1571 2631 et
1602 2577 1766 2632 corde
1799 2595 1896 2635 suo
1928 2582 2012 2634 in-

437 2667 660 2735 telligat,
695 2677 749 2722 et
782 2678 1150 2732 convertatur,
1181 2681 1233 2724 et
1258 2685 1444 2726 sanem
1480 2687 1596 2726 eam
1624 2674 1720 2727 ³⁸.»
1760 2674 2014 2749 Propter.

437 2773 498 2815 ea
560 2774 662 2813 non
695 2760 894 2825 clausae
946 2765 1081 2817 adeo
1107 2771 1232 2816 sunt
1259 2771 1450 2832 portae,
1486 2766 1579 2820 sed
1627 2767 1865 2822 vastitati
1892 2785 2011 2822 ces-

437 2861 648 2904 serunt.

502 2944 857 3002 «Sacerdotes
877 2945 990 3014 ejus
1011 2959 1309 3017 gementes;
1333 2951 1657 3019 imcritoqui
1682 2952 2027 3019 unigenitum-

439 3035 534 3091 Dei
573 3037 766 3093 Filium
825 3040 1218 3104 contristarint,
1267 3042 1400 3098 utin
1454 3038 1753 3110 Evangelio
1811 3042 2012 3097 conﬁr-

2110 543 2234 593 ante
2263 541 2453 600 faciem
2495 546 2821 602 tribulantis.
2863 567 2882 600 ι
2939 548 3074 614 Quia
3106 548 3248 602 enim
3300 548 3349 600 in
3408 547 3683 601 Christum

2106 631 2463 702 debacchata,
2496 637 2731 695 infantes
2787 639 3228 696 Bethleemiticos
3261 643 3685 703 contrucidaru.

2108 735 2272 780 erunt
2298 726 2350 782 hi
2382 743 2594 800 quoque
2625 733 2843 802 captivi.

2189 834 2214 869 c
2243 815 2306 872 Et
2333 834 2584 890 egressus
2618 833 2703 878 est
2725 840 2753 876 a
2792 823 2895 878 lilia
2927 824 3055 879 Sion
3090 827 3267 880 omnis
3323 827 3488 880 decor
3511 827 3681 892 ejus.»

2109 924 2230 980 quae
2277 925 2460 967 veram
2524 914 2886 984 majestatem,
2929 928 2988 972 et
3045 933 3155 987 pra:
3215 919 3495 994 hominum
3546 921 3689 973 natis

2099 1001 2284 1059 “forma
2333 1004 2596 1074 insignem
2656 1018 2925 1070 aversata,
2987 1009 3229 1064 exsulem
3295 1011 3346 1063 in
3391 1007 3689 1078 Egyptum

2112 1097 2442 1155 amandarit.
2500 1117 2520 1151 ι
2555 1099 2708 1154 Facti
2735 1112 2860 1156 sunt
2886 1103 3157 1171 principes
3180 1101 3294 1172 ejus
3329 1099 3693 1158 volutarietes

2112 1198 2220 1237 non
2250 1183 2581 1238 invenientes
2635 1200 2874 1254 pascua;
2916 1205 2933 1239 ι
2975 1203 3096 1239 nam
3131 1201 3250 1240 cum
3293 1186 3501 1242 nollent
3530 1184 3687 1240 Chri-

2112 1275 2182 1328 sti
2231 1275 2424 1330 ovibus
2463 1285 2522 1331 et
2546 1278 2833 1344 pecoribus
2870 1278 3102 1348 accensi
3143 1295 3171 1333 a
3215 1294 3342 1334 vero
3377 1289 3598 1349 pastore
3625 1278 3691 1333 ad

2111 1381 2380 1438 perennes
2417 1367 2616 1424 herbas
2651 1372 2832 1436 educi,
2873 1381 2932 1425 et
2975 1372 3185 1429 caelesti
3214 1373 3389 1427 mulso
3435 1383 3692 1441 tanquam

2113 1477 2260 1532 aqua.
2294 1462 2504 1534 irrigui,
2548 1463 2597 1517 in
2622 1464 2842 1518 aeternis
2871 1465 3160 1522 domiciliis
3198 1465 3486 1532 stabulati,
3521 1484 3539 1518 ι
3573 1465 3693 1520 ideo

2113 1555 2382 1625 principes
2417 1556 2534 1624 ejus
2571 1555 2932 1613 velutarietes
2975 1573 3080 1612 non
3121 1557 3459 1614 invenientes
3494 1572 3704 1629 pascua.

2112 1648 2362 1702 abierunt
2400 1665 2416 1702 :
2458 1658 2511 1702 et
2544 1648 2797 1704 abierunt
2823 1649 3030 1719 absque
3068 1650 3391 1705 fortitudine
3433 1656 3564 1706 ante
3614 1651 3694 1705 fa-

2113 1738 2249 1791 ciem
2312 1740 2686 1810 subsequentis
2725 1743 2796 1796 ²³.
2827 1760 2846 1794 ι
2891 1743 2981 1799 Dei
3031 1743 3102 1798 ad
3136 1742 3350 1797 Iudaeos
3380 1743 3544 1798 edicti
3588 1760 3696 1799 me-

2119 1844 2238 1885 mor
2308 1831 2484 1896 vates,
2563 1834 2721 1888 triste
2785 1833 2912 1888 illud
2992 1834 3313 1890 aceinebat:
3356 1855 3375 1888 ι
3423 1835 3696 1890 Abierunt

2119 1922 2322 1988 absque
2396 1923 2718 1982 fortitudine
2779 1929 2904 1981 ante
2953 1927 3145 1983 faciem
3208 1929 3688 1997 subsequentis,»

2118 2015 2315 2084 quippe
2367 2015 2443 2070 ait
2498 2017 2549 2068 in
2593 2014 2834 2073 Levitico
2875 2017 3062 2074 Deus:
3108 2038 3125 2071 ι
3163 2019 3318 2087 Quod
3353 2021 3398 2076 si
3431 2037 3539 2076 non
3593 2036 3692 2075 au.

2119 2107 2328 2161 dieritis
2366 2123 2471 2172 me.
2514 2124 2610 2163 nec
2652 2109 2889 2166 feceritis
2925 2111 3103 2165 omnia
3139 2110 3393 2168 mandata
3453 2129 3598 2179 mea,
3642 2111 3689 2168 si

2118 2201 2432 2277 spreveritis
2475 2201 2621 2272 leges
2656 2214 2827 2264 meas.
2866 2215 2920 2256 et
2955 2202 3160 2270 judicia
3195 2219 3314 2259 mea
3343 2215 3694 2276 contempse-

2121 2286 2262 2354 ritis,
2307 2295 2371 2344 ut
2407 2304 2511 2344 non
2537 2289 2768 2361 faciatis,
2791 2307 2855 2346 ea
2887 2308 3007 2356 qua:
3036 2309 3064 2347 a
3093 2308 3179 2350 me
3214 2295 3511 2350 constituta
3543 2305 3712 2364 sunt,

2119 2390 2168 2434 et
2200 2385 2265 2435 ad
2306 2382 2516 2436 irritum
2545 2383 2853 2451 perducatis
2894 2395 3110 2456 pactum
3150 2401 3329 2441 meum
3360 2403 3375 2441 :
3411 2403 3512 2457 ego
3549 2404 3692 2458 quo~

2118 2489 2222 2543 que
2261 2476 2372 2527 inec
2428 2473 2620 2529 faciam
2663 2477 2849 2534 vobis:
2902 2475 3147 2531 Visitabo
3190 2495 3282 2536 vos
3325 2483 3586 2541 velociter
3642 2485 3696 2538 in

2116 2579 2376 2632 egestate.
2421 2567 2646 2622 Frustra
2691 2574 2885 2625 seretis
2944 2584 3266 2638 sementem,
3325 2591 3444 2642 quae
3480 2577 3549 2630 ab
3599 2577 3697 2632 bo-

2118 2660 2292 2714 stibus
2315 2658 2684 2713 devorabitur.
2730 2658 2929 2715 Ponam
2954 2661 3150 2717 faciem
3186 2678 3360 2718 meam
3387 2677 3582 2721 contra
3605 2681 3696 2723 vos

2116 2762 2174 2806 et
2203 2755 2473 2807 corruetis
2515 2766 2705 2807 coram
2765 2751 3010 2808 hostibus
3059 2757 3282 2818 vestris,
3323 2768 3381 2814 et
3439 2759 3695 2829 subjicie-

2119 2845 2258 2899 mini.
2289 2843 2373 2900 his
2410 2847 2500 2914 qui
2549 2848 2781 2900 oderunt
2824 2862 2938 2900 vos.
2984 2844 3221 2916 Fugietis
3254 2851 3475 2905 nemine
3509 2868 3693 2920 perse—

2117 2949 2355 3008 quente:
2410 2945 2464 2991 et
2525 2944 2801 2992 conteram
2838 2939 3144 3010 superbiam
3185 2940 3399 2997 duritia:
3474 2949 3693 2998 vestrae.

2118 3030 2375 3100 Daboque
2415 3030 2562 3086 vobis
2605 3031 2798 3086 coelum
2852 3033 3085 3102 desuper
3150 3036 3290 3090 sicut
3335 3035 3587 3104 ferrum;
3642 3047 3697 3095 et

439 3141 552 3184 ma;
577 3149 589 3184 ε
617 3151 635 3182 ι
673 3129 869 3186 Tristis
893 3135 1168 3187 asumma
1203 3128 1319 3189 me;
1347 3148 1518 3204 usque
1542 3135 1608 3190 ad
1641 3136 1951 3201 mortem”,
1988 3154 2003 3186 ι
2039 3135 2084 3197 c
2117 3135 2318 3179 terram
2353 3137 2582 3179 aeneam.
2607 3123 2973 3181 Consumetur
3012 3127 3283 3183 incassum
3318 3129 3468 3184 labor
3496 3142 3695 3197 vester,

436 3233 492 3277 et
535 3225 660 3278 hinc
712 3235 956 3295 gemunt,
1014 3235 1070 3281 et
1130 3235 1387 3281 aeternum
1425 3236 1658 3296 gement.
1710 3246 1728 3279 ι
1764 3226 2011 3299 Virgines

439 3315 558 3384 ejus
607 3317 900 3393 squalidae,
964 3327 1026 3372 et
1082 3318 1194 3388 ipsa
1250 3334 1507 3389 oppressa
1561 3318 1942 3377 amaritudine.
1987 3340 2008 3374 ›

439 3403 825 3475 Quamobrem,
881 3411 1194 3478 prepbela?
1246 3412 1654 3479 quamobrem?
1709 3413 1834 3482 quia
1889 3429 2016 3469 vere

404 3521 407 3523 ’
439 3499 717 3571 Virginem
749 3518 812 3555 ac
857 3503 1120 3572 Reginam
1182 3519 1285 3558 non
1353 3515 1484 3561 sunt.
1505 3516 1806 3561 assectataa.
1835 3503 2011 3562 «Facti

439 3582 567 3648 sunt
625 3595 805 3649 hostes
853 3595 968 3663 ejus
992 3597 1041 3650 in
1083 3595 1279 3664 capite,
1315 3596 1520 3652 inimici
1556 3598 1673 3668 ejus
1707 3598 2014 3669 locupletati

437 3696 564 3740 sunt
591 3682 656 3742 ¹⁸.
708 3707 727 3741 ι
771 3685 905 3742 Nam
965 3691 1200 3760 quandiu
1235 3707 1262 3747 a
1317 3690 1428 3746 Deo
1493 3692 1796 3756 amabatur,
1852 3709 2016 3763 regno

441 3789 603 3849 atque
641 3779 867 3851 imperio
897 3793 1080 3849 aucta,
1118 3783 1338 3852 populos
1369 3782 1470 3837 sibi
1495 3784 1765 3853 subjicere
1792 3800 1853 3838 ac
1885 3785 2016 3840 diris

439 3874 700 3946 obligare.
748 3874 941 3948 itaque
967 3877 1160 3934 scribit
1206 3879 1298 3933 Dei
1347 3894 1543 3948 parens
1577 3879 1740 3934 David
1772 3898 1786 3935 :
1813 3899 1830 3932 ι
1869 3877 2018 3935 Pone

439 3968 711 4040 principes
766 3985 951 4025 eorum
996 3971 1132 4025 sicut
1169 3973 1329 4036 Oreb,
1365 3980 1422 4026 et
1481 3962 1617 4037 Zeb,
1653 3982 1706 4026 ct
1734 3972 1935 4038 Zebce,
1965 3983 2017 4027 et

443 4057 697 4112 Salmana
757 4076 773 4112 :
824 4073 1012 4114 omnes
1046 4059 1321 4129 principes
1383 4071 1569 4115 eurum
1633 4060 1723 4128 qui
1791 4059 2016 4114 dicunt:

445 4149 771 4205 llaareditate
799 4150 1172 4221 possideantur.
1232 4153 1602 4206 sanctuarium
1654 4152 1743 4206 Dei
1775 4152 1839 4204 ³⁹.
1882 4171 1901 4202 ο
1950 4150 2018 4205 At

439 4242 530 4298 ubi
585 4244 770 4298 odium
801 4246 962 4312 cepit,
999 4243 1164 4313 atque
1204 4247 1271 4299 ab
1299 4243 1495 4313 insigni
1535 4242 1747 4297 vafritie
1780 4243 1846 4297 ad
1914 4243 2015 4300 im-

440 4337 692 4403 pietatem
740 4351 924 4407 porro,
968 4337 1121 4406 quasi
1163 4336 1390 4406 quadam
1428 4347 1743 4405 tempestate
1799 4345 1882 4392 est
1923 4351 2020 4391 ex-

441 4441 612 4496 trusa,
665 4438 780 4485 tum
834 4443 963 4484 vero
991 4429 1288 4484 sacrarium
1321 4428 1617 4498 profanari,
1669 4428 1798 4485 urbs
1828 4430 2014 4497 diripi,

2120 3233 2224 3271 non
2249 3216 2484 3288 proferet
2514 3227 2654 3272 terra
2705 3234 2951 3290 germen,
2983 3235 3080 3275 nec
3117 3221 3339 3277 arbores
3375 3239 3530 3291 poma
3561 3240 3695 3294 prae.

2119 3311 2340 3365 bebunt.
2408 3309 2808 3382 lmmittamque
2868 3311 2921 3364 in
2967 3326 3062 3367 vos
3127 3313 3331 3369 bestias
3383 3316 3524 3385 agri,
3577 3333 3693 3388 qua

2117 3414 2443 3459 consumant
2469 3419 2563 3458 vos
2603 3414 2657 3459 et
2697 3419 2888 3470 pecora
2922 3412 3215 3470 vestra,-et
3265 3410 3330 3463 ad
3374 3413 3690 3481 paucitatem

2118 3508 2310 3552 cuncta
2354 3499 2636 3567 redigant;
2668 3499 2964 3568 evaginabn
2991 3509 3113 3568 post
3150 3517 3244 3556 vos
3279 3503 3534 3573 gladium,
3568 3505 3692 3558 crit-

2117 3605 2221 3658 qne
2256 3600 2398 3645 terra
2438 3591 2670 3656 deserta,
2699 3603 2757 3646 et
2785 3593 3034 3647 civitates
3074 3605 3269 3650 vestra:
3308 3597 3525 3652 dirutae.
3558 3597 3697 3664 Quia.

2118 3698 2212 3738 vos
2243 3682 2558 3738 ainbulastis
2617 3692 2800 3738 contra
2870 3700 3000 3742 me:
3052 3697 3107 3741 et
3146 3702 3245 3756 ego
3300 3688 3546 3744 incedam
3599 3691 3690 3744 ad-

2118 3790 2310 3831 versus
2369 3790 2461 3828 vos
2495 3775 2547 3829 in
2589 3774 2770 3829 furore
2807 3779 3105 3833 c0ntrario.
3169 3777 3457 3838 Peccatum
3495 3800 3681 3852 pecca-

2116 3867 2193 3921 vit
2247 3860 2565 3928 Jerusalem.
2633 3878 2919 3937 propterea
2981 3874 3249 3928 instabilis
3282 3875 3427 3929 facta
3465 3890 3544 3932 est
3573 3880 3672 3935 υ.»

2718 3959 2948 4016 CAPUT
2989 3963 3127 4020 XLI.

2225 4051 2437 4108 Christo
2479 4069 2616 4105 mors
2652 4052 2827 4117 illata,
2882 4069 3211 4123 peccatorum
3269 4062 3583 4116 maximum.

2191 4142 2365 4213 Supra
2412 4144 2523 4209 jam
2586 4147 2820 4212 dixerat,
2865 4162 2982 4200 eam
3038 4149 3294 4206 divinitus
3362 4163 3580 4223 propter
3613 4166 3682 4211 tot

2119 4236 2322 4292 scelera
2382 4235 2654 4302 afﬂictam,
2690 4253 2836 4297 nunc
2874 4238 3064 4293 addit:
3115 4257 3134 4292 ι
3181 4240 3473 4298 Peccatum
3508 4262 3687 4314 pecca-

2118 4331 2196 4383 vit
2234 4327 2304 4386 “.
2344 4348 2361 4380 ι
2408 4327 2521 4384 Illic
2595 4329 2793 4400 quippe
2852 4329 3220 4388 lsraelitarum
3287 4351 3355 4391 ex
3408 4337 3686 4396 intervallo

2120 4417 2453 4478 idololatrias
2494 4429 2545 4476 et
2590 4422 2863 4490 vatieidia,
2919 4425 3006 4482 hic
3062 4427 3266 4484 Christi
3311 4445 3499 4486 necem
3532 4435 3690 4504 signi.

440 4521 700 4591 templum
751 4537 779 4576 a
840 4519 1204 4577 fundamentis
1257 4523 1450 4583 everti,
1521 4531 1614 4575 aut
1674 4522 1852 4589 potius
1912 4537 2011 4598 pro
2036 4510 2091 4567 Ι)
2121 4514 2265 4579 “cal,
2294 4529 2462 4584 quare
2480 4511 2757 4585 subiungit
2787 4532 2803 4572 :
2838 4534 2857 4566 ι
2900 4515 2942 4572 0
2978 4532 3072 4573 vos
3106 4532 3296 4576 omnes
3331 4523 3421 4592 qui
3452 4526 3689 4584 transitis

442 4613 700 4669 derelicto
735 4614 939 4670 haberi.
995 4612 1120 4668 Haec
1150 4615 1242 4684 qui
1279 4622 1582 4682 patrarunt,
1615 4614 1681 4667 iis
1718 4628 1839 4666 cum
1876 4615 2013 4669 bene

440 4715 545 4770 cst,
590 4715 700 4760 tum
728 4707 793 4761 ad
829 4707 1064 4776 majores
1101 4705 1345 4760 fortunas
1389 4720 1452 4760 ac
1499 4720 1721 4775 regnum
1753 4705 2023 4760 extollun-

446 4808 550 4852 tur.
611 4797 781 4865 Quod
813 4797 1109 4865 explanans
1155 4795 1447 4865 Propheta,
1488 4795 1563 4849 ait
1606 4814 1619 4850 ι
1661 4815 1679 4848 r
1718 4797 1853 4865 Quia
1906 4796 2016 4851 Doo

445 4889 622 4942 minus
672 4889 977 4943 bumiliavit
1028 4902 1146 4941 eam
1202 4899 1424 4958 prapter
1473 4887 1876 4942 multitudinem
1912 4884 2015 4940 im-

442 4981 702 5049 pietatnm
757 4981 875 5051 ejus
931 4980 999 5037 ²⁶.
1039 4997 1057 5030 ι
1120 4978 1254 5033 Nam
1321 4992 1443 5036 cum
1503 4977 1783 5050 Synagoga
1847 4978 2015 5032 Deum

449 5085 814 5139 veneraretur,
845 5075 1033 5130 Mosen
1051 5089 1263 5144 quoque
1290 5073 1662 5140 alloquebatur
1689 5072 1825 5128 Deus
1851 5089 1862 5124 :
1902 5085 1920 5125 ε
1952 5073 2018 5127 Et

443 5168 616 5220 scient
646 5166 910 5238 Egyptii,
952 5168 1076 5237 quia
1121 5182 1220 5238 ego
1253 5182 1372 5222 sum
1410 5165 1688 5228 Dominus,
1718 5175 1771 5220 et
1803 5181 1906 5220 non
1936 5175 2018 5220 est

445 5256 582 5310 alius
657 5267 855 5326 printer
890 5274 977 5312 me
1013 5259 1080 5314 ²¹.
1123 5279 1142 5309 ι
1201 5260 1388 5315 Caedes
1437 5273 1567 5313 vero
1624 5260 2012 5327 prophetarum

444 5347 656 5418 aliaque
699 5350 903 5405 scelera
967 5351 1107 5406 Deus
1153 5351 1467 5421 complexus
1534 5351 1819 5417 memoria,
1888 5367 2008 5406 eam

516 5539 556 5566 “
577 5533 778 5592 Iercm.
802 5553 891 5599 xv,
919 5539 968 5591 l.
1047 5539 1090 5570 ¹³
1113 5539 1316 5594 Thren.
1345 5541 1464 5604 1,4.

444 5607 488 5638 "
546 5607 728 5660 Matth.
781 5609 1079 5672 xxvt,28.-
1131 5610 1172 5641 “‘
1197 5611 1540 5670 Tliren.t.5.

445 5677 536 5734 39.
595 5675 653 5708 "'
694 5677 895 5732 Thren.
925 5695 961 5744 ι,
988 5677 1043 5736 6.
1116 5678 1161 5711 ’⁸
1185 5680 1358 5736 Levii.
1386 5698 1532 5746 xxvx,
1566 5682 1746 5737 ιιιὸῗὶ.

1543 5541 1586 5573 ³⁸
1609 5539 1746 5598 Psal.
1771 5557 1990 5607 CXXXVI,
2014 5543 2060 5602 1,
2084 5541 2138 5594 2.
2214 5540 2261 5573 ’⁸
2284 5541 2485 5604 Τὴῑρη,
2513 5557 2549 5601 l,
2583 5543 2637 5596 4.

1624 5615 1665 5645 ⁸²
1693 5613 1828 5667 Psal.
1854 5613 2167 5677 uxxtt,12,
2199 5614 2280 5669 l5.
2360 5613 2406 5643 ’°
2431 5610 2630 5666 Tbren.
2659 5613 2759 5678 1,5.

1624 5684 1746 5737 τάδε.
1827 5684 1871 5714 ’³
1895 5682 2098 5736 Thren.
2123 5697 2160 5744 ι,
2186 5681 2238 5736 8.
2317 5684 2361 5715 "
2384 5683 2515 5737 ibid.
2539 5682 2625 5738 12.

2120 4618 2217 4678 per
2237 4607 2400 4673 viam,
2436 4624 2454 4659 ι
2481 4605 2687 4662 scilicet
2716 4607 2953 4671 virtutis,
2989 4627 3009 4660 ι
3037 4611 3320 4677 attendite,
3350 4624 3402 4668 et
3423 4615 3616 4683 videte,
3645 4618 3686 4673 si

2120 4709 2204 4755 est
2237 4697 2414 4763 dolor,
2447 4698 2587 4754 sicut
2634 4697 2791 4755 dolor
2816 4715 2967 4756 meus
2997 4718 3013 4757 :
3055 4704 3310 4772 quoniam
3369 4707 3687 4763 vindemavit

2119 4808 2227 4860 me,
2252 4791 2537 4847 utloeutus
2562 4802 2648 4847 est
2672 4792 2932 4850 Dominus
2956 4792 3006 4849 in
3036 4812 3119 4848 me
3137 4795 3248 4866 ('54)
3267 4798 3333 4853 “.
3360 4817 3378 4851 ι
3407 4798 3685 4858 Utcondo-

2120 4885 2298 4943 lentes
2352 4899 2413 4941 se
2468 4885 2662 4940 intueri
2696 4885 2868 4950 jubet,
2915 4888 3071 4954 quasi
3131 4891 3367 4959 scipsam
3408 4910 3684 4958 accusans,

2119 4977 2268 5033 velut
2318 4978 2372 5032 in
2423 4987 2727 5036 extremum
2804 4981 2981 5034 scelus
3049 4983 3373 5053 prolapsam.
3425 4988 3555 5053 Quae
3612 4997 3686 5041 est

2121 5070 2267 5125 enim
2309 5079 2642 5137 patratorum
2682 5078 2808 5123 ante
2864 5070 3131 5127 scelermn
3168 5073 3232 5128 ad
3277 5075 3479 5131 Christi
3509 5091 3681 5132 necem

2119 5161 2500 5233 comparatio?
2549 5161 2773 5217 omnino
2807 5161 2973 5219 nulla.
3015 5162 3126 5221 iloe
3184 5167 3448 5223 malorum
3485 5173 3688 5225 teterri-

2119 5272 2287 5321 mum,
2337 5253 2442 5310 hoc
2470 5269 2784 5324 supremum
2813 5254 3005 5312 vulnus
3043 5265 3146 5312 est.
3187 5256 3365 5325 Quare
3391 5262 3682 5318 humiliavit

2124 5363 2202 5404 me
2247 5365 2265 5400 ι
2307 5349 2565 5403 Dominus
2606 5348 2658 5402 in
2695 5348 2781 5403 die
2813 5349 2908 5404 ira:
2943 5351 3143 5408 furoris
3181 5355 3263 5407 sui
3316 5356 3382 5409 de
3421 5357 3633 5411 excelso
3661 5377 3676 5407 ι

2717 5540 2888 5600 “15a.
2912 5561 2988 5614 vr,
3019 5541 3114 5610 10;
3138 5543 3321 5603 Matth.
3347 5560 3468 5614 xm,
3495 5546 3682 5611 ΗΑΒ.

2838 5615 2883 5647 ²¹
2909 5613 3078 5670 Exod.
3103 5630 3197 5680 vn,
3223 5615 3288 5680 5;
3318 5613 3474 5672 Deut.
3521 5631 3685 5680 mu,

2317 5684 2361 5715 "
2384 5683 2515 5737 ibid.
2539 5682 2625 5738 12.

521 5833 630 5906 (54)
656 5833 710 5891 ld
742 5842 843 5904 est,
869 5837 960 5905 qui
989 5845 1041 5892 et
1067 5836 1198 5892 olim
1227 5851 1326 5892 sua
1357 5851 1504 5904 voce,
1529 5844 1581 5892 et
1612 5846 1726 5906 post
1755 5850 1849 5906 per
1875 5835 2085 5892 divinos
2113 5833 2273 5894 Vates
2307 5831 2521 5894 Iudaeos
2555 5836 2817 5896 allocutus
2847 5839 2936 5908 sit,
2971 5840 3050 5896 uti
3083 5839 3358 5898 existimo.
