4004 6206
275 309 375 376 869

1361 312 1753 377 DIALOGUS
1784 313 2086 375 CONTRA
2127 313 2461 377 JUD/EOS.

3418 309 3524 373 870

274 430 614 487 fundamenta
657 431 860 498 eius".
901 450 917 482 ο
965 429 1289 500 Complcvit,
1326 429 1380 484 id
1424 440 1529 493 est,
1568 432 1750 487 omnia
1798 431 1850 486 in
1879 435 1930 494 Λ
1956 432 2078 485 dum
2118 433 2169 486 iu
2206 431 2499 502 Evangelio
2533 445 2685 487 meus
2723 431 2972 486 Salvator
3004 430 3162 485 Jesus
3195 432 3525 488 confirmat:

273 523 649 581 eosvaticinia
686 524 1000 594 complevit,
1035 523 1247 581 inauita
1280 523 1359 577 ira
1398 531 1653 594 tanquam
1690 523 1842 591 ftece,

270 620 688 685 inraudescens;
720 620 896 689 ignem
933 620 1197 684 incendit,
1226 623 1315 689 qui
1354 617 1576 675 Sionem
1612 636 1638 673 a
1677 619 1848 691 stirpe

272 712 505 766 [mutilus
542 712 863 781 absumpsit.
908 732 928 765 ι
971 711 1344 783 Reptaverunt
1377 713 1753 770 adolescentes
1790 716 1844 770 in

272 803 491 870 plateis,
546 804 731 872 polluti
788 816 917 860 sunt
966 805 1021 860 in
1075 809 1339 876 sanguine
1381 822 1503 862 cum
1554 824 1659 861 nun
1712 824 1849 879 pos-—

268 894 470 950 sent“.
504 916 523 943 ι
560 893 677 947 Non
703 904 843 958 erat,
867 894 959 965 qui
989 910 1083 950 eos
1116 905 1257 950 terra
1288 898 1566 963 conderet,
1615 898 1849 952 tumulus

268 986 455 1052 platea:
506 984 705 1049 factae,
775 987 959 1055 itaque
1003 1000 1127 1041 cum
1175 985 1519 1040 vestimentis
1571 995 1843 1053 putruere.

273 1095 289 1126 ί
322 1074 650 1130 Defecerunt
675 1078 813 1132 oculi
842 1078 1011 1131 nostri
1040 1075 1105 1131 ad
1133 1078 1395 1131 auxilium
1430 1086 1700 1140 nostrum,
1725 1090 1846 1129 cum

268 1183 400 1221 vana
436 1180 874 1239 respectaremus
892 1170 960 1225 ι’.
1001 1187 1019 1222 ι
1063 1169 1425 1225 lntermortua
1463 1169 1601 1236 apud
1638 1184 1735 1223 nos
1767 1178 1852 1221 est

271 1266 546 1331 prOphctu:
594 1263 758 1317 David
799 1278 918 1316 vox-
946 1263 1035 1317 illa
1081 1278 1097 1315 :
1142 1263 1321 1316 nullus
1362 1262 1451 1330 qui
1492 1277 1612 1315 cum
1657 1261 1850 1315 ﬁducia

264 1352 439 1409 dicat:
470 1370 487 1404 ι
514 1350 746 1416 Deus,in
771 1351 1100 1422 adjutorium
1126 1365 1303 1406 meum
1332 1350 1575 1415 intende;
1604 1350 1849 1415 Domine,

263 1444 325 1499 ad
360 1442 725 1514 adiuvandum
756 1459 841 1498 me
862 1442 1148 1499 festina".
1180 1461 1199 1496 ι
1232 1472 1302 1483 -
1337 1461 1356 1495 ι
1396 1441 1748 1512 Respeximus
1781 1442 1849 1496 ad

258 1549 474 1609 gentem
502 1552 620 1605 quae
643 1536 854 1592 salvare
882 1552 987 1591 non
1019 1537 1318 1607 poterat".
1349 1556 1367 1588 ι
1399 1535 1533 1603 Quia
1571 1536 1717 1590 enim
1756 1536 1847 1591 Dei

262 1644 461 1684 numen
516 1640 571 1683 et
599 1629 857 1683 auxilium
888 1628 1195 1697 rejecimus,
1224 1628 1345 1683 ideo
1374 1629 1426 1682 in
1458 1644 1571 1684 non
1591 1628 1844 1684 defensu-

262 1737 379 1777 ram
411 1733 626 1790 gentem
662 1724 1026 1778 intuebamur.
1065 1741 1082 1776 ι
1119 1723 1313 1779 Facies
1351 1723 1697 1778 sacerdotum
1737 1738 1845 1778 non

261 1815 624 1871 erubuerunt.
658 1835 679 1869 ι
716 1816 837 1882 Dei,
864 1816 1061 1885 inquit,
1089 1816 1519 1871 miscricordiam
1552 1816 1847 1871 sceleribus

259 1909 465 1963 nostris
512 1907 866 1973 exclusimus,
903 1922 1074 1970 quare
1126 1922 1226 1963 nec
1278 1911 1618 1963 sacerdotum
1669 1907 1849 1963 vultus

258 2001 478 2054 reveriti
525 2012 650 2055 sunt
685 2002 889 2056 hostes.
933 2020 951 2052 ι
994 2001 1178 2072 Neque
1213 2016 1402 2057 senum
1441 2003 1652 2057 miserti
1696 2011 1844 2068 sunt,

254 2096 440 2149 veneti
494 2106 622 2150 sunt
670 2097 925 2165 parvulos
966 2107 1212 2163 nostros,
1249 2098 1509 2154 neirent
1550 2098 1607 2154 in
1654 2098 1847 2168 plateis

254 2188 465 2255 nostris
486 2188 556 2242 τ’.
594 2207 613 2239 ι
654 2189 1053 2255 Disparuerunt
1087 2190 1315 2260 vestigia
1354 2202 1555 2256 nostra,
1588 2206 1716 2262 ergo
1752 2190 1846 2247 de-

254 2278 807 2347 fecitiniquitastua,
847 2279 954 2335 tilia
992 2279 1142 2346 Sion,
1176 2276 1227 2334 id
1260 2280 1367 2346 est,
1393 2280 1589 2348 deleta,
1616 2281 1848 2352 amplius

250 2370 466 2441 Culpam
503 2388 606 2426 non
644 2374 917 2430 admittes.
956 2391 974 2424 ι
1017 2372 1133 2427 Non
1170 2373 1337 2428 addet
1377 2370 1638 2430 Deutinus
1679 2374 1842 2443 ultra,

251 2475 309 2517 ut
372 2464 748 2533 transmigret.
804 2484 822 2516 ι
879 2462 998 2519 Non
1058 2475 1363 2528 revertere,
1413 2464 1845 2535 inquit,~neque

246 2556 490 2626 amplius
538 2556 872 2627 relegabere.
900 2556 1077 2626 Atque
1126 2558 1174 2611 id
1218 2572 1404 2611 verum
1446 2550 1585 2620 esse.
1616 2557 1843 2627 probant

249 2649 537 2717 sequentia
600 2666 616 2702 :
690 2666 709 2700 ι
784 2646 1037 2704 Visitavit
1098 2648 1453 2718 iniquitatem
1516 2656 1690 2715 tuam,
1719 2648 1840 2704 'iilia

252 2738 470 2806 Edom;
510 2754 546 2793 ι’
575 2756 682 2796 non
721 2741 869 2811 virga
906 2756 1060 2808 sane,
1091 2753 1148 2797 ut
1182 2753 1305 2797 ante
1348 2751 1690 2812 persecutus,
1718 2758 1839 2798 cum

246 2843 303 2889 te
356 2836 643 2905 castigans
704 2844 1016 2903 resauaret,
1064 2837 1159 2891 sed
1219 2835 1486 2891 occidioni
1549 2837 1836 2892 mandans.

250 2943 273 2976 ε
330 2924 717 2996 Discooperu‘it
770 2936 987 2997 peccata
1043 2926 1216 2994 tua",
1268 2946 1287 2979 ι
1349 2926 1399 2984 id
1448 2936 1565 2994 est,
1604 2928 1841 3000 explevit

245 3032 481 3073 omnem
508 3018 885 3087 iram‘justam,
921 3023 1074 3075 tectis
1101 3021 1207 3075 tuis
1241 3020 1563 3088 sceleribus,
1591 3031 1652 3078 ut
1680 3028 1837 3093 aqua!

248 3110 297 3163 vi
329 3121 387 3166 et
420 3111 575 3181 copia
610 3126 761 3165 mare
792 3114 1059 3182 operitur.

321 3202 438 3258 Sed
474 3219 546 3259 ne
580 3208 681 3259 hoc
717 3215 1127 3275 argumentum,
1161 3207 1225 3262 ad
1261 3207 1563 3262 doctrinam
1596 3216 1651 3263 et
1686 3208 1842 3265 insti-

252 3297 526 3352 tutionem
574 3308 911 3364 susceptum,
942 3300 1223 3353 materiam
1267 3296 1445 3354 luctus
1484 3308 1552 3353 et‘
1578 3298 1845 3354 lamenta—

252 3391 426 3452 tiouis
453 3390 766 3456 reddamus,
789 3391 856 3446 ad
888 3390 1139 3465 inclytam
1172 3403 1226 3447 et
1251 3392 1488 3447 divinam
1517 3394 1704 3463 gratiae
1728 3392 1842 3465 (56)

249 3482 608 3551 disciplinam
657 3484 895 3539 orationi
942 3484 1303 3555 gubernacula
1342 3484 1648 3541 ﬂectamus.
1683 3486 1847 3555 Igitur

247 3575 460 3631 accidit
490 3573 882 3645 Hierosolyma:
914 3577 1140 3631 vastitas
1177 3591 1322 3631 anno
1357 3577 1425 3631 ab
1459 3576 1590 3631 orbe
1627 3577 1846 3631 condito

248 3669 547 3739 quinquies
594 3669 911 3737 millesimo,
943 3670 1379 3740 quingentesimo
1413 3670 1571 3724 tertio
1603 3679 1656 3724 et
1688 3685 1846 3724 sexa—

244 3764 463 3830 gesimo
498 3778 512 3814 :
553 3776 725 3831 usque
755 3762 821 3816 ad
859 3771 1177 3831 praesentem
1212 3778 1361 3826 vero,
1396 3762 1574 3817 sexies
1610 3763 1845 3825 ,millesi-

250 3856 985 3927 niumoctingentesimum
1055 3868 1309 3912 octavum
1378 3865 1432 3911 et
1492 3856 1756 3912 decimum
1825 3874 1838 3910 ε

247 3949 427 4006 Judaei
463 3952 591 4004 totis
627 3949 772 4016 mille
803 3950 1053 4005 ducentis
1088 3952 1330 4022 quinque
1365 3959 1422 4005 et
1453 3949 1838 4021 quinquaginta

248 4044 378 4099 sine
419 4058 587 4113 regno
633 4044 903 4098 exsulant.
938 4041 1055 4098 3am
1105 4044 1289 4098 mundi
1338 4052 1512 4098 status
1540 4051 1595 4098 et
1640 4045 1842 4099 incolu-

247 4140 442 4207 mitas,
481 4146 538 4191 ut
570 4139 637 4191 de
672 4135 887 4192 vatibus
922 4138 1257 4206 accepimus,
1291 4136 1359 4195 ab
1400 4134 1603 4207 Opilice
1638 4148 1842 4207 septem

248 4231 512 4286 aetatibus
544 4229 813 4298 descripta
844 4236 949 4283 est.
979 4228 1131 4292 Quod
1166 4238 1223 4285 et
1255 4228 1510 4286 Salomon
1543 4229 1622 4285 ait
1655 4247 1668 4285 :
1711 4248 1729 4281 ι
1771 4229 1842 4283 Da

247 4334 471 4395 partem
505 4334 734 4392 septem,
760 4337 974 4378 necnon
1004 4333 1059 4376 et
1082 4330 1203 4377 octo
1222 4321 1289 4390 ⁷⁸,
1321 4340 1341 4374 ι
1374 4334 1621 4377 octavam
1652 4337 1847 4379 uetans

248 4420 504 4477 futuram
562 4416 709 4470 illam
764 4425 817 4469 et
866 4415 1255 4471 immortalem.
1305 4416 1516 4482 Quibus
1570 4416 1842 4479 decursis,

1957 544 1974 574 ι
2009 524 2397 581 Prmdicabitur
2424 525 2521 580 hoc
2552 526 2897 595 Evangelium
2928 525 2979 578 in
3013 524 3264 579 IIDIVBNO
3293 526 3445 588 orbe,
3473 525 3526 577 in

1953 617 2323 671 testimonium
2384 616 2636 671 Omnibus
2690 618 2940 687 gentibus
2996 633 3011 669 :
3069 626 3121 670 et
3169 624 3299 671 tunc
3346 619 3525 671 veniet

1950 709 2444 764 consummatio".
2504 728 2522 761 ι
2579 707 2718 775 Quin
2781 709 2834 762 in
2885 723 2980 761 vos
3036 723 3279 777 quoque,
3324 709 3411 778 qui
3472 715 3529 763 ut

1953 801 2299 867 beneﬁcium,
2332 802 2427 858 sed
2462 816 2648 856 revera
2682 815 2886 855 meram
2919 810 3149 870 pestem,
3179 802 3527 869 exspectatis,

1956 894 2122 951 multa
2160 894 2367 948 atrocia
2406 894 2548 958 edet,
2581 897 2702 948 chm
2736 893 2823 945 vix
2870 892 3083 947 tandem
3120 892 3527 959 resipiscentes,

1953 994 2247 1041 nostratem
2284 987 2472 1052 Deum,
2500 1002 2685 1041 verum
2714 985 3013 1049 Christum,
3044 984 3310 1055 supplices
3338 986 3532 1040 adora-

1956 1089 2066 1133 tum
2105 1081 2357 1143 venietis,
2392 1091 2443 1134 et
2480 1095 2574 1149 per
2612 1078 3038 1148 regenerationis
3080 1078 3354 1133 lavacrum
3392 1077 3533 1132 lilio-

1921 1238 1928 1243 _
1953 1188 2070 1226 rum
2097 1173 2186 1227 Dei
2217 1173 2563 1240 adoptionem
2592 1172 2886 1239 recipietis,
2911 1182 2961 1223 ut
2988 1180 3041 1223 et
3071 1171 3231 1223 Isaias
3258 1179 3523 1226 testatur:

1959 1283 1977 1319 σ
2036 1266 2169 1320 Cum
2219 1266 2497 1335 plenitudo
2545 1266 2786 1335 gentium
2839 1265 3143 1328 intraverit,
3178 1275 3304 1317 tunc
3350 1264 3527 1318 omnis

1954 1359 2121 1413 Israel
2165 1360 2550 1415 salvabitur".
2586 1376 2605 1410 ι
2653 1358 2769 1424 Qua
2814 1359 2881 1412 de
2918 1374 3079 1412 causa
3117 1368 3387 1412 veterator
3421 1374 3531 1427 prae

1952 1450 2166 1508 caeteris
2198 1467 2256 1506 se
2293 1451 2568 1506 crudelem
2602 1452 2752 1505 vobis
2786 1451 3064 1520 praebebit,
3096 1453 3183 1519 qui
3217 1466 3323 1505 non
3357 1452 3530 1507 solum

1952 1545 2075 1599 aliis
2123 1544 2374 1599 omnibus
2422 1543 2548 1599 odio
2598 1544 2695 1608 sit,
2745 1544 2839 1599 sed
2890 1544 3051 1598 etiam
3103 1544 3276 1598 vobis.
3325 1543 3421 1609 Qui
3477 1553 3534 1598 ut

1955 1652 2135 1707 regem
2167 1647 2222 1692 et
2254 1635 2575 1692 benclicium
2610 1636 2895 1691 venturum
2930 1635 3246 1705 pnestolati,
3279 1636 3530 1690 damnata

1954 1728 2215 1798 ﬂagitiosa
2271 1728 2687 1790 inhumanitate,
2725 1728 2867 1782 illico
2920 1729 3191 1793 resilietis,
3229 1730 3297 1789 ad
3342 1743 3529 1782 verum

1950 1820 2251 1884 Christum,
2286 1819 2370 1873 cui
2418 1819 2644 1889 gloriam
2693 1819 2962 1886 tribuatis,
2994 1818 3316 1875 conlinxuri.
3350 1811 3534 1887 Neque

1957 1929 2089 1970 vero
2123 1913 2224 1967 alia
2262 1912 2435 1982 gratia
2469 1912 2647 1966 dirum
2686 1911 2921 1966 hominis
2957 1921 3257 1967 monstrum
3292 1922 3378 1967 est
3409 1927 3535 1967 ven-

1949 2014 2152 2069 turum,
2187 2004 2289 2059 nisi
2330 2005 2398 2059 ob
2432 2002 2712 2058 hominum
2747 2003 2967 2068 delicta,
3002 2018 3111 2071 quo
3142 2019 3235 2057 eos
3267 2012 3532 2066 vexet,-et

1948 2111 2107 2153 outne
2138 2097 2391 2152 vitiorum
2422 2113 2592 2166 genus
2624 2095 2872 2160 invehat;
2910 2104 3159 2151 caeterum
3194 2111 3360 2150 annos
3393 2098 3531 2149 duos

1949 2205 2070 2246 cum
2100 2189 2323 2246 dimidio
2347 2189 2436 2243 ubi
2471 2206 2648 2244 rerum
2683 2192 2937 2258 potietur,
2959 2190 3425 2245 exterminabitur.
3452 2187 3526 2244 Ea

1948 2296 2170 2355 quoque
2203 2284 2592 2353 prophetarum
2626 2284 2869 2337 doctrina
2901 2292 3001 2338 est.

2530 2416 2761 2473 CAPUT
2802 2418 2966 2474 XLII.

2392 2532 2467 2588 De
2497 2533 2811 2588 Antichristi
2840 2534 3087 2600 adcenlu.

2017 2648 2259 2705 Danielis
2302 2648 2516 2719 quidem
2559 2648 2624 2701 de
2666 2663 2729 2702 eo
2772 2648 2885 2702 hrec
2928 2659 3051 2701 sunt
3085 2649 3245 2702 verba
3284 2666 3297 2703 :
3340 2650 3531 2705 Veniet

1945 2743 2212 2812 impostor
2258 2752 2311 2796 et
2360 2743 2759 2807 calumniator,
2813 2760 2830 2791 ι
2885 2740 2958 2794 Et
3000 2751 3221 2797 sanctos
3269 2740 3526 2798 Altissimi

1946 2845 2193 2892 conteret
2227 2852 2243 2891 :
2271 2848 2326 2890 et
2358 2836 2569 2905 putabit
2597 2837 2737 2905 quod
2772 2831 2941 2903 possit
2966 2841 3179 2890 mutare
3212 2847 3450 2905 tempora
3478 2847 3531 2890 ct

1943 2929 2112 2997 leges,
2140 2936 2193 2983 et
2227 2927 2511 2984 tradentur
2543 2928 2595 2980 iu
2633 2942 2792 2980 manu
2830 2926 2946 2996 ejus
2985 2941 3155 2996 usque
3190 2927 3252 2979 ad
3292 2937 3524 2997 tempus,

1940 3029 1997 3077 et
2032 3028 2274 3089 tempora
2315 3029 2371 3076 et
2417 3019 2702 3074 dimidium
2748 3018 3090 3087 temporis".
3127 3038 3146 3072 ›
3197 3020 3271 3075 De
3319 3019 3527 3077 vafritie

1871 3152 1915 3210 ε
1947 3125 2127 3169 autem
2161 3112 2305 3169 illius
2335 3113 2577 3183 loquitur
2598 3110 2863 3167 Ieremias
2900 3131 2913 3166 :
2959 3130 2977 3164 ι
3017 3110 3288 3166 Clamavit
3316 3115 3526 3184 perdix,

1952 3206 2300 3279 congregavit
2332 3222 2451 3277 quae
2487 3222 2593 3261 non
2628 3208 2830 3276 peperit
2870 3222 2884 3259 :
2920 3205 3124 3260 faciens
3153 3205 3369 3261 divitias
3401 3222 3528 3262 suas

1948 3317 2054 3356 non
2100 3315 2222 3353 cum
2265 3295 2473 3371 judicio
2514 3316 2528 3353 :
2578 3300 2630 3353 in
2676 3297 2901 3355 dimidio
2945 3296 3153 3352 dierum
3200 3298 3318 3368 ejus
3358 3301 3528 3356 relin.

1946 3402 2114 3464 queut
2140 3407 2288 3460 eum,
2313 3404 2369 3449 et
2400 3395 2451 3447 in
2489 3392 2799 3447 novissimis
2832 3395 2943 3447 suis
2975 3393 3077 3447 erit
3110 3392 3460 3461 insipiens".
3500 3412 3516 3443 ι

1948 3485 2093 3541 Idem
2127 3502 2343 3542 rursum
2375 3502 2391 3543 :
2434 3504 2450 3537 ι
2487 3483 2802 3540 Maledictus
2848 3484 3041 3549 homo,
3077 3486 3167 3555 qui
3214 3483 3434 3553 conlidit
3476 3484 3527 3537 in

1947 3578 2195 3647 homine,
2240 3589 2293 3634 et
2349 3578 2497 3647 ponit
2547 3594 2763 3632 carnem
2818 3575 3100 3632 brachium
3158 3592 3349 3643 suum,
3394 3586 3448 3633 et
3501 3592 3529 3631 a

1950 3675 2179 3731 Domino
2222 3674 2425 3729 recedit
2461 3688 2556 3727 cor
2590 3672 2727 3741 eius.
2769 3672 2883 3726 Erit
2922 3673 3064 3725 enim
3110 3670 3263 3738 quasi
3309 3671 3529 3740 myricae

1949 3771 2003 3824 in
2041 3770 2281 3834 deserto,
2316 3775 2369 3821 et
2401 3781 2505 3820 non
2541 3765 2743 3820 videbit
2773 3780 2893 3819 cum
2926 3766 3134 3819 venerit
3166 3763 3397 3827 bonum;
3433 3763 3528 3817 sed

1951 3861 2219 3919 habitabit
2246 3860 2298 3915 in
2335 3859 2579 3915 siccitate
2613 3860 2663 3913 in
2694 3857 2926 3921 deserto,
2958 3858 3008 3910 in
3048 3867 3188 3911 terra
3215 3855 3528 3927 salsuginis,

1948 3966 2003 4011 et
2036 3952 2458 4012 inhabitabili".
2500 3970 2517 4004 ι
2569 3951 2633 4006 Et
2670 3966 2881 4007 rursum
2930 3970 2943 4005 :
2995 3968 3014 4003 ς
3058 3950 3112 4003 In
3160 3948 3251 4003 illo
3289 3959 3531 4019 tempore

1950 4050 2163 4107 dicetur
2193 4047 2389 4119 populo
2422 4046 2548 4101 huic
2580 4055 2635 4105 et
2663 4043 2962 4103 Jerusalem
2995 4058 3014 4099 :
3046 4041 3281 4110 Spiritus
3324 4043 3530 4096 erroris

1948 4142 2002 4197 in
2051 4142 2297 4207 deserto;
2342 4138 2427 4193 via
2480 4138 2601 4194 ﬁliae
2643 4136 2825 4207 populi
2872 4136 3008 4197 mei,
3047 4150 3149 4191 non
3194 4135 3261 4191 ad
3304 4148 3529 4203 purum.

1952 4247 2127 4303 neque
2160 4232 2224 4286 ad
2264 4239 2541 4301 sanetum.
2576 4227 2810 4297 Spiritus
2844 4226 3157 4294 repletionis
3189 4225 3365 4286 veniet
3398 4224 3528 4283 mihi

1949 4328 2016 4385 ab
2049 4328 2153 4383 bis.
2186 4326 2324 4385 Ecce
2355 4324 2507 4394 quasi
2541 4324 2712 4380 nubes
2746 4322 3023 4385 ascendet,
3052 4332 3104 4376 et
3134 4320 3287 4389 quasi
3325 4328 3529 4387 tempe-

1949 4430 2061 4473 stas
2097 4432 2291 4473 currus
2320 4415 2454 4483 eius,
2508 4415 2805 4472 velociores
2839 4413 3035 4484 aquilis
3067 4414 3187 4481 equi
3222 4413 3336 4479 ejus
3370 4428 3383 4464 :
3420 4424 3522 4465 vox

247 4510 486 4564 exsistet
518 4507 660 4566 [teda
693 4506 928 4561 hominis
960 4507 1096 4573 lues,
1126 4506 1275 4570 illex,
1299 4519 1355 4560 et
1382 4507 1663 4576 impostor,
1686 4522 1843 4576 quem
1879 4502 1921 4569 Ι)
1952 4512 2095 4567 enim
2138 4508 2509 4580 annuntiantis
2540 4523 2570 4561 e
2607 4506 2721 4561 Dan
2756 4506 3020 4561 veniet”.
3057 4523 3075 4557 ι
3119 4502 3182 4556 Et
3214 4502 3319 4557 alio
3356 4506 3471 4559 loco
3510 4520 3524 4555 :

250 4618 355 4659 vos
381 4600 662 4658 Christum
695 4611 859 4669 atque
883 4614 1061 4671 regem
1093 4581 1619 4670 perhibetisNeniét
1639 4610 1840 4666 autem,

249 4712 365 4751 non
409 4706 466 4751 ιιι
498 4709 651 4751 meus
685 4694 944 4752 Servatur
979 4702 1142 4764 atque
1182 4693 1359 4759 Deus,
1412 4696 1741 4765 redemptor,
1774 4709 1839 4748 ac

248 4788 451 4852 salutis
493 4789 685 4842 vindex
741 4788 1024 4851 humanae;
1078 4790 1173 4842 sed
1230 4795 1389 4852 teter,
1436 4796 1488 4841 et
1536 4786 1836 4850 infaustus,

247 4880 621 4945 calamitates,
653 4894 936 4950 angorem,
967 4882 1105 4935 mala
1132 4878 1336 4943 omnia,
1367 4889 1421 4933 et
1450 4879 1699 4934 miserias
1731 4889 1840 4933 tra—

250 4975 422 5031 hens.
454 4973 587 5028 Nam
627 4974 763 5027 adeo
796 4974 1209 5028 simulacrorum
1247 4973 1448 5027 cultum
1484 4988 1589 5028 non
1626 4988 1843 5043 compe-

250 5076 402 5131 acet,
429 5074 524 5121 aut
551 5068 617 5119 ad
648 5065 739 5120 Dei
778 5066 1025 5124 notitiam
1062 5075 1251 5137 gentes
1284 5066 1536 5129 adducet,
1567 5072 1624 5118 ut
1657 5074 1846 5120 contra

250 5168 311 5213 et
352 5172 600 5214 errorem
646 5158 945 5228 publicare,
981 5168 1034 5212 ct
1080 5166 1236 5228 aptos
1285 5155 1375 5210 Dei
1418 5156 1620 5211 notitiae
1657 5172 1846 5212 omnes

252 5260 477 5319 nactus,
507 5250 574 5314 ab
605 5265 667 5306 ea
702 5251 993 5306 demovere
1031 5252 1101 5307 sit
1131 5234 1451 5307 conaturus.
1485 5252 1842 5317 quemadmo-

232 5395 236 5398 ἠ
328 5430 376 5461 ⁸⁷
405 5428 605 5484 Thren.
643 5426 807 5489 tv“.

250 5500 304 5534 "
338 5498 521 5554 Eccle.
548 5514 624 5564 xl,
646 5498 701 5551 ἓ.
810 5499 854 5531 ’³⁸
881 5498 1066 5553 Matth.
1094 5514 1243 5563 XXIV,
1266 5500 1353 5554 14.

883 5427 1193 5482 “ibim”.
1237 5426 1282 5459 ον
1309 5428 1438 5484 ibid.
1470 5430 1554 5482 Π.
1596 5428 1641 5461 ὀ
1670 5428 1811 5484 Psal.
1838 5443 1986 5487 mx.
2015 5429 2068 5485 1ο

1464 5502 1511 5533 ⁷⁸
1540 5500 1644 5554 Isa.
1671 5517 1782 5565 ιιι,
1804 5498 1907 5567 2ος
1943 5498 2104 5554 Rom.
2126 5515 2205 5565 xt,
2226 5498 2317 5551 25.

1953 4621 1973 4656 ι
2008 4603 2055 4658 Α
2086 4604 2198 4661 Dan
2228 4603 2442 4659 auditus
2476 4610 2556 4658 est
2589 4599 2833 4655 fremitus
2869 4613 3127 4669 equorum
3161 4596 3299 4665 ejus,
3334 4611 3530 4650 avoce

1946 4697 2253 4752 hinnituum
2307 4703 2669 4765 pugnatorum
2723 4691 2843 4760 ejus
2896 4698 3164 4745 commota
3216 4696 3300 4743 est
3347 4689 3528 4743 oumis

1945 4796 2088 4845 terra
2129 4806 2143 4843 :
2176 4798 2232 4843 et
2255 4795 2518 4841 venerunt
2543 4796 2594 4839 et
2622 4785 3024 4840 devoraverunt
3058 4790 3363 4845 terram,et
3402 4779 3523 4849 ple-

1956 4883 2252 4938 nitudinem
2280 4880 2397 4948 ejus
2422 4896 2436 4933 :
2460 4879 2648 4934 urbem
2672 4888 2724 4933 et
2748 4878 3077 4933 habitatores
3101 4875 3299 4949 ejus“.
3328 4892 3346 4925 ι
3372 4873 3529 4939 Quae-

1954 4973 2180 5029 rendum
2220 4983 2409 5026 verum
2458 4978 2561 5033 est,
2600 4983 2698 5023 cur
2744 4968 2829 5037 hic
2880 4966 3142 5036 propheta
3188 4963 3344 5034 hujus
3387 4963 3523 5027 Dan,

1956 5081 2062 5122 non
2094 5064 2284 5130 semel,
2313 5065 2407 5118 sed
2452 5062 2535 5118 his
2569 5062 2830 5117 meminit.
2862 5058 3005 5113 Cur?
3035 5058 3107 5111 Ex
3143 5056 3285 5111 tribu
3318 5054 3452 5119 Dan,
3475 5062 3529 5107 et

1948 5158 2164 5223 ludam,
2194 5165 2247 5212 et
2280 5154 2674 5209 Antichristum
2721 5151 3049 5221 prodituros.
3081 5148 3264 5217 Itaque
3295 5146 3362 5202 de
3393 5145 3528 5198 Juda

1952 5257 2063 5308 haec
2103 5261 2228 5305 sunt
2261 5248 2476 5305 Israelis
2512 5248 2674 5304 verba
2723 5263 2738 5301 ;
2789 5263 2807 5297 ι
2841 5241 2965 5298 Erit
3002 5243 3114 5296 Dan
3156 5253 3383 5308 serpens
3399 5236 3523 5291 ⁸³.)

2145 5424 2627 5485 "Thren.tv,I7.
2704 5421 3131 5487 "ibid.I6,18.
3208 5420 3255 5452 ⁷³
3279 5419 3409 5474 ibid.
3435 5418 3525 5473 εξ.

2419 5497 2465 5529 "
2492 5496 2630 5550 Dan.
2654 5509 2751 5560 vn,
2774 5492 2866 5549 25.
2964 5495 3009 5527 ’⁸
3028 5493 3229 5549 Jerem.
3256 5506 3390 5557 xvn,
3432 5492 3520 5545 lt.

252 5568 301 5605 "
328 5570 465 5626 ibid.
488 5570 542 5632 ὅ,
568 5569 620 5626 6.
696 5570 743 5603 '°
765 5570 967 5640 Jereut.
994 5584 1066 5645 tv,
1090 5570 1179 5637 tt,
1206 5569 1293 5624 l2.
1369 5570 1411 5603 ⁸¹
1436 5568 1637 5626 Jerem.
1664 5587 1778 5639 vui,
1806 5572 1844 5623 lt

1966 5571 2013 5603 "
2036 5570 2171 5631 Gen.
2194 5583 2337 5635 xux,
2364 5567 2449 5622 t7.

332 5731 452 5801 (36)
483 5731 539 5784 Id
572 5740 674 5795 est,
703 5730 1029 5799 evangelica:
1064 5731 1367 5801 doctrinae;
1399 5745 1559 5785 omne
1589 5741 1765 5786 autem
1800 5731 1852 5786 id
1948 5728 2041 5791 'sit,
2074 5739 2256 5784 manat
2296 5738 2349 5783 et
2380 5727 2643 5801 decurrit,
2678 5727 2863 5796 gratiae
2903 5734 3134 5798 tempus,
3159 5702 3527 5780 ecclesiastici

260 5798 485 5873 tempus
511 5802 654 5874 quod
687 5817 715 5855 ι
745 5798 987 5870 Christo,
1011 5802 1103 5873 qui
1131 5798 1382 5858 Mosaici’s
1411 5802 1605 5874 ritibus
1632 5818 1853 5859 succes-

1950 5803 2243 5872 scriptores
2269 5814 2467 5869 vocare
2491 5798 2717 5871 solent._
