3788 6196
453 259 555 327 871

1645 258 2077 323 ANDBONICI
2118 257 2462 325 COMNENI
3568 271 3656 334 87‘!

457 381 533 434 De
557 379 893 435 Anticltristo
924 378 1112 432 scribit
1139 375 1401 434 Jcrcmias
1440 395 1452 431 :
1495 396 1510 428 t
1553 375 1661 431 Vox
1697 379 2020 432 aununtiau-
2047 391 2095 443 Α
2199 375 2292 432 Vir
2326 379 2542 447 quidam
2579 377 2951 446 Christianus,
2983 380 3306 450 parentibus
3345 389 3395 432 et
3424 383 3578 436 atavis
3605 387 3661 438 ab

456 479 524 532 tis
551 492 580 529 e
608 477 718 530 Dan
751 472 1009 527 veniet“.
1048 490 1066 524 ι

524 564 643 621 Jam
678 567 742 619 de
777 562 1110 616 administris
1141 576 1358 632 quoque
1392 559 1545 615 Isaia:
1587 570 1664 615 est
1697 561 1968 615 sententia
2003 576 2020 614 :

461 679 480 712 ι
523 658 622 725 Qui
659 657 855 728 paratis
889 656 1115 709 daetnoni
1153 669 1416 717 mensam,
1447 663 1500 708 et
1531 653 1764 723 impletis
1799 652 2024 708 fortunae

453 753 748 826 potionem,
785 765 972 803 omnes
1016 749 1066 802 in
1099 750 1418 803 tnactatione
1444 746 1722 804 cadent“.
1751 765 1770 800 ο
1808 747 1874 802 Et
1900 762 2024 801 rur-

456 862 573 900 sum
609 862 622 896 :
663 861 680 894 ί
715 842 1184 896 Exacerbaveruut
1215 839 1471 910 Spiritum
1507 851 1781 905 sanctum;
1813 851 1866 891 et
1897 853 2024 893 ccu-

456 952 644 991 versus
675 943 757 988 est
785 933 862 986 eis
897 932 949 985 in
981 932 1314 987 inimicitiam
1335 930 1403 984 ⁸⁸.
1437 948 1453 981 ι
1497 928 1569 983 De
1601 929 1816 983 interitu
1845 939 2023 982 autem

457 1030 618 1099 hujus
645 1029 950 1099 perduellis,
982 1025 1122 1084 idem
1160 1026 1427 1079 memoria:
1463 1021 1695 1093 prodidit
1731 1040 1744 1076 :
1790 1041 1808 1073 ι
1849 1021 1904 1075 In
1939 1023 2029 1076 die

457 1124 546 1177 illa
577 1122 792 1176 inducet
816 1120 1073 1174 Dominus
1101 1118 1335 1190 gladium
1390 1130 1632 1173 sanctum
1654 1124 1707 1169 et
1731 1131 1978 1185 magnum
2010 1129 2024 1168 :

459 1227 515 1270 et
552 1215 845 1268 extendens
891 1227 1105 1267 manum
1151 1219 1333 1264 contra
1378 1209 1686 1273 draconem,
1720 1217 2026 1276 serpentem

461 1317 797 1369 tortuosum,
854 1303 1062 1359 occidet
1120 1301 1378 1356 Dominus
1439 1313 1616 1354 cetum
1683 1298 1770 1370 qui
1837 1308 1918 1352 est
1973 1298 2026 1352 in

461 1400 594 1452 mari
613 1398 678 1452 ⁸⁸.
724 1415 742 1449 ι
792 1395 855 1448 Ει
906 1395 1068 1450 David
1113 1395 1177 1451 de
1217 1409 1343 1448 vero
1389 1392 1605 1447 Christo
1652 1412 1664 1447 :
1713 1411 1732 1443 t
1786 1391 2025 1445 nemini-

462 1500 682 1546 scentur
711 1501 770 1544 et
794 1497 1175 1545 convertentur
1208 1488 1273 1540 ad
1313 1486 1594 1540 Dominum
1629 1485 1863 1540 universi
1897 1484 2031 1538 fines

469 1595 624 1638 terrae
657 1600 670 1636 :
706 1591 757 1636 et
786 1580 1081 1636 adorabunt
1112 1579 1163 1634 in
1196 1589 1487 1648 conspectu
1514 1576 1630 1645 ejus
1661 1577 1926 1632 universte
1953 1575 2034 1630 fa-

463 1675 624 1730 miliae
658 1673 978 1745 gentium".
1017 1691 1034 1724 ι
1069 1671 1254 1726 Videte
1287 1682 1340 1724 ttt
1374 1669 1576 1724 nullum
1606 1684 1825 1736 regnum
1862 1682 2031 1736 usque

463 1769 528 1821 ad
565 1775 932 1835 exspectatum
965 1780 994 1818 a
1025 1766 1177 1817 vobis
1207 1763 1408 1819 rabula:
1439 1763 1726 1815 adventum
1763 1761 2033 1828 relinqne-
2067 1745 2106 1802 Β

463 1865 569 1920 tur,
597 1858 722 1927 quin
757 1855 1029 1912 Christum
1057 1871 1241 1909 verum
1278 1853 1440 1907 Deum
1473 1865 1805 1908 veneretur:
1841 1870 1860 1904 ί
1894 1853 2029 1919 Quia

460 1951 670 2006 Domini
715 1960 798 2003 est
839 1962 1097 2018 regnum,
1132 1960 1185 2002 et
1220 1949 1334 2018 ipse
1369 1949 1738 2003 dominabitur
1769 1949 2030 2016 gentium.

463 2039 925 2094 Manducaverunt
996 2046 1048 2091 et
1122 2038 1483 2092 adoraverunt
1553 2051 1742 2091 omnes
1810 2035 2032 2105 pingues

463 2139 618 2183 terrae
640 2127 708 2181 ⁸⁸.
755 2146 774 2181 ι
833 2127 1062 2197 Pingues
1111 2126 1196 2180 hic
1247 2127 1457 2195 piorum
1510 2136 1717 2181 mentes
1766 2124 2031 2195 appellat;

460 2237 578 2288 qua:
604 2230 658 2274 et
683 2221 930 2275 volucres
961 2229 1086 2273 sunt
1115 2219 1248 2289 (57),
1275 2219 1568 2274 secundum
1601 2219 1792 2288 legem,
1820 2218 2032 2271 virtuti-

458 2315 558 2368 bus
591 2330 607 2368 :
637 2328 753 2380 quae
783 2311 1001 2368 Christo
1031 2313 1323 2388 supplices,
1356 2311 1470 2381 ejus
1505 2322 1557 2366 et
1587 2326 1802 2366 sacrum
1835 2326 2031 2380 corpus

458 2407 684 2475 epulata:
730 2417 878 2467 sunt,
926 2416 979 2458 et
1023 2405 1336 2475 sanguinem
1386 2405 1661 2460 biberunt.
1722 2422 1740 2455 α
1783 2403 1838 2456 1η
1900 2420 2033 2458 con-

459 2508 642 2566 spectu
685 2496 800 2564 ejus
843 2497 1039 2552 cadent
1078 2512 1289 2560 omnes,
1317 2497 1407 2565 qui
1448 2497 1778 2552 descendunt
1820 2497 1871 2550 in
1921 2508 2031 2550 ler-

458 2592 666 2654 nam";
705 2591 914 2644 animos
951 2590 1004 2642 in
1043 2600 1239 2642 terram
1278 2590 1673 2645 descendentes
1706 2599 1882 2654 vocat,
1916 2599 2034 2646 stu-

459 2681 546 2736 dio
595 2695 797 2744 rerum,
834 2693 953 2748 quae
999 2680 1223 2732 materia
1273 2680 1643 2744 continentur,
1678 2679 1904 2743 defixos,
1941 2679 2031 2748 qui

457 2785 582 2827 ame
615 2775 904 2827 adventum
936 2787 1155 2841 quoque
1186 2771 1414 2836 ChriSti,
1444 2787 1507 2826 ac
1535 2771 1900 2846 pmsentiam,
1933 2784 2032 2825 suo

457 2867 612 2935 quasi
673 2868 901 2935 quodam
965 2865 1280 2934 praejudicio
1339 2864 1577 2919 damnati
1638 2864 2030 2920 multabuntur.

463 2977 482 3010 t
527 2956 594 3012 Et
628 2960 809 3012 anima
844 2972 960 3012 mea
1001 2958 1072 3010 illi
1109 2959 1270 3019 vivet.
1304 2968 1357 3011 et
1390 2973 1574 3012 semen
1615 2974 1791 3013 meum
1833 2959 2035 3014 serviet

457 3052 557 3122 ipsi
577 3051 645 3105 '°.
680 3069 698 3103 ι
741 3050 1006 3105 Cuinam‘.’
1044 3048 1238 3106 Genito
1280 3065 1344 3104 ex
1387 3060 1538 3106 utero
1576 3060 1702 3106 ante
1741 3051 2023 3108 luciferum

457 3144 552 3199 Dei
607 3143 780 3212 Filio;
830 3145 917 3213 qui
971 3149 1036 3197 ad
1091 3153 1391 3199 extremum
1451 3144 1762 3199 incarnatus
1822 3155 1904 3200 est
1957 3161 2024 3200 ex

458 3234 678 3306 Virgine
715 3252 730 3292 :
771 3252 902 3300 non,
932 3238 1170 3306 inquam,
1203 3238 1403 3292 serviet
1435 3237 1617 3292 anima
1647 3251 1767 3293 mea
1798 3237 1872 3292 illi
1899 3239 2033 3293 diris

461 3330 655 3384 devoro
698 3331 998 3398 impostori,
1036 3344 1192 3398 quem
1241 3329 1416 3384 medio
1456 3329 1574 3398 ejus
1618 3339 1860 3398 tempore
1902 3342 2027 3399 pru-

459 3423 648 3477 dentes
684 3422 1009 3491 relinquent,
1037 3422 1237 3492 egregii
1273 3421 1528 3476 facinoris
1561 3422 1840 3491 prtcmium
1876 3435 2034 3477 coro-

456 3529 554 3568 uas
581 3514 631 3566 in
660 3514 799 3567 eicio
829 3516 1122 3583 accepturi.

1020 3651 1247 3708 CAPUT
1290 3651 1474 3707 XLIII.

949 3785 1025 3839 De
1060 3788 1345 3857 imaginum
1381 3789 1548 3843 cultu.

533 3895 624 3951 His
658 3906 709 3952 et
744 3897 1009 3955 similibus
1046 3899 1110 3952 de
1146 3900 1347 3964 causis,
1385 3917 1490 3955 non
1531 3902 1856 3968 idololatria,
1887 3907 2031 3976 quod

460 3990 819 4056 existimatis,
857 3991 1139 4058 obeunda,
1175 3993 1270 4045 sed
1324 3993 1408 4062 pie
1456 3995 1780 4066 imaginibus
1826 3998 2030 4053 cultum

457 4090 809 4153 praestamus;
858 4091 939 4134 est
986 4082 1162 4147 enim,
1220 4084 1398 4152 inquit
1445 4085 1645 4152 David,
1691 4104 1711 4138 ι
1771 4086 2033 4144 Mirabilis

465 4173 605 4229 Deus
657 4175 708 4228 in
759 4175 959 4229 sanctis
1003 4173 1197 4229 suis“.
1239 4194 1259 4227 ι
1299 4173 1366 4228 Et
1405 4191 1422 4229 :
1477 4194 1494 4228 ι
1540 4176 1639 4243 Qui
1683 4180 1913 4231 oderunt
1956 4188 2029 4245 te,

461 4268 708 4333 Domine,
744 4269 987 4331 oderam,
1021 4278 1075 4321 et
1117 4282 1279 4337 super
1322 4269 1572 4324 inimicos
1616 4279 1736 4324 tuos
1784 4272 2031 4326 tabesce-

462 4356 668 4412 bam".
699 4375 718 4408 ι
752 4355 884 4411 Nam
922 4367 980 4411 ut
1011 4358 1114 4411 Deo
1145 4357 1339 4411 charos
1367 4358 1620 4428 amplecti
1650 4369 1701 4414 et
1727 4361 1907 4415 colere
1934 4376 2032 4431 par

2129 471 2300 538 Stirpe
2355 470 2655 540 religiosis,
2701 473 2952 541 proxime
2997 471 3304 527 Judzeorum
3362 472 3661 545 Synagogam

2130 560 2434 631 habitabat,
2467 562 2740 635 praecipuo
2788 575 3042 634 tanquam
3084 566 3409 634 patrimonio
3451 568 3664 634 allectus,

2129 655 2403 725 descripta
2449 658 2501 711 in
2550 658 2731 712 tabula
2772 657 3045 712 Dominica
3083 657 3255 729 cfiigie
3293 659 3382 714 Dei
3415 671 3467 714 et
3500 659 3666 716 Serva-

2131 745 2265 805 torls
2309 746 2367 802 in
2414 748 2679 802 vivificam
2721 763 2939 806 crucem
2985 748 3183 816 suffixi,
3215 765 3335 819 qua:
3371 753 3469 804 sub
3508 754 3667 806 aedium

2131 849 2274 896 tecto
2319 839 2569 895 sublimis
2618 841 2906 911 pendebat.
2940 841 3065 896 Inde
3110 857 3229 895 cum
3273 843 3556 911 aliquando
3591 847 3670 898 lni-

2129 945 2292 999 grare
2325 945 2464 1001 opus
2500 931 2747 995 haberet,
2779 941 3064 1003 exportata
3098 933 3300 1001 reliqua
3338 934 3484 988 omni
3519 938 3670 1002 supel-

2131 1023 2334 1088 lectile,
2368 1021 2588 1077 unicum
2637 1022 2783 1076 illum
2832 1023 3072 1079 divinum
3121 1024 3432 1078 thesaurum
3477 1023 3669 1095 effigiem

2134 1113 2465 1181 Servatoris,
2503 1116 2688 1170 nescio
2732 1117 2892 1182 unde,
2925 1128 2977 1170 et
3010 1131 3119 1186 quo
3155 1120 3333 1180 modo,
3373 1119 3546 1170 divina
3577 1119 3674 1189 qui-

2133 1211 2251 1264 dem
2287 1220 2438 1263 certe
2470 1211 2870 1277 procuratione,
2901 1209 3101 1264 oblitus
3129 1209 3442 1277 reliquerat.
3472 1208 3544 1262 Ita
3568 1209 3676 1260 emi-

2132 1312 2322 1370 granle
2370 1302 2492 1368 pio,
2534 1301 2802 1369 extemplo
2853 1302 3168 1371 immigrans
3210 1300 3464 1365 Iudaeus,
3508 1299 3678 1376 aliquot

2135 1405 2258 1464 post
2303 1395 2496 1449 diebus
2545 1410 2727 1448 mensa
2782 1393 3040 1448 instructa
3089 1399 3346 1463 opipara,
3389 1407 3674 1464 congregem

2133 1485 2382 1547 Judmum
2419 1487 2484 1540 ad
2521 1487 2825 1541 convivium
2863 1498 3040 1540 vocat.
3073 1485 3188 1552 Quo
3226 1498 3516 1554 prasente,
3546 1487 3680 1542 simul

2136 1583 2296 1632 ambo
2341 1577 2447 1633 laeti
2498 1577 2703 1646 epulari
2750 1593 2766 1631 :
2814 1592 3045 1646 cumque
3093 1578 3373 1646 epulantes
3427 1593 3517 1646 per
3559 1586 3680 1631 toros

2139 1671 2576 1735 discumberent,
2628 1681 2880 1733 vocatus,
2928 1679 2984 1722 ut
3037 1684 3153 1724 mos
3204 1681 3318 1734 est,
3361 1670 3684 1725 familiaribus

2137 1762 2308 1818 oeulis
2340 1762 2391 1816 in
2448 1761 2648 1816 lectum
2683 1762 2952 1828 sublatus,
2999 1763 3159 1817 amici
3193 1764 3412 1817 domum
3451 1767 3686 1821 curiosius

2139 1858 2623 1924 circumspectare;
2657 1866 2712 1910 et
2736 1856 2850 1909 acie
2879 1857 2931 1908 in
2963 1857 3249 1925 imaginem
3280 1857 3523 1926 conjecta
3543 1894 3558 1921 ,
3583 1871 3685 1910 eum

2136 1961 2278 2013 esse,
2306 1961 2465 2016 quem
2508 1947 2742 2018 majores
2785 1949 2836 2002 in
2877 1964 3093 2004 crucem
3132 1949 3374 2020 egissent
3409 1959 3683 2018 perspecto,

2137 2053 2445 2108 quanquam
2495 2037 2691 2093 ell'erus
2737 2039 2883 2108 jam,
2923 2052 2978 2098 et
3026 2042 3079 2096 in
3135 2043 3388 2097 tetricum
3445 2051 3686 2102 mutatus,

2138 2130 2305 2184 sectis
2337 2145 2473 2200 pene
2503 2146 2569 2185 ac
2599 2133 2771 2203 ruptis
2801 2133 2961 2188 ilibus
2981 2175 2996 2200 ,
3031 2146 3206 2192 tamen
3236 2152 3304 2191 ne
3331 2136 3511 2191 amico
3537 2135 3687 2202 palam

2136 2219 2313 2284 ﬁeret,
2346 2221 2538 2275 iterum
2579 2220 2822 2277 laetitiam
2867 2225 3082 2281 mentiri
3129 2237 3183 2280 et
3224 2227 3449 2295 fingere.
3475 2224 3687 2280 Tandem

2139 2310 2408 2378 impotens
2442 2311 2547 2376 sui,
2577 2323 2625 2364 et
2665 2312 2741 2365 ira
2775 2312 2966 2380 victus,
3003 2315 3144 2384 quod
3179 2317 3445 2374 haetenus
3475 2317 3692 2371 contine-

2137 2399 2248 2468 bat,
2278 2403 2489 2470 aperire
2530 2417 2788 2459 arcanum
2827 2423 2840 2460 :
2881 2421 3078 2461 vocare
3119 2407 3418 2474 hominem,
3448 2420 3500 2463 et
3533 2409 3690 2462 divina

2137 2489 2311 2561 efﬁgie
2366 2493 2534 2562 digito
2599 2503 2849 2562 ostensa,
2901 2511 3089 2567 rogare
3149 2498 3304 2566 cujus
3361 2500 3690 2555 simulacrum

2136 2590 2302 2646 esset,
2327 2599 2396 2639 an
2444 2599 2548 2639 non
2595 2584 2881 2653 Nazareni,
2915 2604 2981 2642 an
3027 2603 3132 2644 non
3173 2588 3407 2657 Galilei,
3437 2608 3505 2645 an
3545 2607 3637 2647 non
3667 2606 3690 2645 ε

2141 2676 2436 2745 majoribus
2475 2679 2620 2733 cruci
2667 2679 2845 2734 aIIixi?
2885 2681 3037 2737 Itane
3077 2683 3240 2738 vero?
3299 2685 3499 2754 inquit,
3551 2683 3696 2739 versi-

2139 2769 2313 2838 peliis,
2342 2771 2432 2836 qui
2467 2772 2564 2824 hoc
2595 2771 2711 2826 loco
2738 2773 2834 2838 sis,
2866 2775 3229 2830 Christianam
3258 2794 3480 2848 quoque
3513 2779 3697 2848 religio-

2140 2871 2257 2909 nem
2291 2857 2478 2911 colas?
2508 2858 2599 2914 llic
2629 2860 2782 2929 inaps
2813 2864 3046 2925 consilii.
3075 2880 3137 2920 ea
3161 2867 3378 2937 quidem
3414 2869 3494 2923 sic
3523 2869 3697 2924 habere

2139 2948 2319 3017 fateri,
2355 2960 2610 3006 cancrum
2646 2952 3051 3012 Christianismi
3087 2960 3296 3014 crimen
3330 2961 3439 3016 sibi
3477 2961 3699 3017 conscire

2142 3041 2379 3109 nullum;
2407 3041 2518 3113 jam
2549 3045 2675 3101 inde
2701 3061 2730 3100 a
2759 3049 2995 3116 proavis,
3017 3061 3072 3103 ut
3095 3051 3206 3119 ipse
3230 3053 3696 3120 nosset,1udteum,

2131 3143 2188 3185 et
2214 3134 2462 3190 llosaicze
2490 3136 2592 3208 legi
2618 3137 2702 3194 vel
2729 3140 2778 3194 in
2808 3139 3076 3197 lanienam
3102 3143 3404 3200 addictum.
3431 3146 3696 3217 Postquam

2135 3240 2261 3280 vero
2310 3229 2558 3284 oratione
2609 3245 2716 3286 non
2768 3235 3080 3301 persuadet,
3120 3235 3187 3290 ad
3238 3253 3439 3307 preces
3491 3240 3698 3308 denique

2133 3333 2437 3375 conversus
2477 3323 2759 3388 obtestari,
2794 3339 2860 3381 ne
2899 3326 3198 3400 Synagogte
3239 3332 3590 3401 patefaceret,
3621 3333 3699 3390 sed

2134 3412 2238 3467 sibi
2283 3413 2383 3468 soli
2431 3413 2683 3473 haberet.
2716 3415 2998 3474 Pollicitus
3032 3436 3183 3491 ergo,
3215 3423 3308 3477 sed
3342 3423 3477 3480 dolo
3510 3435 3563 3482 et
3593 3440 3699 3497 per-

2129 3507 2297 3577 jurio,
2330 3508 2441 3565 abit
2471 3509 2618 3578 inde,
2647 3521 2792 3567 recta
2820 3514 2883 3569 ad
2921 3513 3260 3587 Synagogam
3292 3530 3571 3590 pr0perat,
3599 3536 3700 3592 qua

2133 3612 2188 3656 et
2219 3603 2518 3673 cujusmodi
2553 3620 2662 3673 qua
2693 3607 2908 3674 viderit,
2943 3624 3046 3677 qua
3081 3610 3298 3674 dixerit,
3333 3623 3606 3671 recenset.
3632 3611 3702 3668 Illi

2134 3694 2201 3760 iis
2233 3695 2450 3760 auditis,
2485 3696 2760 3750 furibundi
2797 3699 2863 3753 ad
2895 3700 3038 3755 aedes
3069 3715 3099 3753 e
3132 3701 3360 3770 vestigio
3398 3705 3696 3760 convniant.

2138 3784 2237 3842 Ubi
2291 3803 2412 3858 qua:
2466 3789 2873 3855 intellexerant,
2924 3806 3052 3848 vera
3109 3794 3322 3862 vident,
3370 3795 3615 3865 homini,
3655 3809 3703 3851 ut

2135 3880 2450 3935 Christiano
2495 3883 2724 3947 scilicet,
2761 3882 3012 3949 iiiudunt,
3045 3896 3098 3940 et
3133 3886 3534 3945 subsannatum
3574 3897 3699 3946 coetu

2135 3974 2376 4043 exigunt,
2401 3989 2462 4027 ac
2488 3974 2854 4042 proscribunt.
2875 3975 3042 4032 Porro
3064 3988 3265 4045 autem,
3285 3995 3409 4050 qua
3431 3981 3486 4036 in
3509 3998 3699 4039 sacram

2133 4081 2197 4121 ac
2236 4066 2469 4120 divinam
2503 4065 2741 4135 "efﬁgiem
2787 4069 3102 4136 moliuntur,
3139 4072 3263 4140 quis
3304 4075 3424 4130 sine
3472 4075 3703 4147 lacrymis

2134 4159 2357 4212 narret?
2410 4158 2694 4229 Dereptam
2745 4160 2799 4214 in
2849 4161 3040 4231 primis
3096 4163 3243 4217 humi
3297 4165 3553 4236 alligunt;
3604 4178 3699 4221 tum

2135 4249 2333 4318 quibus
2372 4250 2636 4320 exemplis
2673 4251 2905 4320 majores
2941 4255 3110 4308 vestri
3155 4269 3332 4309 meum
3367 4254 3588 4322 desum.
3621 4258 3695 4311 iis-

2135 4343 2368 4412 demque
2420 4342 2539 4413 ejus
2592 4344 2945 4399 simulacrum
2999 4346 3278 4418 accipiunt
3333 4365 3349 4406 :
3406 4349 3699 4421 insputant,

460 4457 567 4512 est,
597 4448 666 4502 ita
705 4447 926 4504 infestos
961 4451 1197 4502 aversari
1233 4459 1286 4502 et
1318 4450 1515 4505 odisse.
1542 4452 1630 4504 Ait
1659 4451 1857 4523 quippe
1887 4455 2026 4509 idem

2135 4450 2341 4506 pugnos
2383 4445 2437 4490 et
2473 4436 2660 4505 alapas
2706 4437 2979 4504 ingerunt,
3014 4451 3354 4507 scurrantur,
3388 4442 3461 4498 fel
3501 4453 3555 4499 et
3591 4458 3700 4498 ace-

466 4538 734 4610 Propbeta
783 4557 797 4595 :
849 4559 866 4591 ι
920 4541 1047 4595 Mihi
1093 4553 1272 4596 autem
1322 4542 1480 4597 nimis
1526 4543 1861 4599 honoriﬁcati
1907 4553 2040 4601 sunt.

457 4634 618 4688 amici
653 4635 747 4700 tui,
781 4634 918 4689 Deus
936 4634 1004 4688 ⁸³.
1039 4652 1059 4686 ι

1019 4769 1248 4824 CAPUT
1287 4768 1471 4826 XLIV.

458 4877 735 4952 Exempla.
785 4883 888 4938 duo
951 4887 1210 5010 ρενῇιιξὲεΙι
1250 4887 1559 4969 du‘dworum
1627 4889 1682 4943 in
1748 4890 2031 4957 imaginem

1205 4968 1352 5010 ‘mtt.

1205 4975 1352 5010 i718”.

527 5073 709 5143 Beryti
749 5069 836 5144 (ea
876 5070 1005 5127 urbs
1040 5081 1123 5126 est
1159 5087 1265 5127 non
1302 5073 1492 5144 procul
1525 5076 1593 5129 ab
1625 5074 1818 5129 illustri
1845 5075 2034 5130 Antio-

456 5165 602 5236 chia)
655 5165 760 5221 tale
809 5166 1082 5235 quoddam
1132 5166 1375 5223 insolens
1422 5168 1737 5223 miraculum
1787 5169 2033 5240 contigit,

458 5257 760 5326 voluptatis
795 5256 1131 5330 terrorisque
1166 5262 1406 5328 plenum,
1433 5271 1488 5316 et
1518 5262 1658 5332 quod
1695 5263 1883 5318 referri
1923 5278 2034 5318 me-

457 5359 661 5406 reatur.

1089 5536 1134 5567 “
1160 5537 1260 5589 lsa.
1286 5553 1408 5600 va,
1438 5538 1523 5592 11.

1137 5608 1179 5641 ⁹¹
1206 5606 1348 5665 Psal.
1373 5625 1538 5676 van,
1563 5609 1652 5664 56.

532 5533 578 5566 ⁸⁸
603 5532 805 5590 Jercm.
828 5554 901 5598 tv,
929 5538 1013 5592 l5.

463 5605 510 5640 ⁸⁵
534 5607 666 5664 ibid.
743 5608 787 5640 ’°
812 5610 942 5666 ibid.
969 5610 1058 5663 51.

1600 5539 1645 5570 ⁸⁵
1675 5539 1777 5594 lsa.
1801 5556 1950 5604 um,
1978 5541 2063 5595 10.

1728 5611 1772 5641 θ’
1796 5612 1940 5666 Psal.
1968 5628 2194 5678 xxxvm,
2217 5614 2304 5669 21.

2138 4540 2248 4580 tum
2281 4527 2590 4598 propinant.
2618 4526 2820 4583 Aderat
2851 4532 3099 4601 spongia,
3131 4548 3230 4586 nec
3263 4534 3455 4588 deerat
3487 4536 3698 4589 arundo.

2137 4619 2318 4675 Ciavis
2348 4634 2540 4675 manus
2586 4621 2856 4691 pedesque
2887 4622 3107 4693 adigunt
3141 4623 3340 4696 (neque
3369 4628 3517 4681 enim
3549 4644 3575 4680 a
3604 4627 3699 4681 cla-

2139 4711 2222 4765 vis
2251 4711 2602 4781 abstinetur),
2636 4712 2808 4780 spinis
2831 4724 3117 4782 coronant,
3151 4715 3306 4773 basia
3341 4731 3370 4771 e
3405 4716 3572 4771 latere
3588 4719 3696 4787 (heu

2142 4800 2478 4873 proﬂigatam
2523 4802 2576 4858 in
2627 4807 2883 4859 extremis
2932 4806 3277 4879 audaciam!)
3311 4811 3627 4881 sanguinem
3654 4819 3699 4863 et

2140 4911 2336 4963 aquam
2373 4897 2608 4965 prolicit,
2641 4912 2760 4966 quae
2792 4914 2876 4952 res
2913 4897 3128 4953 Christo
3161 4902 3364 4955 eultum
3400 4918 3468 4958 ac
3499 4900 3700 4958 celebri-

2140 5000 2301 5043 tatem
2342 4991 2573 5058 paravit.
2607 4991 2744 5044 Nam
2788 5002 3080 5061 conspecto
3123 4993 3314 5062 grandi
3358 5005 3412 5047 et
3451 4997 3701 5048 horrcndo

2139 5081 2423 5146 miraculo,
2457 5091 2740 5152 postquam
2773 5083 3122 5154 scaturigiuis
3154 5085 3395 5155 periculo
3430 5086 3592 5154 facto,
3619 5097 3701 5140 ex.

2138 5173 2360 5244 plorata:
2387 5171 2548 5229 fidem
2581 5191 2666 5229 res
2695 5177 2891 5242 fecere,
2916 5175 3106 5231 morbo
3134 5177 3278 5232 omni
3313 5185 3477 5248 atque
3503 5180 3700 5251 :egritu-

2141 5269 2267 5322 diue
2303 5271 2565 5333 curanda,
2595 5277 2648 5322 et
2681 5271 2983 5323 dmmonum
3022 5279 3194 5323 turma
3233 5273 3420 5341 procul
3460 5273 3697 5332 arcenda,

2144 5361 2199 5417 in
2248 5359 2539 5431 fugamque
2577 5361 2853 5427 vertenda,
2888 5369 2998 5416 toto
3045 5359 3246 5431 animo,
3277 5371 3387 5418 tota
3429 5375 3607 5421 metite
3641 5363 3698 5417 ad

2172 5543 2348 5598 "Isa.
2373 5558 2538 5607 xxvrt,
2568 5545 2618 5599 1.

2712 5546 2758 5580 ⁸⁷
2779 5545 2924 5606 Psal.
2951 5563 3062 5618 xxi,
3085 5549 3178 5606 28.

2383 5615 2430 5646 ³⁸
2449 5616 2579 5670 ibid.
2607 5617 2694 5672 17.

3282 5549 3328 5583 ⁸⁸
3350 5550 3485 5610 ibid.
3508 5549 3596 5619 29,
3617 5549 3696 5609 50.

537 5745 653 5820 (‘57)
693 5747 916 5818 Alludit,
948 5749 1161 5819 opinor,
1190 5751 1258 5806 ad
1299 5751 1419 5813 lsai.
1451 5768 1540 5825 LX,
1574 5753 1626 5812 8.
1664 5750 1797 5811 Vide
1831 5754 2160 5826 Nysscnum,
2189 5753 2264 5813 De
2290 5755 2607 5828 virginitate,
2631 5773 2750 5832 cap.
2781 5758 2864 5819 l8.
