4004 6206
194 364 298 427 873

1248 371 1536 434 DIALOG
1547 371 1644 432 US
1672 370 1979 433 CONTRA
2011 373 2100 435 JU
2114 373 2338 435 DrEOS.

3316 381 3425 442 874

177 475 445 532 Christum
479 477 694 543 mutati,
724 478 988 549 quasique
1021 478 1324 546 reformati,
1357 496 1522 538 sacro
1563 482 1743 552 baptio
1774 485 1821 540 Α
1859 478 1998 536 Vere
2035 485 2202 548 enim,
2235 487 2326 555 qui
2369 485 2551 541 animo
2588 485 2656 541 ad
2695 486 3088 559 primogeuium
3128 491 3422 558 exemplar,

179 565 294 623 sino
320 579 446 623 sunt
474 567 675 627 sti'ecti.

247 679 396 735 Talia
428 689 556 735 sunt
585 679 795 738 Domini
831 678 958 735 Jesu
1018 680 1220 753 Christi
1254 681 1530 739 luminum
1565 697 1752 737 aman-

183 769 399 836 tissimi,
427 767 732 840 Unigenitl,
763 768 941 830 Patris
972 770 1157 839 Verbi,
1188 771 1391 841 maiora
1422 773 1750 844 cogitatione

176 875 335 930 atque
379 863 564 919 verbis
601 879 803 920 arcana
849 881 868 921 :
915 873 1196 936 tantopere
1237 865 1307 922 de
1347 866 1604 938 ﬁgmento
1647 880 1750 922 suo

174 956 456 1021 sollicitus.
488 960 761 1015 neminem
795 959 907 1015 vult
933 960 1151 1032 perire,
1187 963 1281 1016 sed
1315 975 1502 1015 omnes
1536 961 1601 1014 ad
1635 961 1746 1016 veri

173 1047 540 1113 cognitionem
571 1051 778 1106 venire.
811 1052 986 1120 Atque
1007 1053 1119 1106 haec
1147 1053 1362 1122 quidem
1395 1050 1602 1122 Beryti.

241 1135 408 1193 Nefas
454 1153 582 1196 vero
624 1144 697 1197 sit
741 1143 968 1198 alterum
1009 1143 1494 1212 Constantinopoli,
1531 1143 1743 1200 urbium

177 1231 403 1296 regina,
425 1233 748 1289 miraculum
776 1236 991 1291 silentio
1015 1238 1315 1308 pratterire,
1333 1251 1455 1291 cum
1479 1239 1746 1307 superiori

173 1329 388 1374 narratu
421 1319 592 1378 nihilo
621 1326 688 1380 sit
717 1325 977 1383 deterius.
1000 1326 1058 1381 In
1086 1326 1317 1398 augusto
1343 1338 1397 1380 et
1424 1325 1565 1384 fama
1597 1330 1740 1386 cele-

172 1412 248 1464 bri
279 1409 378 1466 Dei
409 1411 702 1487 Sapientia
735 1419 932 1488 templo
966 1418 1030 1490 (si
1068 1421 1321 1491 templum
1343 1431 1434 1478 {est
1463 1425 1746 1478 nominan-

163 1502 313 1567 dum,
343 1518 412 1557 ac
440 1520 546 1560 non
579 1510 764 1577 potius
793 1508 1021 1565 alterum
1043 1511 1104 1566 in
1135 1522 1276 1567 terra
1303 1514 1526 1585 caelum)
1555 1527 1744 1584 puteus

163 1599 267 1656 est,
294 1591 393 1659 qui
423 1592 568 1648 aliud
601 1596 758 1663 nihil,
784 1612 944 1667 quam
977 1603 1119 1671 quod
1149 1610 1252 1669 est,
1283 1615 1476 1672 puteus
1504 1607 1698 1662 dicitur
1725 1626 1741 1664 :

163 1681 542 1749 epistomidem
584 1687 769 1745 ferens
812 1691 957 1760 ejus,
987 1693 1056 1747 ad
1098 1708 1258 1764 quem
1304 1696 1586 1764 sapientia:
1615 1715 1746 1769 pro-

163 1775 417 1843 fundum,
453 1776 875 1838 immortalitatis
910 1783 1051 1848 l'ons,
1085 1785 1437 1853 providentia:
1474 1788 1741 1844 inﬁnitum

1855 587 1963 627 non
1996 577 2063 629 ad
2098 576 2364 631 tiucturas
2395 592 2460 634 ac
2492 577 2706 635 colores
2741 583 3042 644 intuentur,
3069 596 3255 636 verum
3303 595 3426 637 ante

1855 668 2052 723 secuta
2092 677 2148 723 et
2181 669 2624 739 iuaspectabilem
2661 670 2830 727 Deum
2860 684 3208 728 venerantur.
3240 672 3426 743 Itaque

1855 757 2088 829 majores
2131 763 2302 818 nostri
2342 763 2654 820 cherubinis
2693 779 2762 819 ex
2805 777 2939 818 auro
2979 763 3146 820 nobili
3197 765 3424 818 materie

1852 854 2226 919 contormatis,
2269 854 2412 911 haud
2456 857 2702 927 equidem
2743 871 2939 913 aurum
2974 856 3287 927 coluerunt,
3325 864 3420 916 sed

1850 944 2201 1012 cheruhiuos,
2234 961 2370 1016 quos
2419 956 2477 1001 ut
2517 949 2758 1003 sanctius
2790 949 3086 1004 sacrarium
3115 950 3420 1021 cingerent,

1851 1035 2150 1093 ﬂuxerunt.
2179 1040 2257 1093 Ac
2282 1040 2350 1094 de
2382 1035 2707 1109 imaginibus
2732 1043 2947 1111 quidem
2974 1042 3253 1112 praeclare.

1921 1148 2280 1214 Quamobrem
2309 1165 2439 1207 vero
2467 1152 2882 1207 circumcisione
2910 1153 3211 1222 repudiata,
3241 1153 3420 1220 bapti-

1847 1251 2001 1296 zatos
2031 1256 2152 1296 cum
2183 1240 2292 1298 Deo
2313 1245 2630 1298 societatem
2653 1243 2983 1299 contrahere
3000 1243 3336 1313 perhibetis?

1916 1351 2246 1414 Cuntsthe
2287 1358 2699 1414 circumcisione
2745 1359 2920 1414 multa
2967 1358 3160 1426 locuti,
3190 1370 3246 1415 et
3285 1375 3422 1433 quoe

1848 1453 2006 1508 modo
2043 1466 2161 1506 eam
2204 1452 2550 1522 repudiemus
2586 1455 2982 1517 demonstrato,
3007 1468 3124 1521 non
3161 1463 3242 1510 est
3275 1456 3419 1525 quod

1844 1544 1914 1598 de
1933 1559 2005 1598 eo
2034 1560 2248 1598 rursum
2278 1543 2594 1600 referamus.
2665 1545 2737 1600 De
2787 1543 3060 1616 baptismo
3111 1559 3240 1602 vero
3278 1547 3421 1619 agite

1843 1635 2109 1705 prolixius
2150 1635 2503 1691 disseramus.
2729 1635 2732 1638 ’

2417 1771 2646 1829 CAPUT
2685 1771 2847 1832 XLV.

158 1864 419 1934 pelagus,
466 1868 854 1927 διιππίιίάειη
904 1874 1204 1943 είιορυιαε,
1253 1893 1449 1947 aqua",
1499 1882 1743 1938 ωυευιιο
1773 1871 1817 1926 Β
1848 1866 1922 1922 De
1944 1869 2204 1937 baptismo
2229 1869 2648 1926 Christianorum
2673 1882 2723 1926 et
2746 1871 2858 1943 ejus
2882 1889 3001 1928 etut:
3017 1873 3424 1932 circumcisione

158 1957 405 2026 petebat,
439 1961 531 2030 qui
579 1978 699 2018 eam
743 1965 902 2020 vellet
943 1965 1010 2020 ad
1056 1964 1158 2020 Dei
1206 1970 1411 2026 notitia
1457 1971 1630 2026 vivam
1679 1989 1744 2029 ac

155 2051 550 2108 scaturientetn
592 2069 789 2124 aquam
843 2059 1147 2124 traducere,
1177 2070 1234 2114 et
1279 2061 1436 2130 quasi
1477 2064 1741 2121 derivare.

161 2136 236 2196 Eo
289 2143 511 2213 piorum
568 2144 858 2202 multitudo
913 2148 1250 2214 continebat,
1306 2149 1523 2207 insitam
1571 2150 1624 2206 in
1679 2168 1744 2207 eo

154 2246 377 2288 sacram
411 2235 515 2289 vim
545 2237 889 2306 percepturi;
919 2248 974 2296 et
999 2240 1163 2296 simul
1187 2242 1281 2312 qui
1314 2255 1475 2311 supra
1505 2243 1744 2300 orienta-

153 2322 255 2378 tem
290 2335 509 2394 portam
546 2327 880 2399 descriptum
914 2331 970 2386 in
1007 2331 1209 2401 tabula,
1245 2343 1301 2390 et
1339 2333 1485 2391 velut
1518 2336 1743 2395 dedica-

155 2427 267 2471 tum
299 2418 530 2488 pictoris
560 2436 721 2474 manu
749 2421 1092 2479 Dominicum
1118 2424 1472 2482 simulacrum
1498 2426 1740 2486 venerari

151 2510 578 2577 contenderent,
599 2527 707 2580 quo
737 2514 955 2569 nomine
982 2515 1157 2584 magis
1183 2516 1344 2572 etiam
1375 2519 1738 2576 confluebant.

151 2596 383 2655 Judaaus
412 2617 541 2656 vero
572 2605 817 2672 quidam,
842 2606 1023 2662 nescio
1051 2608 1347 2678 quomodo,
1371 2604 1484 2664 Deo
1511 2623 1660 2667 cene
1681 2610 1741 2666 id

153 2701 387 2760 agente,
430 2702 488 2746 et
534 2692 650 2762 ipse
696 2695 958 2762 templum
1008 2696 1321 2766 ingressus,
1359 2700 1740 2757 venerabundo

151 2783 302 2838 θηκιί
363 2795 506 2839 (ωιυ
559 2797 885 2856 conspecto,
935 2789 1134 2846 invidia
1187 2802 1392 2859 tactus,
1439 2804 1494 2848 et
1542 2793 1743 2863 quibus

155 2887 343 2940 natus,
380 2888 432 2928 et
477 2892 582 2945 qua
634 2880 888 2946 opinione
932 2879 1078 2936 foret
1125 2884 1358 2952 prodere
1408 2885 1736 2943 stimulatur.

148 2969 293 3036 Quin
356 2969 494 3024 adeo
540 2972 717 3041 prodit
768 2989 1007 3043 quoque.
1051 2972 1190 3029 Nam
1240 2976 1448 3032 caeteris
1497 2991 1529 3030 a
1578 2989 1740 3045 puteo

153 3059 604 3127 discedentibus,
637 3063 783 3120 solus
831 3067 1104 3122 occuitum
1151 3069 1437 3124 transitum
1480 3070 1738 3140 rimatus,

149 3165 444 3224 postquam
483 3170 512 3208 a
557 3171 722 3226 scopo
766 3173 871 3211 non
915 3159 1213 3224 aberravit,
1244 3161 1592 3218 securitatem
1636 3179 1739 3220 na-

149 3252 297 3308 ctus,
339 3245 529 3310 irruit,
564 3259 620 3301 et
661 3250 1027 3319 satrguinariis
1071 3252 1275 3320 oculis,
1309 3253 1525 3320 animo,
1557 3264 1736 3311 iocoue

146 3333 372 3404 igneum
419 3337 653 3404 intuens,
692 3340 867 3408 ignem
911 3341 1148 3410 spirans,
1176 3352 1421 3400 sustento
1461 3348 1517 3401 in
1563 3354 1734 3416 tuatn,

143 3435 360 3482 aeterne
390 3425 532 3495 Rex,
562 3432 850 3498 imaginem
883 3433 1058 3488 cultro
1119 3433 1264 3491 ferit.
1290 3433 1453 3494 Unde
1488 3439 1735 3496 insolenti

149 3517 426 3574 miraculo
467 3525 745 3593 sanguinis
785 3525 904 3579 rivo
945 3526 1246 3596 tleplueute,
1275 3539 1330 3584 et
1365 3543 1651 3600 percussor
1682 3541 1738 3588 et

137 3607 398 3666 divinum
447 3613 617 3667 solum
665 3627 1037 3672 cruentantur.
1072 3617 1166 3674 Ille
1207 3619 1431 3686 laetum,
1468 3633 1528 3676 ut
1568 3639 1734 3693 opor-

147 3704 330 3766 tebat,
365 3720 471 3758 non
507 3709 831 3777 recogitans,
862 3710 956 3763 sed
990 3722 1183 3765 contra
1220 3715 1394 3783 magis
1428 3715 1734 3785 perfurens,

148 3796 465 3850 detractant
491 3799 804 3868 itnaginettt,
833 3801 994 3856 inliso
1020 3803 1197 3859 adhuc
1220 3805 1414 3872 cultro,
1436 3808 1487 3861 itt
1518 3820 1733 3879 puteum

155 3890 469 3957 demergit,
509 3891 623 3959 ipse
663 3907 767 3960 qua
813 3894 974 3962 pedes
1013 3893 1285 3960 terebant,
1320 3899 1446 3953 inde
1484 3901 1725 3972 aufugit,

153 3979 335 4035 latere
374 3996 702 4050 prolterans,
734 3993 791 4038 ut
827 3986 1066 4053 putabat.
1101 3987 1296 4044 Verum
1336 3992 1426 4060 qui
1467 3993 1734 4062 sapientes

138 4088 241 4127 sua
293 4076 539 4142 ipsorum
581 4076 881 4133 calliditate
923 4081 1090 4148 capit,
1123 4082 1283 4151 hujus
1319 4099 1534 4154 quoque
1571 4100 1733 4142 cooao

142 4178 260 4219 tum
316 4165 498 4235 patum
541 4166 701 4224 fecit.
735 4168 873 4223 Nam
916 4187 1039 4226 cum
1085 4174 1349 4245 sanguine
1388 4191 1452 4230 ex
1494 4175 1733 4249 imagine

139 4263 409 4327 ruberet,
457 4262 722 4332 planeque
774 4264 1160 4331 sanguinarius
1205 4268 1424 4335 quidem
1471 4285 1537 4324 ac
1584 4269 1734 4326 vafer

137 4354 362 4422 {ngeret
405 4355 702 4420 neminem,
736 4370 988 4425 egressus
1029 4355 1097 4410 ab
1142 4357 1565 4428 ingredientibus
1605 4361 1731 4418 reli-

139 4448 318 4515 giosis
372 4449 835 4517 comprehensus,
872 4450 1144 4505 homicidii
1190 4451 1518 4521 postulatur.
1562 4453 1730 4526 Negat
1767 4513 1776 4521 ,

2458 1953 2803 2021 comparatio.

1917 2065 2164 2133 Ostendi,
2186 2069 2334 2135 quod
2364 2085 2458 2124 vos
2487 2084 2704 2141 quoque
2732 2086 2768 2124 a
2807 2085 2894 2127 me
2927 2080 3092 2144 atque
3125 2088 3154 2127 a
3192 2073 3420 2130 veritate

1847 2157 2166 2227 suil'ragium
2221 2161 2460 2227 tulistis,
2495 2177 2583 2218 res
2630 2161 2926 2233 Mosaicas,
2963 2164 3068 2220 mei
3104 2163 3418 2222 .Servatoris

1844 2250 2050 2305 Christi
2077 2251 2280 2322 ﬁguras
2308 2254 2569 2321 quasdam
2593 2254 2784 2311 tuisse.
2800 2253 2936 2310 Nam
2965 2258 3416 2327 quemadmodum

1845 2351 2112 2410 praestans
2141 2343 2336 2410 pictor,
2367 2343 2418 2398 in
2447 2345 2642 2413 primis
2673 2345 2966 2414 inumbrat,
3003 2360 3112 2403 tum
3140 2344 3418 2406 crassiore

1843 2436 2089 2506 quadam
2117 2437 2354 2492 tinctura
2407 2451 2473 2492 ac
2501 2436 2782 2492 coloribus
2813 2455 3123 2510 expressam
3155 2443 3267 2498 reti
3301 2441 3415 2500 elﬁ-

1842 2527 1982 2597 giem
2009 2536 2398 2598 repraesentat;
2432 2529 2498 2584 ad
2526 2545 2649 2584 eum
2675 2533 2893 2586 modum
2924 2543 2979 2588 et
3005 2545 3212 2590 natura:
3235 2551 3415 2592 rerum

1839 2619 2019 2676 cumis
2045 2621 2378 2678 architectus
2409 2621 2573 2688 Deus,
2592 2637 2697 2694 per
2733 2622 2934 2679 Mortem
2974 2636 3030 2681 et
3063 2626 3231 2696 legem
3271 2631 3418 2686 velut

1839 2712 2160 2769 deformatis
2199 2729 2322 2785 quae
2361 2716 2464 2770 sub
2501 2716 2732 2788 gratiam
2771 2716 3061 2788 caderent,
3101 2736 3200 2791 per
3230 2721 3414 2779 Jesum

1840 2807 2118 2863 Christum
2162 2822 2335 2877 porro
2384 2823 2491 2863 non
2545 2808 2783 2866 tinctura
2860 2825 2928 2865 ac
2976 2812 3279 2876 coloribus,
3321 2816 3416 2870 sed

1838 2897 2169 2970 evangelicis
2199 2901 2515 2970 ,pratceptis,
2549 2893 2760 2971 spirans
2798 2902 3068 2972 quoddam
3103 2922 3168 2960 ac
3237 2909 3417 2962 viriut

1847 2991 1961 3046 veri
2009 2989 2364 3046 simulacrum
2415 2991 2707 3048 dedicavit.
2750 2990 3021 3048 Caeterum
3071 3004 3130 3050 ut
3169 2996 3228 3050 in
3276 2997 3413 3051 sine

1841 3084 2012 3140 nubes
2038 3093 2091 3139 et
2151 3098 2308 3138 voces
2333 3093 2497 3154 atque
2526 3085 2662 3139 tubae
2695 3083 2786 3140 Dei
2823 3085 2915 3138 ad?
2954 3101 3053 3141 nos
3091 3087 3412 3145 descensum

1838 3176 2044 3248 liquido
2071 3177 2522 3249 designabant“;
2555 3178 2626 3233 ita
2655 3189 2710 3233 et
2733 3177 2835 3232 alia
2867 3178 2994 3234 oIim
3023 3180 3256 3249 plurima
3285 3184 3413 3239 Ser-

1839 3272 2040 3328 vatoris
2069 3275 2173 3327 mei
2199 3271 2640 3342 procurationem
2672 3274 2962 3328 notabant.
2991 3274 3132 3346 Ergo
3171 3285 3326 3347 typos
3356 3291 3412 3332 et

1835 3366 2083 3434 exempla
2128 3365 2362 3430 cernite,
2398 3365 2539 3420 unde
2578 3366 2648 3421 ad
2695 3367 2980 3422 veritatem
3026 3369 3318 3424 ducamiui.
3351 3368 3409 3425 lu

1837 3454 1952 3526 lege
1981 3455 2327 3511 circumcisio
2348 3458 2419 3523 ",
2448 3455 2502 3510 in
2531 3457 2702 3528 gratia
2759 3455 2983 3512 ablatio.
3011 3457 3122 3512 Illic
3153 3460 3411 3528 pellicula:

1835 3558 2204 3616 segmentum,
2239 3548 2330 3604 hic
2358 3551 2560 3618 peccati
2588 3550 2883 3620 depositio;
2912 3548 3017 3605 illic
3043 3550 3411 3610 circumcisio-

1836 3639 1922 3694 nis
1947 3639 2140 3707 culter,
2161 3640 2472 3713 religiosum
2498 3653 2551 3696 et
2578 3641 2935 3714 irreligiosum
2963 3643 3139 3712 palam
3166 3644 3404 3714 faciens,

1837 3733 1921 3788 hic
1951 3733 2248 3806 disciplinae
2274 3735 2420 3790 acies
2457 3745 2660 3789 rectum
2696 3750 2727 3788 a
2756 3750 2929 3806 pravo
2964 3735 3265 3792 dissecans.
3294 3736 3409 3794 Illic

1833 3826 1950 3881 sine
1982 3827 2111 3884 vitio
2147 3842 2319 3898 agnus
2357 3838 2655 3893 mactatus,
2697 3829 2783 3882 hic
2819 3844 2991 3885 casus
3028 3829 3148 3885 sine
3186 3844 3409 3898 [net-cato

1833 3917 2105 3976 Christus.
2141 3918 2252 3975 Illic
2290 3921 2418 3990 agni
2463 3934 2659 3975 cruore
2704 3930 2887 3989 postes
2929 3924 3288 3992 unguntur",
3319 3925 3408 3979 hic

1833 4014 2122 4068 sacriﬁcati
2179 4011 2382 4069 Christi
2445 4023 2674 4083 augusto
2735 4014 2997 4086 sanguine
3051 4016 3294 4073 actiones
3347 4030 3404 4074 et

1833 4105 2118 4177 disciplina
2161 4105 2537 4178 obsignautur,
2567 4107 2625 4163 id
2672 4119 2774 4174 est,
2809 4123 2928 4180 qua:
2971 4109 3024 4163 in
3073 4111 3311 4172 notione.
3348 4124 3406 4168 et

1832 4211 1952 4265 quae
2001 4195 2059 4264 in
2105 4196 2560 4265 contemplatione
2601 4199 2775 4267 posita
2828 4199 2998 4255 virtus
3046 4211 3160 4264 est,
3201 4203 3400 4271 quibus

1830 4289 1983 4360 quasi
2013 4289 2257 4358 quaedam
2287 4289 2658 4345 commissum
2688 4291 2853 4360 posti,
2879 4289 3212 4348 Christianae
3244 4294 3404 4348 disci.

1832 4381 1993 4450 ptime
2030 4382 2172 4436 velut
2210 4381 2517 4452 obligantur
2570 4392 2629 4437 et
2663 4383 3059 4454 componimur.
3086 4385 3201 4440 Illic
3235 4388 3400 4441 durus

1827 4473 2043 4530 Pharao
2077 4472 2344 4530 lsraelitas
2379 4487 2688 4545 oppugnat;
2731 4476 2819 4532 hic
2858 4477 3196 4535 Christianos
3238 4478 3399 4534 Sata-

137 4538 496 4592 hnmicidium
517 4578 531 4601 ,
562 4539 948 4595 Christicidam
987 4543 1130 4596 serio
1165 4557 1223 4598 se
1258 4543 1563 4612 proﬁtetur.
1592 4545 1728 4617 Ejus

1837 4581 1959 4632 uas,
1995 4567 2082 4620 ille
2128 4567 2401 4621 hominum
2450 4583 2580 4622 osor
2628 4579 2795 4637 atque
2841 4569 3175 4628 zizaniorum
3222 4583 3395 4626 sator.

141 4634 220 4685 ττι
251 4630 407 4685 fama
444 4631 629 4684 urbem
664 4645 877 4686 onmem
913 4634 1075 4688 celeri
1111 4635 1194 4689 ala
1226 4650 1533 4706 permensa,
1563 4641 1723 4709 vulgo

135 4724 201 4775 ad
240 4733 468 4792 puteum
509 4725 871 4790 concurritur,
902 4725 993 4780 ubi
1034 4741 1358 4795 convenere,
1389 4729 1650 4787 subducta
1690 4749 1721 4788 e

136 4827 343 4882 puteo,
391 4815 574 4869 adhuc
619 4818 883 4883 sanguine
928 4831 1212 4887 inuitante,
1251 4836 1406 4876 sacra
1455 4823 1718 4894 imagine,

135 4908 374 4976 hymnos
433 4917 489 4960 et
543 4907 780 4962 carmina
837 4909 1134 4977 modulati,
1183 4927 1306 4966 cum
1364 4912 1610 4983 precibus
1665 4925 1720 4970 et

135 4999 400 5068 tacrymis
431 5000 620 5053 eodem
655 5015 761 5070 quo
790 5000 934 5067 ante,
960 5001 1081 5056 loco
1112 5005 1464 5072 suspendunt.
1495 5003 1715 5063 Iudaeus

137 5092 264 5145 tacti
299 5093 870 5161 petiitens,*-pletatem
900 5095 1207 5162 perdoctus,
1236 5096 1302 5150 ad
1331 5096 1714 5168 Christumque

137 5194 430 5250 receptus,
463 5198 586 5237 cum
633 5184 786 5239 omni
831 5185 1256 5256 lautitia,sacro
1295 5191 1714 5260 regenerationis

133 5274 359 5329 lavacro
388 5277 640 5333 aﬂlcitut‘.

207 5389 352 5456 Quid
389 5389 605 5444 dicitis?
647 5391 882 5449 hwccitte
924 5392 1056 5448 satis
1093 5402 1243 5457 sunt,
1274 5411 1340 5448 an
1383 5405 1438 5450 et
1469 5395 1714 5464 pluribus

131 5482 474 5549 argumentis
503 5481 708 5552 egetis?

197 5580 329 5629 Jac.
361 5574 453 5628 Pie
488 5575 812 5645 imaginibus
844 5577 1045 5633 cultum
1076 5579 1321 5648 praestari
1355 5579 1705 5638 conﬁtemur.

1829 4656 1945 4712 Illic
1982 4669 2216 4713 veterem
2251 4656 2551 4714 lsraelitatn
2595 4661 2768 4715 nubes
2808 4663 2874 4713 ad
2920 4672 3231 4716 terrestrem
3269 4664 3395 4719 Ilie-
3476 4715 3479 4719 .

1831 4750 2153 4821 rosolytuam
2202 4750 2417 4814 ductat,
2470 4751 2555 4807 hic
2605 4749 2912 4808 Servatoris
2961 4769 3088 4809 caro
3134 4757 3392 4810 novitinut

1825 4843 2127 4897 Israelitam
2179 4845 2246 4897 ad
2291 4844 2572 4900 cwlestem
2611 4843 2845 4899 .Sioucm
2893 4848 3234 4903 transmittit.
3285 4849 3394 4903 lltic

1827 4936 1978 5005 ignea
2036 4937 2329 5004 columna,
2391 4938 2478 4992 hic
2527 4939 2706 4992 divina
2764 4939 2919 5007 ignea
2972 4950 3192 5002 natura,
3239 4956 3265 4996 s
3300 4957 3395 4995 cer

1730 5055 1748 5074 ο
1821 5026 2082 5099 Spiritus.
2111 5028 2225 5083 illic
2261 5027 2530 5084 Israelites
2573 5046 2720 5085 mare
2761 5029 3003 5086 Itubrum
3043 5049 3386 5102 permensus.

1822 5120 2093 5175 Pharaoni
2140 5121 2591 5175 tumuiisternium
2635 5136 2831 5191 aquam
2881 5127 3234 5193 comparavit,
3272 5125 3388 5194 ipse

1825 5213 2108 5268 interitum
2145 5215 2329 5268 salvus
2362 5213 2579 5284 eﬂ‘ugit;
2615 5214 2704 5270 hic
2738 5215 2934 5270 Christi
2969 5218 3185 5270 nomine
3223 5232 3383 5271 censa

1822 5305 2151 5360 universitas
2204 5321 2297 5376 per
2348 5306 2673 5375 baptismum
2723 5321 2847 5362 cum
2897 5308 3111 5363 Christo
3155 5311 3381 5380 sepulta,

1821 5400 2179 5455 immortalem
2223 5400 2386 5453 vitam
2429 5415 2494 5454 eo
2533 5401 2773 5456 redivivo
2815 5412 3098 5457 consecuta
3141 5417 3239 5458 est.
3271 5404 3383 5462 Illic

1818 5505 1957 5562 aqua
1989 5489 2152 5545 Musis
2185 5490 2452 5560 precibus,
2480 5489 2640 5546 ﬁante
2671 5504 2856 5548 austro
2887 5492 3379 5562 vehementissimo,

1819 5587 2004 5639 dextra
2033 5600 2095 5640 ac
2122 5584 2342 5640 sinistra
2369 5585 2419 5637 in
2453 5601 2662 5639 murum
2688 5586 2992 5653 concrevit;
3023 5585 3113 5640 hic
3139 5585 3370 5659 Spiritus

198 5786 246 5819 ”
275 5781 448 5843 Exod.
473 5786 698 5851 “3,17,
725 5785 808 5843 l8.
879 5787 926 5819 "
965 5787 1100 5844 Gen.
1125 5803 1256 5856 xvu,
1287 5789 1367 5845 12.
1445 5791 1490 5823 ⁸⁸
1512 5788 1683 5848 Exod.
1713 5808 1811 5858 stt,
1838 5791 1886 5858 5,
1913 5792 2000 5848 ‘22.

452 5908 723 5971 Ριιίιοι..
762 5909 878 5971 Gn.
913 5906 1225 5971 CXXXIII.

2835 5913 2909 5978 28
