4004 6206
442 3527 444 3530 ’
541 3557 608 3598 es
673 3541 777 3598 hac

605 363 672 425 75
1773 360 2202 423 ANDRONICI
2248 359 2595 424 COMNENI
3706 366 3791 429 876

574 491 673 550 per
703 489 920 548 aquam,
947 472 1200 532 vitiorum
1235 474 1387 546 quasi
1421 476 1691 547 quoddam
1726 490 1872 531 mare
1908 476 2149 532 Rubrum
2180 493 2222 549 Α
2253 477 2579 547 baptismum
2624 477 2922 547 delinquat,
2953 493 3021 533 nc
3060 479 3333 550 desperet,
3364 479 3624 551 siquidem
3660 482 3791 553 igne.

570 570 627 627 in
677 571 880 625 siccum
933 570 1170 638 redegit,
1219 576 1377 639 rupto
1430 578 1776 640 peccatorum
1835 580 2141 625 nostrorum

561 660 950 733 chirographo.
980 658 1095 715 Illic
1127 660 1276 732 virga
1312 659 1510 715 reﬂuus
1536 660 1711 715 undas
1734 662 1940 731 coegit,
1972 661 2057 729 hic
2088 661 2142 714 in

561 753 812 811 Calvaria
886 753 1061 809 defixa
1105 768 1237 808 crux
1283 751 1548 809 Adatnum
1596 742 1773 808 totum
1811 752 1863 806 in
1907 752 2140 823 priorem

559 847 897 904 nobilitatem
947 846 1183 902 restituit
1229 864 1245 902 :
1296 845 1588 911 Israclites,
1621 846 1724 901 nisi
1774 845 1908 900 mari
1958 844 2141 899 Rubro

559 942 810 1014 trajecta,
848 942 1163 1013 angelorum
1216 956 1356 1011 pane
1402 940 1561 998 vesci
1597 958 1701 997 non
1747 951 1990 1013 poterat;
2042 956 2141 996 nec

570 1050 698 1093 vero
732 1019 934 1092 Christi
972 1036 1222 1105 populus,
1257 1036 1522 1105 sanguine
1552 1044 1607 1091 et
1640 1050 1779 1105 aqua
1811 1035 1929 1089 viva
1962 1044 2139 1105 potest

561 1127 695 1194 frui,
730 1130 833 1185 nisi
876 1120 1221 1200 peccatorum
1265 1130 1429 1183 rubro
1472 1138 1727 1199 tanquam
1770 1137 1903 1182 aestu
1945 1127 2137 1183 defun-

554 1234 674 1280 ctus
691 1220 760 1279 "'.

622 1313 747 1370 Jun.
794 1314 903 1369 Cur
954 1322 1013 1367 ut
1068 1327 1171 1369 nos
1226 1312 1697 1369 circumeisionem
1758 1327 1866 1366 uno
1921 1328 2134 1384 semper

554 1406 792 1472 nomine,
831 1420 984 1474 teque
1026 1414 1076 1461 et
1123 1418 1219 1459 vos
1264 1404 1587 1473 baptismutn
1630 1419 1734 1460 non
1777 1406 2005 1471 vocatis,
2039 1406 2132 1462 sed

556 1498 740 1555 multis
772 1515 834 1553 ac
862 1496 1126 1554 diversis?

632 1593 857 1649 Cnats'r.
893 1591 1153 1662 Expedita
1184 1591 1419 1649 solutio:
1458 1592 1545 1647 illa
1598 1606 1692 1662 per
1735 1609 1899 1647 unum
1948 1593 2130 1649 Mosen

555 1686 767 1754 prodita
802 1694 921 1751 est,
954 1684 1069 1738 luce
1105 1699 1133 1737 a
1168 1683 1362 1749 Patre,
1389 1683 1527 1738 Filio
1566 1694 1621 1740 et
1678 1684 1879 1754 Spiritu
1922 1694 2128 1740 sancto.

554 1777 823 1834 Praeterea
876 1777 1060 1833 multis
1106 1792 1167 1829 ac
1214 1776 1447 1833 diversis
1498 1777 1613 1845 ejus
1662 1776 1716 1831 in
1767 1792 1865 1833 nos
1915 1777 2121 1844 officiis,

2247 582 2431 626 scctur
2474 572 2524 629 ei
2566 574 2731 627 animi
2778 575 2979 639 scelus,
3021 575 3298 641 vitiosum,
3339 575 3575 645 inquam,
3611 579 3793 648 cegita-

2248 670 2382 730 tum,
2409 673 2464 720 et
2494 666 2910 730 consceleratio,
2944 682 3040 736 per
3065 666 3487 723 confessionem.

2318 757 2422 814 Sed
2448 758 2732 815 audiamus
2788 762 2915 829 quid
2954 762 3118 817 Isaias
3150 762 3337 818 dicat:
3366 781 3383 816 ι
3422 764 3606 819 Faciet
3634 763 3792 821 Domi-

2243 872 2343 912 nus
2377 855 2622 913 Sabaoth
2642 856 2895 912 omnibus
2924 858 3173 924 gentibus
3194 873 3355 928 super
3382 868 3610 916 montem
3634 862 3796 928 istum,

2248 950 2477 1005 induent
2523 948 2788 1013 laetitiam,
2836 960 3105 1019 ungentur
3160 960 3459 1021 unguento.
3524 951 3701 1006 bibent
3736 956 3799 1007 vi-

2240 1058 2369 1097 num
2409 1044 2431 1075 ⁸
2464 1061 2480 1109 ;
2536 1060 2555 1095 ›
2611 1042 2791 1113 gaudii
2826 1044 3084 1097 amictum
3134 1042 3400 1114 baptisma
3431 1043 3685 1108 iunuens;
3714 1062 3799 1100 un-

2239 1144 2521 1204 guentum,
2573 1132 2706 1189 illud
2755 1148 2967 1189 sacrum
3000 1150 3109 1205 quo
3137 1135 3392 1203 baptizati
3450 1134 3794 1204 inunguatur;

2238 1227 2445 1291 vinum,
2475 1225 2812 1282 Dominicum
2832 1227 3171 1298 sanguinem.
3195 1225 3258 1280 Et
3284 1242 3497 1280 rursum
3532 1243 3548 1280 :
3584 1247 3599 1278 ι
3639 1227 3799 1283 Abiuet

2241 1316 2499 1372 Dominus
2525 1320 2739 1371 sordem
2766 1316 2998 1373 filiorum
3026 1326 3078 1373 et
3106 1317 3336 1371 filiarum
3363 1318 3407 1371 ’.
3442 1333 3462 1369 ›
3489 1317 3555 1371 Et
3586 1318 3793 1372 iterum:

2244 1430 2263 1462 ‹
2306 1410 2421 1466 Erit
2472 1412 2735 1479 inaquosa
2761 1412 2814 1466 in
2850 1412 3095 1482 paludes,
3134 1421 3189 1466 et
3222 1410 3514 1465 insitiente
3546 1418 3683 1464 terra
3713 1412 3797 1466 erit

2235 1504 2357 1559 fons
2408 1506 2671 1574 aqum";
2729 1522 2751 1558 ι
2806 1505 3064 1575 inaquosa
3118 1514 3173 1558 et
3226 1503 3547 1567 siticuloso,
3589 1505 3795 1575 gentium

2234 1594 2491 1667 populum
2522 1619 2525 1621 ί
2554 1594 2819 1665 appellat;
2865 1595 3067 1650 fontem
3122 1608 3273 1661 vero,
3301 1608 3516 1649 sacrum
3542 1593 3796 1662 baptisma,

2235 1698 2293 1743 ut
2324 1698 2548 1759 apparet
2577 1703 2642 1743 ex
2668 1689 3018 1757 sequentibus
3050 1706 3064 1743 :
3101 1706 3120 1740 ι
3156 1684 3225 1740 Ει
3262 1686 3365 1741 erit
3390 1686 3460 1739 ibi
3493 1686 3574 1739 via
3603 1688 3796 1751 munda,

2232 1790 2286 1836 et
2341 1781 2429 1836 via
2489 1790 2675 1836 sancta
2732 1778 3016 1834 vocabitur
3048 1778 3110 1834 ".
3174 1797 3192 1830 ι
3230 1777 3359 1845 Quae
3406 1778 3525 1833 haec
3581 1787 3662 1831 est
3690 1778 3796 1829 via?

558 1870 754 1925 tnnltas
801 1882 1016 1941 quoque
1065 1883 1130 1924 ac
1180 1869 1419 1924 diversas
1472 1844 1905 1924 nomenclaturas
1962 1878 2123 1939 atque
2153 1844 2201 1907 Β
2233 1872 2553 1944 Evangelica
2578 1871 2882 1945 disciplina.
2906 1870 3022 1926 lam
3056 1887 3151 1943 per
3170 1844 3295 1927 eum
3332 1872 3409 1925 ait
3443 1871 3585 1926 Deus
3618 1888 3633 1924 :
3668 1890 3683 1921 ι
3705 1870 3796 1939 Ego

553 1959 818 2018 beneﬁcia
850 1960 1099 2017 faciams.

1111 2058 1345 2115 CAPUT
1385 2058 1569 2116 XLVI.

648 2151 852 2220 Quibus
884 2151 1009 2206 olim
1040 2153 1339 2207 nominibus
1373 2153 1637 2221 baptisma
1674 2155 2029 2227 designatum.

631 2247 817 2316 Itaque
843 2245 955 2316 (58)
988 2246 1214 2310 donum,
1237 2245 1437 2313 lumen,
1465 2245 1753 2317 baptisma,
1777 2257 2131 2318 unguentum,

551 2339 985 2411 regenerationis
1034 2339 1331 2403 lavacrum,
1371 2339 1797 2397 immortalitatis
1844 2343 2130 2409 amictum,

549 2429 785 2498 signum,
820 2427 1059 2484 breviter
1099 2428 1359 2500 quidquid
1404 2429 1690 2501 augustum
1738 2442 1845 2498 est,
1882 2433 2133 2489 nomina-

548 2536 695 2586 mus,
729 2520 958 2577 vocibus
1005 2534 1037 2579 ο
1078 2518 1468 2592 prophetarum
1517 2521 1757 2596 oraculis
1804 2524 2126 2595 desumptis.

546 2614 756 2671 Donum
788 2613 840 2668 in
869 2602 1079 2685 primis,
1104 2622 1161 2667 ut
1190 2610 1357 2669 Isaias
1384 2609 1583 2671 clamat
1608 2632 1627 2670 ς
1667 2634 1686 2669 t
1720 2612 1925 2673 omnes
1949 2617 2136 2673 sitien-

558 2715 667 2773 tes,
691 2706 872 2763 venite
898 2706 964 2761 ad
992 2720 1160 2777 aquas
1192 2724 1207 2762 :
1242 2715 1295 2760 et
1320 2707 1409 2777 qui
1440 2723 1549 2763 non
1579 2706 1792 2764 habetis
1822 2719 2129 2778 argentum,

554 2807 879 2869 properate,
923 2796 1090 2851 emite
1148 2795 1354 2866 absque
1409 2806 1633 2868 argento
1683 2806 1739 2853 et
1794 2798 1966 2868 pretio
1985 2797 2055 2853 ".
2102 2817 2131 2846 ι

546 2893 751 2949 Lumen
779 2930 796 2957 ,
828 2901 886 2945 ut
915 2888 983 2945 de
1013 2904 1077 2947 eo
1108 2888 1275 2944 David
1306 2888 1563 2959 praedicat
1599 2906 1613 2944 :
1653 2910 1682 2938 ιι
1720 2888 1982 2946 Dominus
2014 2887 2135 2944 illu-

541 2983 767 3040 minatio
824 2997 940 3039 mea
1002 2989 1056 3039 et
1092 2981 1237 3039 salus
1273 2996 1413 3049 mea,
1448 2996 1605 3052 quem
1654 2982 1949 3041 timebo”!
1997 3000 2018 3037 ι
2067 2982 2135 3039 Et

544 3090 757 3132 rursum
794 3090 812 3130 :
850 3093 870 3127 ε
909 3072 1167 3130 Dominus
1196 3072 1462 3129 illuminat
1519 3071 1708 3129 faciem
1736 3074 2071 3145 prudentis‘.
2108 3092 2126 3128 ι

2233 1983 2377 2033 sum,
2435 1980 2536 2039 ego
2591 1964 2851 2034 sum,qui
2912 1963 3063 2019 doleo
3096 1954 3407 2034 iniquitates
3451 1972 3577 2017 tuas
3602 1968 3796 2036 propter

2234 2073 2342 2123 tne,
2380 2067 2433 2112 et
2475 2070 2581 2112 non
2634 2057 2983 2112 recordabor.
3009 2055 3086 2111 Tu
3120 2071 3249 2110 vero
3272 2065 3569 2123 memento,
3597 2066 3652 2117 et
3681 2055 3778 2124 judi

2234 2165 2416 2205 cemur
2439 2149 2597 2205 simul
2619 2150 2713 2204 ι’.»
2736 2146 2799 2202 Et
2815 2136 3016 2203 iterum.
3040 2165 3054 2204 :
3088 2166 3105 2199 t
3135 2146 3285 2203 Dabo
3301 2163 3507 2220 aquam
3556 2149 3607 2202 in
3631 2146 3715 2203 siti
3742 2150 3794 2203 iis

2233 2241 2324 2313 qui
2385 2240 2661 2297 ambulant
2699 2241 2752 2297 in
2796 2242 3057 2312 inaquosa
3093 2258 3107 2296 :
3139 2232 3521 2311 et-itnpouatn
3565 2240 3793 2311 Spiritum

2233 2350 2412 2391 meum
2463 2350 2627 2406 super
2657 2349 2859 2411 semen
2900 2343 3074 2399 tuum,
3134 2343 3187 2391 et
3224 2325 3632 2390 benedictiones
3669 2348 3793 2412 meas

2232 2442 2395 2498 super
2442 2428 2582 2483 Iiiios
2632 2436 2754 2483 tuos
2792 2427 2856 2484 ⁸³.
2898 2445 2917 2479 ›
2950 2424 3275 2482 Etiterum:
3309 2444 3328 2479 ι
3383 2425 3791 2482 Miseratorillo-

2234 2536 2353 2575 rum
2402 2519 2749 2575 tniSerebitur
2815 2519 3052 2586 illorum,
3098 2528 3151 2574 et
3199 2534 3297 2589 per
3339 2520 3521 2574 fontes
3561 2532 3793 2588 aquarum

2237 2617 2391 2669 ducet
2452 2613 2664 2669 illos“.
2715 2632 2733 2665 ι
2768 2612 2919 2679 Quod
2967 2613 3011 2668 si
3070 2610 3377 2668 Iudaeorum
3459 2612 3687 2685 .quidam
3741 2611 3794 2665 d:

2235 2700 2382 2759 Mara
2414 2711 2469 2759 et
2502 2691 2739 2758 fontibus
2770 2703 2824 2758 in
2857 2701 2995 2757 Elim
3034 2701 3101 2767 υ,
3136 2703 3251 2757 haec
3286 2701 3608 2771 prophetam
3638 2701 3792 2757 dicere

2233 2798 2573 2861 existimant,
2633 2788 2744 2851 falli
2792 2811 2849 2852 se
2888 2795 3108 2853 sciant:
3137 2808 3309 2866 neque
3346 2794 3493 2849 enim
3519 2810 3582 2850 ea
3617 2807 3789 2863 tempe-

2234 2899 2397 2955 state,
2442 2890 2535 2946 sed
2562 2888 2730 2945 multo
2758 2898 2879 2961 post
2900 2888 3068 2945 Isaias
3091 2887 3186 2945 fuit
3218 2876 3234 2943 Ξ
3268 2902 3365 2943 nec
3388 2888 3486 2958 qui
3509 2888 3575 2943 de
3598 2897 3793 2956 printer-

2236 2983 2326 3040 itis
2357 2984 2513 3050 dicit,
2547 2984 2805 3053 propheta
2846 2970 3256 3045 habendus'est.
3296 2981 3389 3037 sed
3423 2982 3524 3051 qui
3584 2982 3645 3035 de
3668 2967 3795 3033 rutu-

2236 3074 2331 3143 ris,
2367 3087 2536 3147 quare
2567 3074 2634 3129 de
2674 3074 2949 3143 baptismo
2978 3074 3123 3143 quod
3174 3071 3534 3144 praesagierit,
3561 3070 3789 3134 OStendit.

541 3166 869 3225 Prudentem
916 3165 1140 3223 omnino
1183 3164 1483 3236 appellans,
1511 3166 1603 3237 qui
1639 3166 1743 3222 vim
1779 3167 1917 3223 sacri
1951 3168 2127 3240 hapti-
2151 3208 2193 3269 α
2236 3174 2377 3251 quod
2406 3172 2514 3226 ait:
2545 3190 2563 3223 ι
2584 3168 2773 3236 Ducet,
2804 3188 2825 3223 ι
2852 3185 2955 3226 non
2986 3179 3189 3235 autem,
3217 3170 3388 3225 duxit.

544 3262 734 3318 sinatis
783 3260 1001 3319 calleat.
1046 3258 1331 3331 Baptisma
1381 3273 1509 3315 vero
1556 3260 1777 3329 dicitur,
1815 3272 1874 3317 ut
1917 3260 1971 3316 in
2016 3277 2125 3333 quo

541 3362 763 3424 peccata
817 3352 1185 3420 tumulentur,
1236 3352 1697 3423 quemadmodum
1751 3355 1885 3410 mari
1939 3354 2123 3413 Rubro

473 3477 489 3487 α
541 3446 883 3505 Pharaonem
932 3446 1095 3502 tinxit
1144 3457 1307 3517 atque
1358 3448 1539 3503 obruit
1582 3446 1780 3505 Moses.
1826 3447 2122 3505 Lavacrum

836 3540 993 3597 Isaiae
1054 3540 1324 3598 sententia
1390 3556 1407 3596 :
1481 3558 1501 3595 ι
1568 3540 1888 3609 Lavamini,
1939 3542 2120 3599 mundi

540 3643 716 3690 estote
733 3636 777 3689 '.
814 3650 834 3687 ι
876 3631 1222 3705 Unguentum
1275 3634 1417 3703 quod
1447 3632 1686 3690 ctelestis
1717 3631 2121 3707 Ilierosolymze,

539 3725 818 3797 divinique
856 3726 1010 3797 regni
1059 3724 1301 3781 haeredes
1341 3724 1445 3781 hoc
1490 3724 1696 3782 inuucti
1740 3738 2117 3798 agnoscantur.

540 3818 619 3874 ita
667 3818 813 3873 enim
860 3828 911 3873 et
951 3816 1145 3873 Elisazo
1188 3815 1303 3887 ('59)
1347 3815 1456 3871 vati
1503 3819 1579 3873 ait
1617 3818 1758 3876 Deus
1803 3840 1817 3877 :
1876 3840 1895 3874 ι
1942 3820 2124 3893 Unges

536 3909 790 3966 Elisatum
828 3910 1148 3981 prophetam
1181 3922 1280 3979 pro
1312 3918 1365 3963 te
1382 3905 1428 3963 ³.
1467 3925 1489 3961 s
1527 3906 1955 3968 Immortalitatis
1987 3913 2123 3969 ami-

533 4013 684 4061 ctum
703 4017 958 4060 vocamus
974 4018 1041 4059 es
1070 4016 1138 4059 eo
1163 3999 1361 4058 Psaltis
1389 4001 1523 4074 regii
1557 4004 1770 4059 edicto:
1805 4022 1823 4057 t
1864 4005 2122 4063 Dominus

542 4097 808 4168 regnavit,
841 4098 1091 4153 decorem
1139 4095 1357 4152 Indutus
1404 4106 1489 4153 est
1506 4096 1551 4153 ⁸.
1592 4115 1612 4151 ι
1660 4096 1796 4153 Tum
1841 4106 2019 4154 autem
2065 4110 2123 4156 ut

544 4190 802 4249 ostendat
836 4205 991 4262 atque
1032 4190 1262 4247 amictos
1298 4198 1354 4246 et
1387 4187 1591 4246 Christi
1630 4191 1890 4257 hatredes,
1919 4190 2068 4247 adth
2104 4209 2119 4248 :

543 4306 561 4339 ι
608 4285 817 4341 Etenim
860 4284 1097 4340 Iirmavit
1132 4284 1321 4340 orbem
1368 4293 1547 4349 terrae,
1577 4283 1787 4339 scilicet
1826 4284 1926 4339 hoc
1971 4287 2119 4355 regio

540 4378 775 4444 amictu,
827 4376 920 4447 qui
976 4391 1083 4433 non
1136 4376 1623 4433 commovebitur“.
1677 4395 1696 4430 ι
1757 4376 2013 4445 Signum,
2064 4386 2123 4433 ut

543 4475 774 4532 dominii
820 4484 1029 4542 notam,
1062 4474 1520 4545 quemadmodum
1563 4473 1629 4530 de
1674 4488 1739 4529 eo
1782 4473 1948 4528 David
1993 4490 2121 4545 pro-

2293 3264 2376 3320 Ad
2404 3264 2649 3321 eumdem
2694 3262 2911 3320 modum
2952 3272 3005 3319 et
3043 3261 3294 3319 Michmas
3329 3279 3342 3317 :
3379 3279 3399 3314 ‹
3461 3260 3615 3329 Quis,
3651 3258 3788 3325 Deus,

2228 3355 2423 3413 similis
2483 3356 2583 3422 tui,
2612 3357 2705 3428 qui
2744 3354 2926 3412 aufers
2989 3356 3350 3427 iniquitatem,
3378 3366 3430 3410 et
3460 3356 3657 3410 transis
3685 3368 3789 3419 [κιαι

2226 3457 2407 3503 catum
2454 3448 2803 3519 reliquiarum
2839 3448 3170 3503 hereditatis
3229 3448 3379 3507 tute?
3410 3462 3523 3502 non
3555 3445 3788 3500 immittet

2226 3542 2364 3597 ultra
2394 3541 2632 3598 furorem
2664 3556 2843 3609 suum,
2863 3543 3123 3613 quoniam
3155 3541 3344 3597 volens
3368 3539 3777 3595 misericordiam

2228 3643 2342 3691 est.
2412 3633 2731 3691 Revertetur
2790 3645 2844 3689 et
2889 3633 3231 3689 miserebitur
3272 3633 3441 3689 nostri
3504 3651 3519 3689 :
3585 3636 3787 3701 deponet

2226 3728 2543 3800 iniquitates
2586 3736 2643 3784 et
2703 3727 2949 3799 projiciet
2995 3726 3047 3782 in
3089 3725 3410 3795 profundum
3463 3726 3631 3780 maris
3678 3724 3778 3775 ".n

2224 3819 2389 3877 Joeiis
2410 3836 2539 3877 vero
2570 3820 2634 3875 de
2663 3820 2927 3887 baptismo
2944 3819 3199 3873 haec-sunt
3226 3819 3385 3873 verba
3414 3836 3428 3873 :
3474 3836 3497 3871 ι
3530 3818 3586 3873 In
3612 3816 3691 3871 illa
3715 3816 3785 3869 die

2229 3913 2513 3969 stillabunt
2550 3920 2760 3967 mentes
2791 3910 3149 3977 dulcedinem,
3183 3907 3598 3967 etcollesﬂuent
3620 3909 3784 3963 lacte:

2227 4018 2284 4066 et
2331 4022 2427 4070 per
2469 4021 2660 4062 omnes
2726 4007 2869 4060 rivos
2914 4003 3049 4060 Juda
3093 4005 3247 4059 ibunt
3295 4017 3434 4075 aqua
3466 4019 3481 4057 :
3512 4012 3564 4059 et
3595 4000 3784 4057 foust

2226 4102 2387 4157 domo
2434 4096 2649 4155 Domini
2681 4098 2992 4167 egredietur
3040 4097 3104 4151 ”.
3139 4115 3158 4149 ι
3217 4097 3352 4164 Quis
3404 4096 3497 4153 hic
3536 4096 3781 4153 estiouse

2227 4192 2322 4250 Dei
2362 4191 2559 4261 templo
2634 4190 2923 4261 prodiens?
2990 4190 3218 4247 Omnino
3272 4190 3326 4244 in
3368 4189 3608 4247 Ecclesia
3652 4202 3783 4244 sacra

2224 4288 2454 4360 piscina,
2504 4301 2608 4357 qua
2665 4287 2864 4341 tinctus
2938 4286 3113 4341 omnis
3153 4284 3494 4340 Christianus
3545 4294 3706 4340 castus
3738 4282 3781 4335 in

2225 4380 2567 4451 adoptionem
2624 4390 2921 4443 recreatur,
3000 4378 3236 4434 cceiestis
3296 4378 3486 4447 gloriae
3554 4372 3782 4446 regnique

2224 4471 2427 4529 Christi
2463 4473 2706 4529 btet-edes
2734 4472 3027 4542 designati.
3052 4469 3128 4525 Et
3164 4469 3231 4524 de
3269 4473 3459 4524 eodem
3494 4470 3780 4537 baptismate

539 4569 725 4623 ﬁtetur
753 4583 769 4624 :
806 4584 827 4620 ι
866 4566 1149 4638 Signatum
1167 4574 1250 4622 est
1277 4580 1441 4635 super
1466 4580 1561 4621 nos
1592 4565 1772 4621 lumen
1806 4566 1983 4621 vultus
2015 4565 2117 4632 tui,
2145 4564 2196 4626 D
2224 4567 2414 4623 scribit
2468 4566 2633 4624 David
2666 4582 2679 4621 :
2724 4585 2743 4619 ι
2801 4563 2915 4621 Vos
2945 4564 3160 4621 Domini
3214 4578 3377 4634 super
3442 4578 3631 4632 aquas,
3662 4559 3779 4612 Deus

548 4660 791 4727 Domine,
819 4660 1015 4716 dedisti
1056 4659 1298 4715 laetitiam
1338 4658 1392 4714 in
1434 4659 1599 4715 corde
1638 4674 1757 4714 meo
1773 4658 1815 4712 ⁸.
1851 4677 1871 4711 ο
1914 4657 2121 4725 Quibus

549 4752 728 4808 verbis
773 4768 943 4808 saera:
987 4751 1265 4808 tinctionis
1304 4750 1409 4805 vim
1454 4750 1694 4805 declarat
1736 4766 1751 4801 :
1791 4748 1905 4805 Non
1948 4752 2116 4817 enim,

545 4844 739 4914 inquit,
767 4845 939 4900 solum
974 4849 1068 4899 tuo
1098 4844 1314 4900 nomine
1340 4858 1438 4899 nos
1469 4841 1694 4912 signasti
1739 4853 1792 4897 et
1819 4833 2119 4910 illustrasti,

557 4938 649 4989 sed
682 4936 826 4989 cn'rm
860 4935 1098 4991 animum
1130 4950 1306 4991 meum
1335 4932 1604 5001 voluptate
1630 4920 1865 4988 aII‘ecisti‘
1886 4946 1907 4986 :
1940 4933 1990 4987 id
2016 4942 2119 4999 est,

540 5041 760 5082 munem
790 5027 1061 5097 signatum
1092 5041 1245 5082 noxae
1270 5026 1427 5080 venia
1456 5027 1710 5096 dignatus
1738 5040 1816 5081 es.
1844 5024 1987 5081 Idem
2014 5025 2120 5081 alio

542 5118 757 5175 Psalmo
795 5135 809 5175 :
855 5138 875 5173 t
912 5119 1028 5175 Dixi
1068 5138 1082 5174 :
1124 5119 1435 5175 Conlitebor
1465 5119 1750 5174 adversum
1789 5133 1873 5173 me
1910 5118 2121 5189 injusti-

546 5214 674 5267 tiam
725 5229 899 5269 meam
944 5213 1174 5270 Dninino
1225 5232 1238 5269 :
1281 5224 1335 5269 ct
1379 5225 1435 5268 tu
1485 5211 1741 5267 remisisti
1788 5212 2117 5280 impietatem

543 5309 749 5380 peccati
789 5309 891 5363 mei
909 5308 948 5362 '.
987 5329 1005 5362 ι
1048 5307 1161 5363 Hoc
1197 5309 1384 5364 dicens
1424 5327 1436 5361 :
1467 5306 1620 5375 Quod
1651 5305 1695 5361 si
1727 5306 1847 5376 quis
1888 5306 1967 5358 vel
2000 5313 2120 5375 post

613 5494 658 5526 "
688 5493 853 5553 Exod.
881 5509 1040 5551 I-xvt.
1116 5492 1161 5524 ’⁸
1186 5492 1288 5547 Isa.
1317 5507 1405 5556 Lv,
1432 5490 1480 5543 I.
1557 5490 1601 5522 ”
1629 5488 1769 5543 Psal.
1796 5505 1942 5549 xxvi.
1977 5489 2026 5543 l.

544 5582 675 5629 acu,
699 5568 747 5620 I.
826 5565 847 5596 ⁸
870 5565 996 5620 ibitl.
1073 5565 1093 5594 ⁸
1116 5563 1257 5617 Paul.
1286 5578 1433 5627 xm,
1458 5562 1512 5617 5.
1590 5562 1607 5591 '
1632 5560 1773 5614 Peal.
1802 5576 1872 5615 tv.
1897 5560 1951 5616 7.

546 5639 591 5669 ι’
628 5639 725 5691 lsa.
769 5651 921 5699 XLIII,
955 5634 1045 5689 25.
1124 5633 1165 5666 “
1189 5631 1294 5689 Isa.
1332 5648 1475 5696 λων,
1505 5632 1557 5687 5.
1636 5631 1805 5686 “Isa.
1838 5646 1923 5685 χι.
1960 5632 2044 5685 10.

546 5725 627 5775 tn,
663 5708 748 5763 I8.
828 5707 870 5738 "
908 5705 1050 5760 Psal.
1079 5720 1267 5769 smn,
1291 5705 1346 5759 3.

616 5873 736 5948 ('58)
767 5870 1023 5929 Nuianx.
1060 5870 1179 5928 vide
1208 5871 1261 5929 in
1295 5868 1355 5926 S.
1388 5869 1682 5941 Baptisma.

2228 4660 2333 4730 ntaj
2374 4659 2530 4714 statis
2591 4657 2823 4714 intonuit
2876 4676 2892 4714 :
2940 4656 3197 4713 Dominus
3258 4671 3422 4726 super
3466 4654 3778 4727 aqnasmul-

2226 4752 2396 4809 tas".
2436 4769 2457 4806 υ
2491 4749 2559 4805 Ει
2625 4764 2887 4806 rursum:
2919 4767 2937 4801 ι
2960 4748 3206 4820 Amplius
3230 4749 3345 4803 lava
3391 4764 3477 4804 me
3508 4750 3573 4803 ab
3610 4745 3779 4814 iniqui-

2228 4854 2337 4899 tate
2378 4859 2518 4907 mea,
2584 4854 2637 4897 et
2693 4857 2723 4897 a
2777 4850 2996 4911 peccato
3053 4857 3177 4899 meo
3216 4841 3413 4897 munda
3470 4856 3557 4896 tne
3585 4840 3646 4893 ".
3680 4856 3697 4887 ι
3725 4835 3779 4891 Et

2232 4935 2390 5005 paulo
2453 4943 2576 5005 post
2616 4951 2630 4988 :
2667 4954 2685 4987 ι
2737 4933 3005 5005 Asperges
3065 4947 3151 4988 me
3207 4934 3461 5004 bySSOpo,
3503 4942 3555 4987 et
3581 4931 3777 4984 munda-

2232 5029 2377 5083 hor:
2429 5027 2632 5081 lavahis
2688 5042 2792 5092 me,
2828 5038 2881 5081 et
2904 5042 3067 5099 super
3120 5026 3298 5083 nivem
3356 5021 3717 5081 dealbabor“.
3754 5036 3771 5070 ι

2231 5119 2372 5184 Quin
2432 5134 2527 5187 per
2570 5116 2907 5173 Ezechielem
2969 5132 3183 5187 quoque
3246 5118 3387 5172 Deus
3464 5116 3773 5171 conﬁrmat:

2242 5228 2261 5264 ι
2296 5210 2579 5265 Ell'undam
2610 5225 2769 5279 super
2801 5224 2896 5264 vos
2946 5225 3139 5280 aquam
3172 5212 3447 5274 mundam,
3478 5219 3530 5263 et
3582 5204 3777 5261 munda-

2230 5304 2418 5360 bimini
2454 5304 2522 5358 ab
2546 5305 2795 5359 omnibus
2827 5302 3249 5374 inquinamentis
3280 5305 3473 5359 vestris
3502 5304 3595 5355 υ.»

2104 5488 2282 5544 'Psai.
2311 5506 2468 5554 θην,
2495 5491 2545 5545 8.
2626 5494 2644 5521 ³
2673 5488 2772 5544 Isa.
2802 5506 2840 5552 ι,
2870 5488 2953 5544 16.
3031 5492 3050 5523 ³
3074 5489 3138 5546 Ill
3170 5491 3299 5561 Reg.
3325 5505 3439 5556 nx,
3464 5489 3541 5544 I6.
3580 5486 3772 5561 A‘VPSaI.

2049 5562 2069 5591 ³
2097 5562 2193 5613 isa.
2230 5578 2355 5624 xxv,
2389 5563 2440 5617 6.
2518 5564 2538 5593 ⁸
2575 5562 2675 5615 Isa.
2706 5561 2855 5625 m4.

2163 5632 2204 5662 ”
2246 5633 2416 5686 Exod.
2453 5649 2539 5692 xv.
2570 5633 2656 5697 ‘25,
2681 5634 2769 5686 21.

1424 5700 1465 5736 η
1496 5702 1638 5758 Psal.
1674 5720 1725 5765 L,
1769 5703 1820 5756 4.
1900 5704 1944 5733 ²⁰
1980 5704 2111 5756 Ibid.
2146 5702 2199 5757 9.

2934 5562 2976 5593 ³ο
3015 5562 3114 5617 Isa.
3176 5557 3340 5620 xxiv,
3378 5564 3427 5615 7.
3507 5562 3544 5593 ¹¹
3578 5558 3695 5615 Ibid.
3727 5557 3770 5613 8.

2874 5634 2916 5665 ¹⁶
2944 5633 3103 5690 Mich.
3139 5650 3231 5701 \‘lt,
3284 5632 3367 5699 I8,
3402 5632 3487 5688 I9.
3587 5632 3625 5663 "
3656 5628 3772 5685 Joel.

2280 5706 2319 5735 "
2361 5702 2555 5758 Ezeclt.
2593 5720 2775 5766 xxxvi,
2807 5704 2896 5761 ‘25.

2294 5868 2411 5941 (59)
2449 5866 2557 5922 lmo
2588 5866 2735 5951 Eli-.c.
