4004 6206
184 345 283 412 8³η

1236 343 1626 421 DIALOGUS
1659 342 1962 405 CONTRA
1996 341 2323 405 JULIEOS.

3299 333 3405 397 8'18

239 457 350 514 Iam
381 469 510 512 vero
533 455 586 510 in
616 453 762 520 “ara
782 457 827 488 "
861 470 998 526 aqua
1028 469 1236 517 amara,
1272 463 1550 524 peccatum
1585 468 1740 533 anita-
1772 463 1815 514 Α
1845 452 2062 522 genitus
2091 449 2185 505 Dei
2213 450 2380 506 Filius
2407 447 2685 505 duodecim
2731 445 3001 519 apostolos
3033 461 3048 499 ε
3084 464 3104 498 ι
3135 443 3217 500 Ad
3247 441 3407 514 quem

177 567 286 622 rum
335 548 581 613 notabat,
632 545 1061 617 regenerationis
1100 548 1313 603 lavacro
1356 559 1421 601 ac
1478 545 1740 613 paeniten-

177 646 243 697 tia
273 643 323 695 in
353 636 696 696 dulcedinem
731 637 1070 696 vertendum.
1107 636 1277 692 Porro
1334 645 1514 692 autem
1536 635 1739 692 duode-

168 734 267 790 cim
333 731 511 788 fontes
573 730 636 788 iu
708 730 842 785 Elim
900 732 966 796 ³³,
1019 730 1297 785 duodecim
1372 727 1737 799 apostolorum

172 825 420 881 doctrina:
449 837 646 895 aquam
678 823 1055 892 designabant,
1087 822 1383 892 itidemque
1405 821 1737 896 reliquorum

167 918 501 989 septuaginta
562 917 774 990 palmae.
831 913 1095 970 Caeterum
1128 928 1268 969 arca
1321 928 1418 984 per
1448 913 1736 983 Iordanem

173 1010 408 1081 trajectio
439 1024 467 1063 a
498 989 699 1063 Jutlzeis
738 1006 904 1074 facta,
969 1006 1109 1061 sacri
1150 1005 1400 1076 baptismi
1425 1006 1529 1059 vim
1561 1013 1741 1073 osten-

163 1103 242 1172 dit
275 1118 288 1157 :
323 1115 450 1154 nam
513 1114 609 1168 per
631 1099 940 1152 sacerdotes
975 1113 1113 1169 aqua
1159 1107 1214 1151 et
1257 1096 1448 1169 spiritu
1485 1095 1734 1170 recreati,

165 1209 308 1264 aque
339 1203 391 1247 et
433 1207 536 1248 nos
588 1202 890 1260 peccatum,
949 1199 1006 1245 ut
1034 1188 1192 1248 Iesus
1219 1190 1360 1244 ﬁlius
1413 1187 1557 1267 Nave
1598 1185 1740 1243 Ieri-

166 1291 442 1351 chuntetn,
471 1284 764 1339 evertimus
791 1299 853 1338 ac
877 1283 1274 1352 despoliamus,
1310 1283 1360 1338 id
1385 1285 1525 1337 enim
1571 1279 1738 1348 signi-

164 1377 426 1446 (δηριωὰ
455 1376 531 1431 ait
570 1380 827 1448 propheta
858 1396 872 1432 :
921 1395 940 1429 ι
977 1376 1110 1453 Quis,
1122 1386 1322 1432 autem
1351 1374 1733 1439 descendebat,

164 1472 439 1526 descendit
466 1470 518 1525 in
548 1485 697 1525 mare
725 1470 926 1536 Araba,
952 1483 1101 1524 mare
1117 1467 1267 1532 salis,
1289 1467 1459 1523 donec
1485 1467 1536 1522 in
1571 1466 1735 1521 tinem

157 1561 351 1618 defecit
379 1560 483 1631 ¹⁸⁶;
525 1581 545 1614 ι
606 1561 659 1618 id
690 1573 793 1626 est,
853 1560 1066 1617 violatae
1107 1559 1232 1614 olim
1275 1559 1405 1630 legis
1453 1567 1732 1629 peccatum

158 1655 221 1708 ad
270 1654 598 1711 immensum
664 1654 757 1709 Dei
800 1653 1158 1737 immanitatis
1186 1651 1405 1722 pelagus
1440 1651 1732 1719 dilapsum,

161 1747 486 1812 demanavit,
528 1745 700 1802 donec
754 1744 969 1820 tandem
1029 1743 1352 1800 exstinctum
1393 1752 1495 1798 est.
1539 1742 1734 1800 Sacer-

1841 542 2022 598 factus
2042 554 2126 598 est
2156 557 2335 598 sermo
2355 541 2591 608 Domini,
2624 541 2813 604 dicens
2843 557 2858 598 :
2893 539 3057 595 Israel
3079 541 3182 594 erit
3211 554 3406 595 nomen

1839 644 1990 690 tuum
2019 634 2120 688 ".t
2156 633 2247 688 Ille
2277 631 2494 703 quidem
2525 632 2730 686 audivit
2767 619 2825 686 ee
2852 641 3083 686 mentem
3116 629 3250 694 fore,
3290 645 3410 700 quae

1844 727 2012 783 Deutn
2067 731 2217 780 esset
2274 726 2452 779 visura
2483 742 2497 778 :
2529 724 2614 780 hic
2646 723 2787 778 Deus
2821 732 2924 790 est,
2971 738 3129 792 quem
3161 722 3412 778 cmlestes

1837 833 2023 874 omnes
2045 827 2250 872 mentes
2275 818 2501 871 adorent
2526 823 2581 872 et
2609 815 2931 870 collaudem.
2963 816 3051 869 Et:
3069 834 3086 866 ι
3103 813 3414 870 ιΕάξῆρειν“ι

1840 909 2066 980 lapides,
2124 919 2180 964 et
2201 907 2410 962 curavit
2457 908 2627 961 altare
2676 907 2936 961 dirutum.
2971 925 2990 958 ι
3019 905 3112 960 Ille
3174 907 3412 961 dirutum

1847 1000 1943 1057 Dei
1981 1000 2148 1056 altare
2173 1001 2475 1064 instaurat;
2502 1000 2588 1054 hic
2621 999 2926 1070 ﬁgmentum
2979 983 3146 1054 suum
3179 998 3412 1054 Iacerqu

1842 1107 1940 1161 per
1987 1095 2287 1149 doctrinam
2345 1092 2718 1164 apostolorum
2775 1091 3067 1160 componit.
3107 1109 3127 1143 ‹
3162 1089 3417 1160 Fecitque
3492 1089 3497 1098 '

1840 1203 1993 1256 aquae
2037 1188 2253 1243 ductum
2307 1185 2462 1256 quasi
2515 1199 2612 1256 per
2658 1183 2792 1239 duas
2829 1182 3213 1238 aratiunculas.
3247 1200 3266 1233 ι
3302 1182 3415 1236 Illic

1837 1283 2028 1340 scrubs
2094 1298 2219 1349 una,
2258 1297 2378 1352 qua:
2426 1282 2530 1337 duo
2558 1290 2678 1337 sata
2704 1277 2925 1336 seminis
2969 1274 3206 1344 caperet,
3243 1277 3329 1331 hic
3360 1275 3414 1330 in

1839 1394 1945 1432 una
1994 1392 2222 1446 persona
2249 1375 2373 1431 duae
2401 1384 2628 1440 natura,
2670 1372 2850 1428 divina
2903 1379 2955 1424 et
2985 1370 3224 1424 humana
3254 1369 3415 1424 simul

1836 1471 2159 1526 exstiterunt
2193 1468 2326 1524 :1In
2362 1470 2591 1524 circuitu
2613 1470 2798 1524 altaris
2826 1468 2910 1532 ⁸⁰;
2943 1484 2962 1518 ι
2988 1479 3135 1520 arant
3172 1464 3260 1518 ltic
3292 1462 3417 1517 Cal-

1839 1565 2002 1618 varia:
2025 1564 2223 1628 locum.
2256 1565 2312 1620 in
2358 1547 2466 1634 quo
2496 1574 2718 1634 augusta
2743 1578 2876 1619 crux
2914 1559 3090 1618 deﬁxa
3119 1567 3222 1620 est,
3255 1555 3417 1611 intel-

1836 1655 1964 1726 lige.
2012 1673 2038 1706 ι
2101 1654 2166 1710 Et
2217 1654 2686 1725 composuitligna
2716 1670 2878 1726 super
2928 1655 3098 1708 altare
3148 1646 3289 1720 qubd
3341 1648 3417 1704 fe-

1837 1751 1915 1804 cit
1972 1748 2039 1802 ".
2107 1766 2127 1800 ι
2189 1747 2381 1819 Ligna,
2443 1763 2537 1804 seu
2569 1749 2778 1803 assulas
2812 1763 2844 1804 e
2893 1747 3037 1817 ligno
3066 1744 3237 1800 scisso
3262 1755 3418 1798 vorat

163 1841 306 1895 dotes
340 1853 474 1895 vero
511 1823 564 1895 in
593 1838 1196 1902 Jordaneresistentes,
1228 1837 1450 1907 pedibus
1486 1847 1730 1893 extrema
1758 1830 1804 1890 Β
1836 1841 2110 1896 hominum
2143 1855 2332 1909 noxas,
2376 1855 2512 1912 quas
2542 1841 2800 1896 Dominus
2839 1851 3023 1896 noster
3046 1837 3190 1895 cruci
3228 1834 3418 1894 afﬁxus

160 1947 286 2004 aqua
337 1932 546 1998 tinctis,
587 1930 917 2004 signiﬁcant,
967 1931 1184 2002 opinor,
1215 1944 1243 1983 a
1275 1939 1500 2000 peccato
1544 1929 1735 1986 abesse

155 2025 451 2080 neminem.
481 2025 633 2093 Quod
674 2036 850 2080 autem
900 2020 1362 2088 IordanemElias
1423 2021 1621 2078 ntelote
1649 2038 1736 2078 se-

161 2121 284 2188 mel,
351 2122 578 2178 Elisaeus
632 2121 714 2176 bis
771 2113 983 2188 trajecit
1016 2117 1082 2187 “,
1118 2120 1268 2174 trinae
1299 2119 1352 2174 in
1395 2133 1547 2174 sacra
1582 2117 1735 2174 ablu-

154 2219 301 2272 tione
345 2214 702 2271 demersionis
733 2205 785 2268 in
818 2228 1012 2271 nomen
1055 2211 1158 2269 SS.
1191 2211 1475 2269 Trinitatis
1501 2213 1643 2269 vires
1680 2221 1736 2271 et

150 2309 454 2365 edicacia'm
501 2305 858 2378 praenotabat.
909 2321 1014 2376 qua
1073 2305 1300 2363 mortale
1356 2323 1422 2364 ac
1474 2309 1733 2363 caducum

155 2405 528 2473 incorruptam
578 2398 1038 2455 immortalitatem
1119 2400 1317 2456 induit.
1371 2401 1556 2472 Neque
1608 2417 1734 2458 vero

157 2493 297 2549 aliud
329 2494 470 2550 velle
499 2493 629 2548 mihi
653 2493 864 2548 videtur
893 2490 1150 2559 Naaman,
1182 2495 1384 2564 septies
1418 2494 1468 2549 in
1498 2492 1736 2550 Iordane

150 2587 296 2644 ablui
353 2586 543 2658 jussus
598 2587 667 2652 ³⁸,
698 2601 859 2657 quam
901 2586 1232 2653 conandum,
1270 2596 1327 2641 ut
1376 2587 1428 2641 in
1478 2587 1581 2642 hac
1613 2598 1734 2644 tan-

149 2693 309 2748 quam
358 2678 662 2748 septimana
694 2669 801 2732 vita
833 2717 850 2744 ,
882 2677 1118 2746 peccatis
1168 2679 1418 2735 omnibus
1455 2679 1733 2749 abstersis,

154 2787 244 2842 per
296 2779 510 2841 septem
547 2771 782 2841 Spiritus
832 2771 970 2825 dona
1028 2768 1130 2826 SS.
1177 2770 1452 2838 Trinitati,
1516 2783 1569 2829 et
1625 2783 1736 2831 tres

153 2864 345 2921 animm
395 2865 686 2935 potentias,
717 2873 771 2918 et
807 2863 1196 2920 elementorum
1239 2856 1482 2938 corporis
1508 2880 1736 2940 quater-

156 2957 374 3013 nionem
413 2955 620 3012 .oﬂ’eras
647 2956 874 3025 integra,
924 2958 1229 3014 oblitterata
1263 2960 1441 3030 priore
1474 2963 1621 3019 velut
1653 2964 1734 3020 le-

148 3061 264 3116 pra.
322 3045 467 3114 Quin
509 3043 696 3113 Iacob,
725 3061 922 3117 parens
978 3060 1183 3115 vester,
1219 3040 1732 3111 baculo-Iordanem

156 3155 256 3195 non
309 3139 450 3211 'ipse
503 3148 734 3204 tantum,
758 3137 1043 3217 omnisque
1081 3140 1198 3210 ejus
1235 3143 1442 3202 familia
1477 3148 1728 3215 transiit;

156 3232 247 3286 sed
293 3245 432 3286 oves
455 3245 692 3301 quoque,
744 3247 806 3286 ac
838 3232 1023 3296 boves,
1059 3245 1115 3289 ut
1141 3235 1472 3305 ostenderet,
1515 3255 1621 3294 non
1645 3255 1733 3295 so-

149 3323 252 3377 lum
283 3337 315 3376 a
339 3321 457 3377 Deo
487 3322 710 3388 electos,
762 3325 856 3379 sed
883 3325 1043 3380 etiam
1079 3328 1169 3395 qui
1220 3328 1378 3384 bruta
1413 3337 1467 3385 et
1493 3333 1730 3387 amentia

148 3416 357 3471 scelera
419 3424 716 3486 patrarent,
769 3426 1044 3490 purgatos,
1079 3420 1277 3478 Christi
1304 3423 1618 3480 ‘cohmredes
1651 3427 1732 3482 ef-

151 3508 349 3562 fectum
391 3506 480 3562 iri.
515 3507 936 3565 lliericbuntinat
1005 3525 1218 3582 quoque
1279 3517 1500 3570 steriles
1558 3532 1730 3586 aqum,

148 3601 258 3656 sale
296 3601 372 3656 ab
401 3600 600 3656 Elisato
644 3597 1038 3671 fecundam“,
1077 3604 1311 3674 priorem
1336 3605 1586 3662 Ecclesiae
1625 3619 1735 3664 stc-

147 3693 410 3750 rilitatem
469 3691 866 3756 monstrabant.
903 3707 1025 3763 qua:
1070 3694 1314 3751 habenda
1351 3698 1544 3753 deinde
1577 3699 1735 3754 Chri-

152 3798 240 3842 sto
289 3785 404 3841 ﬁde
477 3785 728 3855 centuplo
781 3785 964 3854 plures
993 3785 1213 3851 liberos,
1259 3803 1418 3858 quam
1449 3804 1733 3861 synagogas

152 3877 352 3933 marito
391 3886 474 3932 est
533 3885 656 3946 post
721 3878 877 3932 enixa
917 3876 1055 3950 (40).
1087 3876 1282 3934 Verum
1313 3888 1372 3934 ut
1405 3882 1639 3950 apertius
1666 3882 1734 3939 de

145 3968 230 4023 bis
265 3977 594 4032 statuamus,
622 3967 862 4024 vaticinii
894 3967 1058 4024 verba
1087 3983 1153 4024 ex
1179 3969 1329 4026 libris
1367 3970 1569 4044 Regum
1609 3992 1734 4045 per-

145 4076 473 4138 sequamur.
503 4060 595 4117 Sic
625 4059 769 4116 enim
803 4062 1022 4117 habent.

712 4152 942 4210 CAPUT
981 4153 1168 4223 XLVII

470 4245 610 4302 Elim
660 4262 776 4300 cum
807 4244 1014 4302 Christo
1067 4251 1412 4319 comparatio.

219 4357 244 4392 ι
276 4337 431 4403 Dixit
476 4337 636 4394 Elissa
673 4338 738 4395 ad
773 4343 1028 4410 pupulum
1061 4358 1074 4396 :
1123 4344 1377 4399 Accedite
1433 4347 1498 4401 ad
1537 4363 1638 4404 me.
1662 4346 1736 4405 Et

144 4432 388 4494 accessit
446 4431 626 4488 omnis
675 4433 903 4502 populus
954 4436 1020 4490 ad
1076 4451 1198 4491 eum
1247 4436 1315 4491 ³⁷.
1354 4455 1374 4489 ι
1415 4438 1557 4496 Sane
1587 4441 1734 4499 Elias

1837 1931 1891 1987 in
1941 1947 2002 1987 se
2031 1934 2254 2003 recepit,
2311 1944 2366 1989 et
2424 1934 2515 2004 qui
2561 1932 2702 2004 ignis
2760 1932 2981 2004 quidam
3015 1922 3415 2000 essetdivi'nus,

1839 2025 2067 2092 exussit,
2124 2037 2180 2079 ut
2234 2028 2311 2080 ait
2393 2008 2654 2097 propheta
2698 2043 2714 2081 :
2751 2045 2771 2080 ι
2840 2025 3150 2096 Languores
3200 2036 3416 2081 nostros

1839 2120 1956 2190 ipse
2014 2121 2132 2177 tulit
2169 2121 2235 2176 υ.
2273 2139 2291 2174 ι
2319 2152 2390 2162 —-
2418 2141 2437 2174 ς
2467 2120 2767 2193 Divisitque
2789 2135 2889 2193 per
2929 2123 3169 2178 membra
3201 2123 3414 2186 bovem,

1836 2216 1894 2263 et
1946 2208 2126 2276 posuit
2176 2224 2340 2280 super
2394 2209 2558 2282 ligna.
2621 2228 2642 2264 ι
2699 2211 2760 2267 Id
2780 2220 2883 2280 est,
2931 2213 3143 2266 vitalem
3176 2214 3226 2266 in
3255 2227 3417 2268 cruce

1838 2310 2065 2355 mortem
2096 2302 2353 2356 sustinet.
2392 2301 2520 2373 tlEt
2545 2303 2619 2357 ait
2650 2304 2911 2373 :Itnplete
2935 2313 3168 2373 quatuor
3195 2303 3417 2375 ltydrias

1839 2404 2103 2460 aqua,-et
2167 2393 2372 2450 fundite
2437 2410 2599 2465 super
2649 2396 3046 2463 holocauswm,
3084 2408 3140 2452 et
3166 2413 3326 2468 super
3352 2398 3417 2450 li-

1837 2499 1940 2556 gna
1969 2486 2035 2540 ³³.
2081 2504 2099 2537 ι
2137 2485 2283 2543 Duas
2312 2489 2603 2559 amphoras
2648 2501 2897 2562 gratiam.
2926 2506 3046 2561 quae
3083 2507 3179 2563 per
3216 2508 3410 2563 aqttnnt

1839 2587 1894 2632 et
1955 2575 2217 2647 Spiritum
2279 2589 2586 2648 praestetur,
2641 2581 2930 2652 signiﬁcat,
2959 2584 3412 2654 quemadmodum

1838 2683 1991 2724 meus
2049 2667 2304 2724 Salvator
2358 2680 2523 2744 atque
2581 2671 2721 2750 Deus
2783 2674 3067 2731 conﬁrmat
3130 2673 3195 2739 “,
3223 2677 3312 2744 qui
3343 2691 3410 2730 ex

1837 2778 1974 2832 aqua
2009 2773 2065 2818 et
2095 2762 2301 2834 Spiritu
2332 2775 2492 2821 natus
2512 2780 2618 2821 non
2646 2767 2736 2834 sit,
2759 2783 2865 2824 non
2898 2783 3056 2838 posse
3084 2768 3150 2824 ad
3171 2769 3413 2824 divinum

1839 2871 2060 2928 regnum
2116 2859 2341 2915 intrare.
2398 2879 2417 2913 ι
2461 2859 2801 2930 Rursumque
2884 2860 3066 2916 dixit:
3101 2860 3276 2916 Etiam
3327 2878 3416 2918 sc-

1826 2952 2013 3007 -cundo
2036 2951 2216 3008 facite.
2239 2952 2338 3020 Qui
2366 2969 2488 3009 cum
2519 2953 2775 3010 iecissent
2797 2955 3067 3020 secundo,
3089 2955 3164 3009 ait
3188 2973 3204 3012 :
3233 2954 3411 3011 Etiam

1839 3042 2003 3099 tertio
2054 3043 2106 3098 id
2132 3044 2310 3114 ipsum
2328 3043 2513 3100 facite.
2537 3041 2913 3115 Feceruntque
2946 3046 3104 3102 tertio
3131 3046 3196 3102 ³³.
3246 3064 3264 3098 t
3301 3045 3416 3103 Hoc

1837 3134 2141 3192 divinitatis
2200 3138 2550 3209 tergeminam
2627 3137 2964 3207 majestatem
3013 3140 3270 3209 ostendit,
3336 3141 3413 3195 uti

1837 3215 2060 3283 rursum
2110 3241 2260 3282 meus
2311 3225 2467 3282 Iesus
2511 3221 2792 3297 discipulis
2839 3229 3114 3298 praecepit,
3143 3229 3284 3285 irent
3313 3231 3414 3287 do-

1835 3329 1981 3374 ctum
2017 3332 2204 3376 omnes
2233 3328 2440 3390 gentes,
2468 3333 2670 3390 eosque
2699 3319 3035 3389 baptizarent
3089 3323 3142 3378 in
3193 3325 3413 3381 nomine

1836 3412 2031 3479 Patris,
2054 3424 2107 3468 et
2125 3411 2267 3479 Filii,
2289 3421 2345 3468 et
2372 3411 2607 3482 Spiritus
2630 3411 2804 3468 sancti
2830 3412 2895 3468 ⁸⁸.
2938 3431 2958 3468 ι
3008 3414 3076 3470 Ει
3116 3417 3416 3474 currebant

1837 3520 1992 3575 aqua:
2075 3506 2279 3561 circum
2362 3504 2572 3571 altare;
2648 3511 2705 3560 et
2762 3505 2906 3562 fossa
2986 3522 3137 3579 aqua}
3222 3511 3414 3568 ductus

1835 3598 2037 3670 repleta
2099 3609 2184 3654 est
2241 3598 2308 3655 ³⁷.
2370 3617 2389 3650 ι
2446 3596 2579 3654 Nam
2642 3600 2878 3670 repletus
2947 3611 3029 3657 est
3091 3602 3239 3658 orbis
3295 3614 3410 3659 ter-

1836 3705 2019 3746 rarum
2076 3688 2169 3747 Dei
2202 3705 2369 3760 regno
2411 3701 2572 3762 atque
2604 3692 2796 3760 glmia.
2843 3693 2905 3751 Et
2925 3694 3245 3752 exclamavit
3270 3696 3413 3752 Elias

1841 3785 1897 3839 in
1937 3783 2156 3850 coelum,
2213 3794 2267 3841 et
2295 3785 2431 3840 dixit
2459 3803 2475 3838 :
2504 3803 2524 3837 ι
2575 3784 2800 3842 Domine
2833 3787 2970 3843 Deus
3029 3788 3325 3855 Abraham,
3357 3803 3414 3845 et

1835 3873 2007 3941 Isaac,
2036 3886 2090 3932 et
2122 3876 2305 3942 Israel,
2340 3878 2534 3933 exaudi
2569 3892 2676 3943 me,
2713 3877 3005 3936 Domine“.
3035 3898 3059 3933 ι
3096 3879 3219 3945 Ilaec
3249 3881 3411 3937 Elias.

1835 3970 1899 4022 At
1931 3967 2251 4039 Unigenitus
2289 3969 2378 4024 Dei
2412 3969 2584 4024 oculis
2609 3970 2662 4024 in
2693 3971 2891 4026 caelum
2919 3971 3166 4041 sublatis,
3211 3973 3415 4030 clama-

1837 4063 1908 4116 vit
1944 4079 1960 4117 :
1993 4079 2013 4114 σ
2066 4061 2249 4128 Pater,
2298 4064 2440 4133 quod
2495 4062 2685 4118 dedisti
2743 4061 2899 4132 mihi,
2929 4064 3050 4120 volo
3080 4076 3139 4121 ut
3169 4066 3256 4122 ubi
3291 4083 3413 4124 sum

1838 4178 1958 4232 ego,
2005 4171 2063 4217 et
2128 4162 2199 4217 illi
2257 4163 2597 4218 sintmecum
2631 4203 2646 4228 ,
2707 4174 2765 4218 ut
2847 4165 3067 4221 videant
3110 4167 3414 4226 claritatem

1838 4270 2037 4319 meam,
2108 4269 2272 4326 quam
2373 4255 2570 4311 dedisti
2627 4256 2762 4312 mihi
2794 4267 2920 4312 ante
2974 4260 3411 4318 constitutionem

1839 4348 2020 4401 mundi
2056 4365 2070 4404 τ
2101 4360 2166 4405 ut
2223 4349 2334 4404 sint
2374 4365 2559 4414 unum,
2588 4350 2728 4408 sicut
2791 4364 2843 4411 et
2873 4372 2968 4412 nos
2998 4373 3160 4412 unum
3201 4372 3409 4412 sumus.

1834 4440 1953 4496 Non
1979 4457 2077 4511 pro
2106 4443 2185 4498 eis
2232 4454 2414 4501 autem
2437 4459 2571 4515 rogo
2606 4455 2834 4514 tantum,
2871 4449 2964 4502 sed
2995 4459 3047 4502 et
3073 4465 3170 4520 pro
3195 4450 3296 4517 eis,
3318 4450 3410 4520 qui

143 4524 248 4589 hac
291 4520 443 4576 obita
497 4517 794 4585 functione.
840 4533 1029 4583 coorto
1079 4525 1234 4595 quasi
1269 4528 1498 4595 quodam
1543 4540 1728 4590 teri-tc-
1750 4532 1810 4599 _D
1836 4533 2092 4590 credituri
2115 4549 2239 4591 sunt
2264 4553 2360 4607 per
2383 4540 2603 4595 verbum
2628 4554 2815 4595 eorum
2847 4541 2899 4596 in
2931 4557 3014 4596 me
3051 4517 3117 4598 ‘3.
3167 4560 3186 4594 ›

145 4621 319 4675 motu,
384 4612 535 4681 ignea
587 4613 846 4684 quadriga
892 4614 943 4668 in
975 4615 1174 4670 cmlum
1203 4616 1494 4674 subvectus
1513 4629 1636 4692 est;
1673 4635 1732 4680 at

142 4715 340 4759 contra
400 4718 460 4757 ac
485 4702 783 4759 mirabilius
845 4705 1020 4774 Opifex
1048 4707 1135 4763 ille
1158 4708 1300 4774 coeli,
1343 4711 1613 4770 inclinatis
1636 4715 1731 4771 be-

146 4797 314 4865 nigne
343 4795 498 4852 ccelis
529 4798 840 4868 degressus,
868 4809 922 4853 et
970 4801 1196 4860 vehiculi
1226 4802 1504 4873 cujusdam
1536 4808 1726 4876 instar,

142 4899 345 4964 natura
415 4900 682 4960 suscepta,
734 4891 975 4948 studiose
1019 4908 1205 4950 omnes
1259 4899 1326 4952 ad
1369 4913 1428 4953 se
1457 4902 1729 4959 attrahere

145 4982 332 5057 gestit.
367 4979 552 5049 Itaque
587 4998 599 5034 :
639 4998 658 5032 ι
700 4979 907 5046 Venite,
964 4981 1154 5050 inquit,
1184 4985 1247 5036 ad
1281 4999 1387 5052 me,
1421 5001 1608 5042 omnes
1637 4991 1726 5060 qui

145 5069 436 5133 laboratis,
461 5080 513 5124 et
540 5070 746 5123 onerati
787 5069 952 5136 estis;
985 5079 1038 5123 et
1076 5085 1172 5140 ego
1204 5071 1439 5126 reﬁciam
1489 5089 1582 5130 vos
1602 5076 1668 5130 ’⁸.
1707 5096 1726 5130 ι

147 5193 216 5204 --
249 5180 272 5216 ί
337 5162 408 5214 Ει
439 5161 556 5216 tulit
597 5161 876 5217 duodecim
918 5161 1120 5230 lapides
1141 5163 1295 5232 juxta
1321 5180 1603 5223 numerum
1631 5170 1730 5224 tri-

147 5261 315 5327 buunt
353 5257 587 5326 ﬁliorum
613 5253 802 5311 Iacob.
835 5273 854 5308 ι
914 5255 1060 5312 Elias
1085 5258 1365 5314 duodecim
1408 5274 1562 5328 saxa,
1611 5265 1732 5318 uni-

215 5440 597 5516 ’νεκρὼ-ιν.
625 5441 719 5516 23.
794 5443 840 5477 ³³
875 5443 1008 5498 Ibid.
1035 5441 1149 5516 27.7
1205 5445 1272 5477 “‘
1299 5444 1466 5502 Iosue
1521 5462 1604 5513 ut,
1630 5448 1717 5505 l6.

147 5536 202 5582 tt,
232 5511 328 5571 '21.
386 5511 538 5566 '"Ill
572 5511 702 5582 Reg.
755 5529 909 5578 xvttt,
944 5516 1032 5570 50.
1104 5515 1154 5546 ³⁸
1183 5516 1369 5572 Matth.
1410 5533 1489 5582 ιι,
1524 5511 1612 5574 ἵε.

216 5851 334 5928 (40)
372 5850 499 5910 Vide
520 5851 672 5909 Isaia:
715 5868 825 5924 ων,
855 5853 896 5909 Ι.

1896 5448 1965 5533 [ν
1992 5451 2207 5522 Reg.tt,
2241 5456 2418 5533 8_,_l4.
2493 5457 2542 5491 “
2572 5459 2637 5533 IV
2666 5460 2797 5533 Ileg.
2825 5478 2876 5530 ν,
2907 5465 2988 5519 t0.

1718 5521 1763 5600 ’ξ
1792 5521 1861 5576 Ill
1899 5521 2217 5600 Reg.__xvut_.
2256 5528 2508 5600 5159‘”

147 5603 302 5654 mit,
338 5587 428 5642 54.
504 5585 546 5616 ³⁸
573 5585 672 5640 lsa.
702 5595 815 5644 LIII.
845 5586 896 5640 4.
975 5588 1018 5618 ³³
1041 5587 1110 5641 III
1148 5588 1276 5654 Reg.
1307 5603 1458 5652 xvm,
1488 5589 1575 5643 5i.
1654 5588 1733 5642 “.

1837 5611 1885 5648 tt.
1913 5585 2086 5654 ηιῖδ.

147 5653 334 5716 18-20.
413 5657 455 5690 ³⁷
483 5653 552 5712 Ill
583 5657 712 5726 Reg.
739 5672 896 5725 xvut,
938 5658 1026 5714 35.
1104 5659 1148 5692 ⁸⁸
1182 5659 1314 5716 Ibid.
1347 5661 1438 5714 56.
1515 5662 1557 5693 ³⁹
1588 5659 1744 5718 Joan.
1774 5679 1907 5733 xvu,
1937 5653 2128 5726 Sl-QG.
2201 5668 2244 5702 ⁸ο
2276 5669 2341 5724 Ill
2384 5653 2514 5742 Ile'g.
2538 5653 2842 5743 svitifiii,

1913 4643 1937 4676 ι
1968 4623 2177 4679 Exaudi
2238 4641 2324 4683 nte
2365 4627 2526 4683 hodie
2582 4630 2632 4683 in
2666 4629 2810 4700 igne,
2863 4641 2918 4685 et
2953 4633 3124 4686 discat
3180 4633 3411 4703 populus

1835 4715 1937 4772 iste
1964 4717 2158 4782 omnis,
2182 4719 2306 4786 quia
2352 4726 2408 4774 tu
2449 4718 2595 4776 solus
2616 4721 2872 4775 Dominus
2895 4721 3033 4778 Deus
3078 4720 3241 4779 Israel
3278 4723 3346 4780 “.
3383 4744 3403 4779 ›

1838 4808 2002 4874 Elias,
2045 4810 2136 4880 qui
2195 4809 2358 4866 homo
2385 4821 2523 4878 erat,
2573 4815 2876 4869 exhibendo
2933 4815 3052 4886 igne
3101 4817 3407 4886 exauditus,

1841 4901 2032 4966 Deum,
2093 4903 2182 4972 qui
2240 4904 2376 4974 ignis
2429 4906 2644 4976 quidam
2699 4916 2801 4974 est,
2837 4909 3107 4962 hominem
3136 4909 3250 4964 ﬁeri
3283 4925 3414 4978 pre--

1842 5002 1996 5046 catur
2029 5012 2042 5046 :
2074 4992 2162 5048 ille
2207 5010 2336 5049 vero
2397 4997 2485 5064 qui
2518 5005 2573 5052 et
2610 4997 2750 5053 Deus
2789 5007 2842 5052 et
2876 4999 3035 5068 ignis,
3090 5001 3247 5056 homo
3295 5003 3410 5057 ﬁeri

1837 5093 2114 5157 assumpta
2161 5103 2278 5143 mea
2307 5105 2469 5146 carne
2495 5093 2681 5158 voluit,
2710 5105 2763 5148 ut
2789 5094 2854 5149 ab
2894 5107 3096 5149 aitet-no
3137 5097 3256 5165 igne
3282 5095 3411 5150 lilw-

1838 5185 1988 5231 raret
2020 5194 2035 5230 :
2067 5195 2085 5228 ι
2126 5177 2191 5232 Et
2213 5194 2313 5244 ego
2347 5196 2534 5238 servus
2569 5183 2773 5238 tuus“.
2809 5202 2828 5235 ι
2859 5183 2994 5240 Vere
3024 5186 3089 5239 de
3120 5201 3178 5241 se
3228 5185 3406 5243 Elias:

1836 5268 1977 5339 quod
2057 5272 2124 5326 ad
2200 5274 2483 5330 sublimem
2534 5291 2752 5332 sensum
2787 5277 2831 5332 si
2868 5277 3134 5345 trahatur,
3184 5280 3406 5332 nimum

3088 5467 3133 5499 η
3170 5465 3232 5539 ni
3272 5466 3400 5539 ειυς.

3073 5539 3114 5571 ³¹
3163 5537 3229 5594 Ill
3268 5537 3399 5602 Ret}.

2901 5608 2946 5639 ⁸⁸
2980 5607 3172 5667 Matth.
3209 5627 3399 5676 xum,

2616 5532 2661 5563 '°
2690 5532 2823 5589 lltid.
2857 5536 2945 5591 δί.

2194 5598 2241 5630 ³³
2271 5598 2332 5651 Ill
2375 5598 2506 5668 Reg.
2536 5618 2685 5668 xvttt,
2717 5605 2807 5660 54.
