3788 6196
642 299 749 364 επθ

1841 318 2263 391 ANDRONICI
2302 323 2645 389 COMNENI

3694 352 3760 416 880

639 419 814 477 audax
864 422 951 478 sit.
978 421 1108 477 Nam
1153 425 1253 481 etsi
1286 427 1504 498 quidam
1546 445 1648 484 non
1673 430 2001 500 dubitarunt,
2045 446 2203 505 atque
2233 443 2278 499 Α
2308 443 2542 496 cumtum
2588 460 2783 516 corpus
2813 460 3101 510 nascentes
3123 457 3395 513 terrestris
3421 458 3654 531 imaginem
3686 471 3756 522 luli-

636 513 750 566 ansi
804 513 937 567 adeo
980 525 1105 568 sunt
1163 517 1483 575 conﬁrmare
1531 538 1597 578 ex
1632 524 1826 578 Christi
1862 542 2092 594 persona
2117 528 2197 582 di-

634 618 800 669 ctum,
828 607 1061 674 scilicet:
1089 626 1107 658 ‹
1142 607 1274 675 Quia
1305 625 1403 682 ego
1434 627 1621 669 servus
1673 625 1814 678 tuus,
1844 629 1895 670 et
1931 619 2070 673 Illius
2099 636 2194 674 an-

628 697 764 752 cillae
791 710 893 751 tuae
928 697 1002 751 ":
1037 698 1088 752 in
1116 710 1291 756 mente
1315 702 1442 757 illud
1465 704 1721 760 habentes
1747 725 1759 761 :
1789 725 1806 757 ι
1836 707 1991 764 Pater
2023 711 2193 778 major

627 803 712 841 me
737 798 820 841 es:
854 789 919 851 δ’,
968 806 987 838 ι
1034 799 1088 842 at
1117 788 1285 846 multo
1302 790 1419 860 plus
1449 796 1674 850 interest
1697 798 2027 855 discriminis
2053 801 2193 855 inter

623 880 917 935 dominium
937 883 1332 948 etservitutem,
1355 901 1514 956 quam
1559 903 1776 944 causam
1803 904 1856 946 et
1884 903 2186 949 causatum.

623 972 803 1037 Quare
827 972 1092 1028 silendum
1118 977 1317 1045 potius,
1344 994 1405 1032 ac
1429 981 1876 1037 considerandum
1900 994 2002 1048 est,
2028 1002 2185 1054 quam

620 1065 912 1132 curiosius,
957 1081 1056 1121 nec
1106 1069 1239 1122 citra
1291 1070 1585 1138 periculum
1642 1075 1978 1142 agitandum.
2038 1097 2057 1130 ‹
2121 1077 2187 1132 Ει

619 1165 838 1225 propter
889 1165 941 1211 te
979 1155 1092 1212 haec
1115 1158 1294 1211 omnia
1326 1158 1424 1214 l'eci
1451 1159 1517 1214 ”.
1549 1179 1566 1212 ι
1598 1160 1825 1232 Drapter
1881 1175 1954 1227 te,
1989 1166 2182 1239 inquit,

620 1247 672 1297 in
723 1259 936 1302 crucem
961 1267 964 1270 ’
987 1261 1104 1301 sum
1152 1246 1373 1304 sulﬁxus
1405 1267 1419 1304 :
1455 1268 1475 1302 ι
1525 1249 1592 1306 Ut
1621 1267 1949 1325 cognoscant
1983 1267 2184 1323 te,'so-

617 1337 723 1390 lum
785 1336 949 1392 Deum
1005 1354 1210 1406 verum,
1246 1346 1322 1396 'et
1369 1357 1526 1412 quem
1570 1345 1762 1400 misisti
1803 1347 1984 1403 Jesum
2023 1349 2181 1405 Chri-

614 1439 778 1485 stum.
831 1449 850 1483 ι
883 1431 947 1485 Et
977 1445 1188 1486 rursum
1220 1449 1235 1487 ε
1271 1451 1291 1486 ‹
1322 1433 1468 1504 Opus
1489 1441 1875 1506 consummavi,
1920 1443 2061 1510 quod
2089 1440 2180 1495 de-

615 1522 740 1576 disti
776 1523 926 1588 mihi,
953 1533 1011 1578 ut
1036 1522 1228 1578 faciam
1262 1525 1330 1580 “.
1363 1543 1382 1578 ι
1418 1554 1488 1566 ο-
1518 1545 1538 1580 α
1579 1527 1644 1582 Ει
1675 1539 1728 1584 tu
1748 1534 2055 1587 conrertisti
2087 1549 2182 1590 cor

614 1615 794 1684 populi
854 1615 1016 1685 hujus
1051 1627 1170 1686 post
1199 1627 1248 1672 te
1296 1618 1363 1673 “.
1408 1636 1426 1670 ι
1457 1617 1762 1676 Judteorum
1795 1625 2093 1680 cecitatcm
2127 1634 2180 1681 et

614 1707 968 1778 pervicaciam
1028 1717 1197 1776 notat,
1255 1712 1701 1781 quemadmodum
1751 1717 1882 1770 etin
1923 1720 2180 1772 cruceait

615 1800 906 1856 homines:
950 1819 968 1852 ‹
1015 1799 1194 1868 Pater,
1221 1803 1429 1859 dimitte
1464 1805 1570 1861 illis
1601 1826 1615 1861 :
1652 1822 1754 1862 non
1792 1809 1933 1882 enim
1981 1812 2180 1875 sciunt,

609 1891 737 1958 quid
779 1893 979 1946 iaciunt
1027 1893 1184 1947 “.-—-
1209 1913 1227 1948 ι
1268 1895 1333 1950 Ει
1380 1899 1571 1953 cecidit
1598 1901 1736 1969 ignis
1784 1917 1809 1954 a
1846 1899 2070 1957 Domino
2111 1903 2179 1957 de

610 1987 747 2040 coelo
782 1986 882 2037 δ’.»
911 1984 1114 2040 Videtis
1146 1987 1493 2044 humanitatis
1512 1989 1711 2044 Christi
1751 1991 2178 2048 abSolutionem?

609 2077 832 2131 Cirlitns
886 2078 1136 2147 delapsus
1162 2079 1299 2146 ignis
1324 2079 1622 2136 divinitatis
1651 2085 1966 2138 descensum
2022 2101 2178 2140 mon—

607 2186 632 2223 s
664 2185 763 2233 rat,
821 2171 895 2222 uti
945 2171 1160 2239 quidam
1191 2171 1336 2224 inter
1370 2183 1582 2227 nostros
1623 2176 1799 2244 magni
1830 2177 2062 2230 nominis
2095 2177 2176 2230 in-

608 2264 724 2330 quit
755 2281 769 2316 :
807 2281 824 2312 ι
869 2265 1005 2316 Deus
1028 2273 1211 2317 noster
1242 2263 1381 2333 ignis
1407 2275 1525 2332 est;
1552 2276 1605 2321 et
1632 2268 1843 2336 quidem
1888 2270 2026 2338 ignis
2047 2285 2176 2324 con-

605 2367 826 2411 sumens
883 2354 930 2389 “
967 2375 985 2407 ι
1019 2353 1240 2426 ﬂagitia.
1274 2373 1294 2410 ς
1325 2356 1391 2411 Et
1410 2355 1691 2414 devoravit
1737 2361 2078 2430 holocausta,
2121 2373 2176 2418 et

607 2447 770 2514 ligna,
824 2455 880 2500 et
935 2461 1130 2516 aquam
1190 2446 1441 2514 aliusam,
1489 2457 1544 2505 et
1594 2464 1788 2520 aquam
1815 2453 1865 2507 in
1907 2455 2086 2508 mari:
2121 2465 2176 2509 et

608 2538 833 2607 lapides,
871 2548 924 2593 cl
977 2548 1174 2594 terram
1204 2539 1362 2596 limit
1414 2542 1570 2613 ignis.
1607 2563 1627 2597 ι
1686 2545 1799 2601 Hoc
1831 2557 2170 2616 peccatorum

603 2628 1023 2681 internecionem
1108 2637 1270 2698 atque
1362 2629 1817 2689 oblitterationetu
1889 2635 2169 2706 designat.

605 2737 628 2769 s
681 2716 749 2772 Et
794 2718 988 2773 cecidit
1021 2721 1197 2774 omnis
1226 2722 1452 2794 populus
1485 2722 1542 2780 in
1573 2724 1762 2780 faciem
1797 2742 1975 2790 suam,
2007 2738 2062 2782 et
2093 2730 2174 2782 di-

602 2811 679 2863 xit
714 2807 904 2878 πνεῖς
953 2810 1208 2868 Dominus
1251 2814 1393 2869 Deus
1442 2813 1558 2887 ipse
1589 2827 1672 2871 est
1719 2816 1858 2872 Deus
1884 2816 1950 2873 δ’.
1991 2837 2010 2871 ι
2035 2818 2168 2874 Nam

599 2903 741 2957 obita
765 2902 908 2957 vitali
936 2915 1123 2970 morte,
1147 2908 1389 2962 centurio
1443 2916 1497 2962 et
1518 2909 1566 2963 ei
1591 2919 1851 2976 astantes,
1882 2911 2168 2967 Dominum

602 2994 1045 3052 nostruchsuin
1061 2995 1344 3053 Christum
1380 3013 1508 3055 vere
1532 2999 1622 3056 Dei
1655 3000 1846 3058 Filium
1891 3005 2164 3060 dixerunt.

598 3086 706 3143 Nec
735 3087 806 3142 illi
847 3089 1040 3155 solum,
1066 3088 1158 3145 sed
1183 3091 1406 3160 apostoli
1440 3108 1656 3165 quoque
1698 3106 1817 3165 post
1840 3097 2162 3168 supplicium

597 3181 724 3238 facti
747 3182 1190 3238 coniirmatiores.
1224 3182 1498 3255 Siquidem
1524 3188 1601 3241 ait
1627 3188 1854 3246 dilectus
1882 3208 1896 3244 :
1930 3209 1949 3243 ι
1983 3190 2168 3260 Neque

594 3276 739 3334 enim
779 3274 970 3330 fratres
999 3274 1115 3343 ejus
1141 3276 1430 3333 credebant
1461 3279 1513 3333 in
1541 3294 1667 3337 eum
1691 3281 1759 3339 ”.
1797 3302 1816 3335 ι
1847 3284 1984 3352 Quin
2015 3287 2165 3345 orbis

594 3369 727 3429 adeo
783 3377 1050 3424 terrarum
1097 3369 1265 3424 multo
1313 3374 1483 3441 magis
1529 3369 1804 3446 Unigeniti
1836 3381 2162 3448 praeconium

594 3478 713 3517 cum
751 3462 932 3516 lautitia
957 3465 1212 3535 suscepit,
1231 3473 1287 3518 ut
1311 3463 1375 3520 de
1392 3480 1456 3521 eo
1487 3468 1694 3535 prolixe
1714 3480 1942 3525 testatur
1967 3473 2160 3532 lsaias:

600 3571 618 3602 ι
678 3552 1041 3607 Ambulabuut
1072 3554 1126 3607 in
1153 3569 1213 3609 ea
1245 3555 1490 3625 (scilicet
1528 3557 1920 3634 Hierosolyma)
1952 3568 2163 3619 redem-

594 3643 669 3712 pti
715 3660 744 3697 a
775 3643 1000 3701 Domino
1049 3645 1317 3716 (pretioso
1349 3650 1652 3723 sanguine),
1696 3662 1751 3708 et
1782 3669 2164 3713 convertentur

595 3745 649 3788 ct
687 3735 901 3790 venient
924 3736 976 3790 in
1024 3735 1153 3792 Si0n
1185 3738 1254 3793 ³¹.
1285 3757 1304 3792 ι
1340 3739 1397 3795 ld
1421 3753 1525 3809 est,
1561 3745 1628 3800 ab
1649 3760 1878 3802 erronea
1901 3751 2162 3820 supersti-

593 3837 761 3889 tione,
811 3827 914 3882 ἰωιὶ
947 3837 1106 3898 atque
1131 3842 1354 3887 ovantes
1386 3835 1451 3889 ad
1499 3835 1772 3892 Christum
1803 3840 2038 3910 venient,
2065 3858 2162 3913 per

591 3918 709 3986 ejus
738 3920 1187 3976 resurrectionem
1223 3925 1570 3980 constabiliti.
1644 3947 1662 3980 ι
1698 3928 1764 3983 Ει
1802 3931 1984 3987 laetitia
2017 3949 2164 3989 sem-

596 4009 804 4076 piterna
856 4023 1016 4076 super
1073 4022 1232 4080 caput
1287 4027 1494 4068 eorum.
1540 4033 1558 4066 ι
1588 4016 1928 4085 Gaudebunt,
1962 4020 2158 4090 inquit,

589 4111 749 4166 super
783 4098 1055 4167 agnitione
1078 4104 1160 4156 sui
1183 4104 1505 4173 eapitis,qui
1546 4106 1795 4165 Christus
1816 4120 1919 4166 est.
1954 4131 1974 4164 ι
2013 4111 2160 4169 Gau-

585 4189 731 4242 dium
767 4199 822 4243 et
868 4189 1107 4246 laetitiam
1159 4194 1520 4252 obtinebunt:
1558 4218 1576 4250 ι
1613 4199 1663 4253 id
1691 4211 1795 4267 est,
1853 4203 1960 4258 laeti
1998 4216 2159 4278 atque

585 4278 939 4336 exultabundi
997 4294 1318 4346 assertorem
1367 4304 1522 4344 suum
1571 4293 1957 4360 praedicabunt.
2013 4317 2032 4350 ι
2089 4299 2158 4355 Ει

585 4372 755 4444 fugiet
774 4373 923 4430 dolor
943 4386 995 4431 et
1026 4378 1258 4448 gemitus
1281 4381 1346 4434 ".
1376 4401 1402 4433 θ
1454 4383 1701 4441 Dolorem
1745 4389 1948 4444 nullum
1995 4402 2156 4463 atque

584 4468 839 4537 gemitum
890 4469 942 4523 iu
1002 4471 1066 4526 iis
1125 4473 1388 4543 reliquum
1430 4477 1544 4532 {ore
1591 4482 2148 4554 c0niirmat,quorum

582 4574 743 4629 super
788 4560 960 4630 capite
1015 4564 1264 4634 gaudium
1300 4581 1532 4635 perenne
1565 4573 1654 4624 sit.
1683 4569 1793 4626 Nec
1831 4589 1957 4628 vero
1984 4577 2154 4630 otiose

581 4650 755 4703 dixit:
796 4668 812 4700 ι
885 4666 1045 4721 super
1100 4665 1280 4724 caput,
1333 4675 1351 4709 ι
1399 4662 1492 4713 sed
1537 4666 1865 4731 utgaudium
1911 4668 2148 4722 omnium

581 4742 898 4809 gaudiorum
954 4746 1443 4804 eminentissimum
1507 4754 1826 4812 declararet.
1878 4759 2025 4824 Quod
2057 4766 2151 4814 ad-

582 4834 659 4884 dit
686 4849 700 4885 :
731 4851 748 4884 σ
776 4832 978 4888 Laetitia
1003 4839 1348 4907 sempiterna,
1379 4862 1396 4893 ι
1420 4843 1469 4896 id
1497 4861 1560 4898 eo
1574 4849 1832 4915 pertinet,
1861 4867 1924 4905 ne
1949 4854 1998 4905 id
2025 4871 2150 4923 gau-

579 4925 749 4992 dium,
783 4930 1050 4997 baptismi,
1080 4933 1315 5000 inquam,
1363 4941 1585 5004 gratiam
1623 4945 1879 4998 caducam
1919 4962 1980 5000 ac
2007 4957 2142 5001 tun-

579 5023 844 5087 porariani
907 5026 1177 5093 crederes,
1223 5033 1315 5084 sed
1378 5047 1612 5102 perenne
1654 5042 2141 5110 acscmpitcrnum.

579 5113 710 5166 Nam
773 5125 831 5168 ut
875 5117 1021 5185 prior
1067 5119 1303 5176 Adamus
1350 5125 1587 5180 violanda
1641 5128 1756 5198 lege
1795 5135 2140 5203 tetltporaletn

577 5207 730 5262 nobis
778 5221 1006 5264 mortem
1032 5213 1371 5281 conciliavit;
1428 5218 1498 5270 ita
1527 5230 1576 5272 ct
1600 5219 1867 5290 Christus,
1893 5227 1980 5295 qui
2008 5229 2143 5283 alter

573 5311 654 5355 est
700 5304 957 5371 Adatnus,
986 5307 1100 5359 sine
1129 5306 1255 5360 vitio
1284 5324 1618 5378 corporatus,
1667 5331 1956 5382 perennem
1982 5333 2142 5392 atque

571 5392 935 5466 incorruptam
995 5399 1451 5456 immortalitatem
1508 5407 1752 5461 cootultt.
1785 5412 1860 5464 Ac
1889 5415 2032 5468 velut
2056 5436 2137 5471 sc-

637 5623 678 5654 “
719 5623 857 5678 Psal.
893 5642 1014 5692 ειν,
1060 5627 1143 5681 i6.

567 5693 658 5751 37.

563 5766 618 5821 5.

1218 5631 1263 5659 “
1291 5629 1443 5686 Joan.
1476 5649 1583 5697 xrv,
1615 5635 1704 5691 28.

733 5697 788 5776 θ’·
813 5699 942 5751 an.
975 5714 1139 5776 tum,
1176 5700 1282 5776 3i.
1317 5702 1384 5776 fi
1425 5705 1486 5757 lll
1514 5704 1645 5775 Reg.
1696 5725 1846 5776 xuu,
1884 5711 1971 5765 58.

695 5767 736 5798 ¹¹
772 5765 874 5820 lsa.
910 5783 1049 5836 aut;
1111 5769 1164 5825 9.
1242 5772 1286 5804 "
1314 5773 1446 5830 Ibid.
1486 5777 1570 5831 l0.

2053 5695 2094 5748 θ’
2130 5695 2358 5776 Ι)ρυι.ἰν
2382 5765 2396 5787 ,
2431 5724 2518 5780 24.

1675 5780 1721 5810 ⁸³
1751 5783 1925 5837 Calai.
1968 5803 2044 5855 tn,
2095 5788 2185 5845 ‘27.

2308 547 2463 601 unus;
2511 534 2589 589 sic
2622 551 2717 605 per
2753 540 3077 609 baptismum
3117 549 3367 612 recreati.
3411 553 3609 608 caelestis
3641 557 3750 628 iunp-

2303 639 2424 677 nem
2505 625 2828 685 induimus:
2892 651 2911 684 ι
2971 632 3285 705 Quicunque
3366 642 3500 695 enim
3537 644 3579 696 iu
3620 625 3748 702 causa

2300 716 2554 783 baptizati
2573 723 2726 789 estis,
2750 723 3025 781 Christum
3051 727 3298 786 iuduistis
3325 733 3392 786 ⁸⁸.
3428 751 3444 785 ι

2368 841 2544 906 Atque
2566 841 2678 894 ha‘e
2698 841 2832 896 satis
2856 857 2974 896 esse
3008 846 3076 898 de
3108 847 3371 916 baptismo
3418 848 3642 904 existimo.
3666 852 3756 916 Quod

2296 929 2339 982 si
2391 929 2534 983 enim
2565 946 2630 984 ex
2683 931 2766 987 his
2809 934 3094 991 veritatem
3157 952 3260 992 non
3308 940 3612 1007 percepistis,
3651 958 3713 995 nrc
3734 944 3760 996 si

2294 1021 2444 1089 plura
2485 1021 2746 1077 addamus
2783 1025 3021 1093 quidem,
3062 1018 3389 1098 percipietis.
3443 1031 3493 1086 Id
3523 1035 3630 1088 adeo
3650 1035 3760 1088 [Joan-

2295 1127 2395 1167 nus
2434 1113 2768 1183 signiﬁcans,
2816 1116 2886 1171 de
2927 1118 3076 1173 vobis
3100 1122 3430 1177 continuat:
3469 1141 3484 1174 ι
3516 1123 3563 1178 Si
3586 1124 3712 1181 Mosen
3731 1140 3761 1180 et

2291 1205 2585 1272 prophetas
2640 1222 2744 1260 non
2796 1210 3041 1275 audiunt,
3097 1227 3273 1282 neque
3329 1214 3375 1269 si
3401 1216 3514 1282 quis
3546 1222 3763 1270 etin-omnis

2291 1298 2674 1362 resurrexerit,
2738 1301 2958 1357 credent
2988 1304 3057 1358 ⁸⁸.
3095 1323 3112 1356 ι
3146 1305 3327 1375 Itaque
3379 1320 3434 1361 et
3473 1323 3559 1364 uos
3607 1311 3766 1378 dispun-

2292 1387 2494 1443 tionem
2530 1391 2594 1444 de
2613 1391 2880 1459 baptismo
2902 1395 3273 1451 terminemus.

2356 1502 2710 1578 Jun.7Ecquid
2747 1523 2875 1562 vero
2897 1508 3146 1578 prohibet
3201 1510 3421 1568 Christo
3466 1513 3766 1578 ﬁdemhabete,

2286 1577 2521 1664 cuinque
2559 1601 2962 1662 verum'Denm,
2997 1611 3050 1654 et
3075 1599 3170 1657 Dei
3210 1602 3430 1671 Filium,
3479 1606 3674 1673 ejusdem
3693 1624 3766 1658 cum

2286 1685 2446 1742 Patre
2496 1698 2725 1755 naturae,
2769 1692 3038 1759 conilteri,
3079 1705 3237 1764 atque
3301 1695 3513 1751 interim
3561 1696 3769 1769 Mosairam

2215 1807 2254 1863 Β
2286 1793 2500 1848 quoque
2551 1780 2719 1850 legem
2783 1785 2917 1838 tueri
2984 1801 3050 1840 ac
3095 1788 3371 1854 retinere;
3433 1799 3488 1842 ut
3526 1791 3570 1842 in
3595 1793 3770 1844 omnibus

2286 1879 2571 1939 utrumque
2613 1886 2823 1928 servom
2873 1885 2930 1928 et
2995 1877 3316 1946 amplectar.
3395 1879 3591 1934 futurus
3614 1883 3772 1936 duarum

2283 1965 2550 2021 bonorum
2601 1971 2878 2025 consors?
2921 1970 3153 2026 Omnino
3201 1972 3400 2026 nullam
3457 1991 3516 2028 ca
3560 1989 3630 2028 res
3673 1976 3774 2028 nobis

2284 2060 2754 2126 reprehensionem
2805 2062 3006 2128 inuret,
3073 2079 3246 2134 neque
3298 2065 3542 2122 dicturus
3584 2067 3773 2136 estquis-

2279 2164 2463 2218 quam,
2505 2155 2648 2221 quod
2676 2153 2877 2206 bonum
2911 2164 3015 2218 est,
3041 2155 3089 2207 id
3111 2156 3306 2210 bonum
3329 2173 3440 2211 non
3476 2172 3603 2212 esse.

2347 2261 2573 2317 CHRIST.
2623 2263 2766 2316 Sane
2809 2265 2952 2318 enim
3011 2265 3249 2334 perbene
3274 2279 3377 2334 εει,
3418 2269 3460 2324 si
3491 2283 3585 2322 non
3611 2270 3777 2322 duorum

2277 2355 2459 2419 tnodo,
2505 2345 2599 2408 sed
2651 2355 2813 2409 etiam
2845 2355 3076 2425 plurium
3138 2358 3402 2414 honorum
3442 2372 3706 2416 consortem
3747 2371 3777 2414 te

2276 2457 2526 2514 praestes.
2575 2444 2680 2501 Sed
2736 2460 2833 2501 nec
2882 2447 3168 2516 utriusque
3211 2450 3456 2504 natitiam
3481 2465 3654 2520 capere
3677 2462 3777 2518 pote-

2277 2537 2400 2600 stis,
2435 2551 2532 2590 nec
2563 2548 2872 2594 sanctorum
2898 2538 3182 2608 quisquam
3215 2539 3264 2594 id
3312 2541 3684 2610 permittit,aut
3707 2541 3777 2608 ipsi

2277 2627 2328 2680 in
2356 2625 2542 2696 primis
2567 2625 2836 2696 Christus,
2861 2618 3013 2697 cujus
3037 2628 3150 2682 hzec
3175 2633 3448 2685 sententia
3467 2641 3545 2686 est
3575 2648 3589 2685 ε
3623 2649 3639 2682 ς
3665 2627 3777 2684 lien-.0

2273 2729 2450 2789 potest
2471 2719 2678 2775 duobus
2702 2721 2931 2774 dominis
2954 2722 3161 2777 servire
3191 2739 3205 2777 :
3233 2733 3324 2776 aut
3353 2724 3501 2778 enim
3537 2738 3678 2776 unum
3697 2721 3777 2774 odit

2276 2813 2522 2877 habebit,
2581 2821 2635 2866 et
2699 2811 2927 2865 alterum
2982 2811 3317 2882 diliget;aut
3339 2829 3507 2868 unum
3547 2811 3777 2876 sustinebit.

2273 2920 2326 2964 et
2355 2911 2577 2965 alterum
2601 2918 2910 2964 contemnet
2938 2911 3002 2963 ⁵⁸.
3036 2928 3055 2962 ι
3083 2908 3348 2966 Praeterea
3377 2912 3571 2967 bonum
3589 2912 3777 2966 bacteunt

2273 2999 2473 3054 bonum
2516 3010 2624 3062 est,
2669 3000 2712 3054 si
2771 3000 2931 3065 alteri
2978 3001 3118 3056 bono
3143 3018 3247 3055 non
3270 3002 3340 3056 sit
3372 3003 3566 3067 fraudi,
3593 3012 3722 3070 atque
3738 2995 3777 3054 ad

2218 3142 2235 3166 ,
2273 3093 2500 3162 potioris
2548 3093 2957 3148 dissolutionem
3009 3103 3407 3164 comparatum.
3433 3095 3528 3151 Sin
3551 3106 3706 3150 contra
3729 3092 3777 3144 lat

2190 3143 2236 3205 ϐ
2269 3143 2394 3250 ciat,
2461 3184 2657 3254 poterit
2691 3184 2741 3238 id
2760 3184 2978 3255 quidem
3049 3143 3280 3242 foriasse
3336 3188 3604 3242 nmiuullis
3640 3187 3777 3239 b0lllll|

2267 3278 2462 3343 videri,
2516 3277 2723 3333 functio
2768 3289 2914 3333 certe
2936 3293 3275 3349 nequaquam
3303 3279 3449 3336 bona
3487 3290 3584 3336 est.
3622 3278 3726 3333 Nam
3751 3285 3777 3330 cl

2267 3369 2622 3440 philosOphus
2650 3371 2868 3439 quidam
2896 3369 3094 3426 bonum
3122 3383 3307 3426 censet
3340 3387 3451 3427 non
3480 3384 3596 3428 esse
3622 3369 3777 3430 bomnm

2266 3463 2312 3518 si
2377 3478 2442 3517 co
2472 3462 2608 3516 bene
2641 3478 2744 3516 non
2796 3461 3044 3533 fungare.
3093 3459 3211 3517 Jam
3261 3477 3392 3516 vero
3430 3473 3487 3517 ut
3530 3477 3628 3516 non
3661 3461 3777 3514 cunni

2270 3554 2534 3608 dissensio
2589 3553 2846 3623 pessima,
2884 3555 2978 3608 sed
3010 3553 3274 3608 interdum
3327 3555 3470 3608 adeo
3503 3552 3681 3621 Optima
3705 3559 3777 3604 est;

2267 3643 2340 3698 ita
2367 3660 2472 3698 non
2497 3643 2672 3698 omnis
2701 3643 2991 3698 concordia
3021 3644 3246 3712 optima,
3288 3644 3422 3713 quin
3451 3654 3504 3698 et
3533 3643 3777 3710 plcruntqui

2266 3737 2648 3792 nocentissima
2681 3746 2784 3791 est.
2822 3736 2926 3790 Sed
2970 3736 3162 3803 utejus
3213 3738 3500 3792 sententiae
3521 3737 3620 3788 vim
3672 3745 3777 3799 apert

2266 3828 2374 3886 tius
2402 3828 2707 3896 ostendam,
2740 3829 2955 3884 tentabo
2983 3843 3093 3884 rem
3118 3830 3384 3899 exemplis
3411 3827 3693 3884 declarare.

2800 4002 3030 4059 CAPUT
3051 4001 3284 4058 XLYllL

2498 4168 2649 4241 legis
2688 4167 2884 4224 Christi
2911 4185 3028 4223 cum
3068 4168 3213 4225 ﬂore
3254 4171 3601 4238 comparatio.

2328 4322 2463 4376 Tres
2508 4320 2655 4391 leges
2696 4314 2796 4376 SS.
2831 4318 3114 4376 Trinitatis
3148 4321 3408 4391 maiestas
3440 4323 3699 4391 prodidit:
3723 4335 3777 4372 na

2259 4414 2507 4478 turalem,
2553 4419 2805 4482 scriptam
2879 4424 2935 4468 et
2967 4413 3283 4480 spiritalem.
3328 4411 3533 4468 Earum
3578 4409 3777 4468 naturali!

2184 4489 2227 4546 θ
2257 4505 2426 4558 instar
2448 4514 2529 4558 est
2559 4504 2839 4558 domestici
2866 4503 3028 4573 ignis.
3057 4503 3191 4558 Nam
3225 4521 3346 4558 cum
3389 4509 3542 4575 prius
3575 4506 3622 4559 in
3647 4515 3777 4573 postea

2259 4595 2461 4648 riornm
2507 4594 2736 4648 duarum
2776 4594 3112 4665 ignoratione
3148 4596 3392 4651 homines
3427 4599 3692 4667 degerent.
3718 4611 3777 4646 Iw

2256 4685 2413 4740 turali
2466 4687 2601 4756 lege,
2625 4688 2777 4755 quasi
2830 4689 3062 4756 quodam
3094 4688 3388 4743 domestico
3409 4690 3559 4758 igne,
3590 4689 3777 4758 aliquae

2258 4781 2423 4849 lisper
2447 4781 2920 4835 collustrabautur.
2959 4781 3157 4835 Deinde
3173 4782 3315 4835 edita
3351 4781 3558 4851 scripta
3578 4791 3670 4843 est,
3696 4788 3777 4846 quat

2256 4873 2444 4924 umbra
2509 4873 2752 4938 quaedam
2808 4882 2971 4939 atque
3024 4870 3330 4939 exemplum
3373 4882 3527 4926 esset
3551 4868 3777 4940 spiritalis,

2251 4964 2391 5018 luna:
2473 4973 2778 5030 comparata
2837 4962 3044 5016 lumini.
3093 4959 3343 5016 Cmiestis
3395 4974 3578 5016 autem
3623 4961 3696 5011 illa
3746 4963 3777 5008 ri

2252 5057 2532 5126 spiritalis,
2596 5066 2757 5122 atque
2809 5072 2838 5107 a
2878 5069 3002 5110 vero
3035 5053 3259 5124 iustitia:
3285 5054 3411 5110 Sole
3445 5055 3692 5124 proiecta,
3719 5067 3777 5102 ωε

2247 5164 2334 5217 pet
2363 5146 2528 5200 solem
2561 5146 2779 5207 elinlsit,
2814 5156 2869 5198 et
2910 5147 3182 5199 hominum
3217 5159 3430 5198 tuentes
3454 5147 3672 5214 quadam
3693 5149 3777 5192 tam

2245 5254 2402 5308 quam
2459 5238 2578 5292 luce
2601 5249 2759 5305 atque
2795 5234 2986 5303 jubare
3011 5237 3263 5305 perfudit,
3298 5240 3362 5290 ad
3413 5239 3658 5305 viamque
3677 5234 3777 5287 verit

2246 5332 2370 5386 tatis
2408 5331 2641 5383 deduxit.
2705 5329 2873 5398 Igitur
2937 5331 3106 5383 bonus
3144 5338 3224 5382 est
3276 5339 3332 5383 et
3381 5329 3702 5383 domestiCus
3741 5323 3777 5375 in

2249 5423 2486 5478 tenebris
2511 5437 2774 5491 apparens
2801 5423 2964 5490 ignis,
2996 5425 3087 5478 sed
3117 5424 3305 5479 melior
3330 5426 3509 5494 lente;
3548 5429 3668 5482 solis
3686 5429 3777 5480 teri1

2530 5656 2572 5687 “
2617 5655 2773 5709 Jaan.
2846 5673 2977 5715 xvxt.
3021 5661 3076 5725 ὅ,
3121 5662 3171 5714 ι.

2615 5730 2658 5758 δ’
2701 5729 2764 5781 Ill
2797 5727 2924 5793 Reg.
2953 5746 3106 5794 xvm,
3133 5732 3222 5796 58,
3263 5732 3348 5786 59.

2289 5796 2335 5825 ⁵⁸
2379 5795 2509 5851 Luc.
2553 5813 2661 5864 ut,
2694 5800 2782 5854 51.
2861 5801 2907 5831 ⁸⁸
2946 5800 3135 5856 Matth.
3167 5795 3240 5868 vi,
3287 5805 3367 5859 ll.

3282 5663 3326 5693 "
3357 5661 3425 5715 lll
3477 5661 3604 5728 lteg.
3654 5673 3777 5711 xvtttt

3435 5733 3482 5765 ⁸⁸
3516 5738 3660 5789 Joau.
3706 5742 3777 5781 vn.
