4004 6206
179 306 258 368 881
1192 303 1580 366 DIALOGUS
1609 301 1909 365 CONTRA
1945 305 2260 370 JUD/EOS

3276 294 3388 361 882

180 424 328 480 multis
348 421 586 495 partibus
604 421 830 489 clarior,
860 423 1056 494 quippe
1079 430 1368 495 utrquue
1383 425 1674 480 obi'sscans
1699 440 1716 490 ;
1750 429 1793 484 Δ
1822 426 1937 480 dies
1962 428 2202 490 venient,
2232 428 2359 482 dicit
2402 425 2660 482 Dominus
2686 442 2700 480 :
2733 432 2784 480 et
2825 423 3013 479 feriam
3039 421 3221 480 domui
3250 419 3385 476 Inda

177 531 392 574 caeterum
446 517 781 587 illejustittre
820 515 964 571 Solis
994 517 1078 571 vel
1104 517 1279 585 ipsum
1319 517 1484 573 solem
1516 519 1724 573 exstin-

177 612 284 678 guit.
319 608 426 665 Nec
449 608 673 678 injuria,
706 608 970 676 siquidem
999 624 1133 679 opus
1153 625 1311 664 omne
1361 611 1500 665 cedit
1521 611 1720 679 Opiﬁt'i.

179 711 238 754 At:
259 701 696 770 quemadmodum
724 698 836 764 Ml)
861 700 1084 755 meridie
1101 702 1389 766 consumi,
1428 694 1711 770 splendide

176 793 444 846 collucente
505 791 644 854 sole,
694 791 979 846 domestici
1009 792 1147 862 ignis
1203 808 1333 849 usus
1362 809 1469 848 non
1498 793 1724 857 est;sic

186 895 505 954 p-tsteaquam
541 883 764 950 iustitia:
814 881 905 938 Sol
962 882 1154 951 illuxit,
1217 893 1270 939 et
1295 886 1481 952 gratiae
1523 886 1723 939 veritas

173 989 238 1033 est
271 980 495 1042 detecta,
535 987 644 1030 tum
673 976 957 1040 naturalis.
978 983 1089 1030 tum
1124 979 1321 1046 scripta
1355 977 1438 1030 lex
1488 979 1719 1046 abroga-

176 1083 243 1124 ne.
279 1069 349 1122 Ad
376 1067 624 1123 eumdem
647 1069 860 1123 modum
894 1069 1061 1138 legale
1092 1067 1318 1132 Pascha,
1354 1082 1407 1123 nt
1439 1070 1722 1139 theologus

173 1160 364 1229 quidam
399 1169 617 1214 nostras
646 1161 738 1225 ait,
765 1160 994 1228 exempli
1051 1161 1351 1230 exemplum
1377 1170 1495 1215 erat
1530 1161 1721 1214 obscu~

173 1254 286 1306 rius.
335 1248 453 1305 Iam
513 1249 735 1316 Paulus,
786 1252 888 1304 tnei
939 1251 1145 1306 Christi
1207 1267 1291 1316 os,
1331 1251 1718 1318 Benjamiuensi

179 1342 299 1396 tribu
326 1353 496 1406 ortus,
524 1344 861 1410 aliquatenus
895 1359 992 1396 nos
1037 1345 1239 1406 videre,
1297 1353 1353 1396 et
1380 1344 1721 1413 aliquatenus

173 1434 432 1487 vaticinari
461 1435 620 1490 docet
639 1435 790 1502 ⁸⁶·⁸⁷;
823 1445 877 1487 at
907 1450 1027 1488 cum
1055 1436 1376 1490 successerit
1399 1436 1717 1503 perlectum,

172 1527 623 1598 tumaliquatenus
651 1529 750 1582 hoc
779 1528 1010 1582 deletum
1043 1527 1132 1586 iri.
1167 1530 1347 1596 Quare
1375 1540 1430 1583 nt
1463 1530 1720 1595 perfecta:

168 1615 290 1668 illius
336 1627 533 1672 nostra:
589 1617 998 1674 restaurationis
1054 1621 1240 1675 umbra
1279 1635 1341 1674 ac
1384 1619 1586 1692 elligies
1615 1630 1716 1683 est,

168 1705 402 1776 quidquid
447 1709 498 1763 in
537 1710 714 1764 medio
758 1710 986 1780 pasitum
1026 1721 1132 1775 est,
1179 1715 1249 1766 ita
1279 1727 1407 1766 sane
1436 1715 1640 1769 invecta
1666 1715 1716 1767 in

167 1800 330 1852 orbem
396 1811 668 1855 terrarum
733 1803 957 1873 spiritali
1015 1805 1151 1874 lege,
1201 1806 1341 1859 nulla
1399 1806 1504 1859 alia
1560 1819 1720 1873 porro

170 1903 293 1956 opus
321 1891 605 1952 habemus.
654 1891 837 1963 Neque
864 1910 992 1951 vero
1020 1898 1100 1951 vel
1153 1897 1414 1950 tantillum
1467 1896 1722 1966 spiritalis

164 1998 187 2031 ει
217 1984 408 2049 scripta
443 1986 738 2052 discrepat,
774 1987 904 2054 quin
940 1989 1118 2057 patius
1154 1991 1439 2044 conﬁrmat
1468 2006 1532 2045 ac
1563 1990 1722 2045 resti-

167 2071 286 2140 tuit;
321 2077 372 2129 id
407 2080 548 2143 quod
579 2088 808 2134 testatur
834 2093 884 2134 et
917 2081 1261 2150 meuslesns,
1295 2086 1348 2138 in
1373 2086 1486 2140 haec
1509 2089 1674 2140 verba
1702 2102 1718 2140 :

167 2184 182 2216 ι
217 2165 386 2224 Nolite
446 2184 656 2239 putare,
709 2180 964 2244 quoniam
1015 2179 1132 2231 veni
1165 2179 1372 2232 solvere
1403 2176 1595 2247 legem,
1631 2189 1722 2232 aut

161 2261 474 2329 prophetas;
530 2281 634 2320 non
694 2268 813 2322 veni
876 2269 1106 2333 solvere,
1137 2270 1228 2324 sed
1272 2270 1564 2340 adimplere
1593 2271 1656 2326 ³⁸.
1695 2289 1714 2324 ν

162 2353 326 2422 Atque
360 2364 422 2410 ut
453 2359 767 2424 explicatius
792 2361 1039 2428 videatis,
1072 2364 1205 2433 ipsis
1225 2365 1401 2418 verbis
1435 2364 1716 2419 veritatem

158 2454 475 2506 s'atnamus.
530 2449 671 2519 Ergo
699 2461 752 2506 et
806 2451 966 2509 habet
992 2453 1113 2508 lex:
1149 2472 1169 2507 r
1202 2455 1336 2509 Audi
1371 2454 1537 2510 Israel
1566 2474 1580 2511 :
1611 2457 1718 2510 Do-

159 2537 327 2592 minus
383 2537 528 2593 Deus
581 2549 723 2604 tuus,
782 2542 1038 2599 Dominus
1071 2561 1207 2600 unus
1246 2558 1348 2601 est.
1394 2547 1586 2619 Diliges
1623 2549 1723 2602 Do-

157 2624 348 2679 minum
405 2627 571 2682 Deum
625 2641 772 2684 tuum
805 2647 869 2687 ex
924 2642 1032 2688 tota
1066 2637 1243 2689 anima
1274 2647 1386 2700 tua,
1431 2648 1484 2691 et
1514 2653 1578 2692 ex
1609 2647 1719 2692 tota

153 2715 457 2773 fortitudine
508 2731 593 2775 tua
645 2734 696 2776 et
725 2740 787 2778 ex
847 2734 955 2780 tota
989 2736 1167 2781 mente
1192 2740 1280 2782 tua
1317 2730 1384 2780 ⁸⁹.
1425 2750 1443 2782 ι
1483 2728 1548 2784 Et
1599 2748 1719 2784 rnr-

153 2825 258 2861 sunt
293 2827 308 2864 :
363 2829 383 2863 ι
428 2811 625 2882 Diliges
658 2815 960 2880 proximum
983 2826 1129 2871 tuum
1158 2819 1301 2873 sicut
1331 2820 1558 2889 teipsum
1591 2821 1658 2873 “.
1697 2839 1716 2872 ι

1829 516 2003 571 fmdus
2035 533 2266 571 novum:
2301 532 2406 570 non
2445 517 2742 572 secundum
2775 525 3012 583 pactum,
3046 511 3185 581 quod
3212 513 3387 584 pepigi

1825 623 1950 664 cum
1981 611 2221 676 patribus
2264 625 2451 664 eorum
2489 613 2538 663 in
2587 612 2672 664 die
2748 625 2851 677 qua
2901 607 3226 678 apprehendi
3276 620 3390 660 ma-

1828 718 1955 755 num
1989 717 2197 763 eorum,
2257 712 2316 756 nt
2341 707 2624 756 educerem
2660 715 2752 755 eos
2803 700 2870 753 de
2929 709 3080 753 terra
3123 694 3388 766 Egypti:

1826 805 2039 862 pactum
2074 795 2216 861 quod
2255 794 2464 848 irritum
2498 794 2759 848 fecerunt.
2797 791 2859 846 Et
2887 806 2984 860 ego
3030 790 3237 858 neglexi
3267 801 3385 852 eos,

1824 885 1955 941 dicit
1989 887 2266 940 Dominus.
2311 886 2419 940 Sed
2467 885 2568 939 hoc
2593 885 2696 938 erit
2745 891 2980 950 pactum,
3013 883 3153 949 quod
3199 878 3386 938 feriam

1824 991 1947 1032 cum
1987 978 2147 1033 domo
2203 976 2412 1034 lsrael:
2461 977 2588 1033 Post
2631 974 2746 1030 dies
2785 974 2922 1037 illos,
2954 971 3084 1027 dicit
3108 971 3388 1029 Dominus.

1825 1071 1963 1125 dabo
1994 1070 2166 1137 legem
2203 1085 2376 1125 meam
2408 1070 2462 1124 in
2493 1065 2795 1123 visceribus
2820 1080 3032 1129 eorum,
3064 1074 3119 1117 et
3149 1063 3200 1117 in
3229 1063 3391 1117 corde

1823 1179 2010 1219 eorum
2066 1163 2299 1220 scribam
2337 1178 2500 1221 eam:
2553 1175 2608 1217 et
2635 1176 2730 1218 ero
2756 1163 2836 1216 eis
2891 1160 2942 1212 in
2976 1157 3168 1221 Deum,
3212 1166 3266 1210 et
3288 1155 3388 1223 ipsi

1823 1266 1982 1311 erunt
2010 1255 2142 1310 mihi
2178 1257 2230 1309 in
2264 1254 2542 1325 populum.
2601 1254 2669 1308 Et
2717 1267 2822 1306 non
2865 1251 3075 1306 docebit
3105 1249 3245 1303 ultra
3308 1247 3388 1298 vir

1825 1351 2125 1418 proximum
2157 1367 2336 1415 suum,
2389 1360 2443 1406 et
2501 1350 2585 1404 vir
2643 1349 2862 1405 fratrem
2918 1362 3100 1406 suum.
3163 1345 3389 1399 dicens:

1822 1441 2101 1511 Cognosce
2131 1439 2457 1499 Dominum:
2521 1454 2708 1494 omnes
2742 1439 2885 1493 enim
2945 1440 3278 1506 cognoscent
3305 1449 3390 1485 me

1822 1549 1854 1588 a
1885 1532 2110 1588 minimo
2135 1547 2322 1587 eorum
2345 1547 2516 1601 usque
2539 1533 2606 1585 ad
2639 1531 2954 1593 maximum,
2991 1531 3064 1582 ait
3086 1528 3345 1582 Dominus
3373 1541 3389 1579 :

1822 1626 1947 1695 quia
1976 1625 2306 1695 pr0pitiabor
2335 1623 2602 1691 iniquitati
2620 1637 2831 1690 eorum,
2861 1633 2917 1677 et
2956 1620 3164 1689 peccati
3194 1632 3384 1674 eorum

1825 1731 1930 1771 non
1977 1716 2332 1771 memorahor
2369 1713 2603 1786 amplius
2634 1715 2702 1768 ".
2745 1731 2766 1765 ι
2815 1714 3006 1782 Εηηι-
3049 1709 3384 1765 Ezechielem

1829 1807 1966 1863 Deus
1994 1825 2009 1862 :
2039 1827 2059 1860 ‹
2088 1806 2434 1862 Recordabor
2458 1822 2556 1878 ego
2587 1807 2726 1876 pacti
2766 1806 2866 1861 mei
2893 1814 3068 1859 tecum
3106 1805 3158 1856 in
3202 1802 3391 1862 diebus

1823 1902 2198 1958 adolescentia:
2235 1912 2381 1954 tuae:
2438 1911 2493 1955 et
2525 1897 2797 1954 suscitabo
2830 1896 2922 1951 tibi
2983 1906 3195 1965 pactum
3247 1909 3392 1949 sem-

1823 1995 2094 2064 piternum
2117 1995 2186 2049 “.
2223 2013 2241 2046 ι
2278 1992 2344 2047 Et
2372 2006 2583 2047 rursum
2610 2009 2624 2046 :
2669 2009 2686 2042 ι
2717 1989 2833 2044 Non
2894 1988 3196 2058 iactabitur
3226 1978 3387 2040 d‘ein-

1821 2101 1948 2155 ceps
1993 2087 2095 2142 hoc
2147 2086 2526 2155 proverbium:
2587 2081 2670 2138 Me
2723 2082 2927 2137 scelera
2995 2086 3278 2148 parentum
3333 2075 3388 2130 in

1825 2178 1962 2234 ﬁlios
1995 2184 2050 2233 et
2080 2177 2372 2245 abnepotes
2405 2174 2677 2245 persequi,
2737 2173 2830 2227 sed
2860 2171 2949 2242 qui
2987 2185 3142 2224 uvam
3169 2168 3381 2223 ederint

1822 2274 2096 2330 acerbam.
2148 2283 2338 2322 eorum
2371 2267 2554 2323 dentes
2600 2265 2890 2334 stupehuut
2914 2263 2982 2317 ".
3021 2281 3040 2312 ι
3077 2259 3144 2316 Et
3169 2259 3382 2313 Isaias:

1827 2381 1847 2415 ι
1885 2360 2077 2418 Vetera
2108 2359 2422 2428 ﬂuxerunt;
2477 2374 2612 2416 nova
2661 2371 2880 2429 quoque
2918 2369 3018 2422 ego
3069 2352 3378 2406 annuntio:

1821 2467 2110 2526 antequam
2166 2457 2432 2517 oriantur,
2467 2452 2650 2508 audita
2683 2450 2835 2505 vobis
2862 2447 3052 2502 faciam
3091 2444 3158 2498 ⁸³.
3200 2461 3220 2496 ι
3255 2441 3382 2497 Haec

1819 2548 2063 2602 elocutus
2094 2547 2356 2618 propheta
2392 2543 2652 2612 subjicit:
2693 2560 2712 2595 ι
2743 2541 2965 2597 Caritate
2999 2535 3226 2590 Domino
3257 2548 3387 2590 can-

1824 2642 1987 2695 ticum
2040 2654 2234 2694 novnm
2269 2639 2334 2693 “.
2375 2656 2394 2690 ι
2444 2636 2713 2704 Quoniam
2765 2633 2907 2687 enim
2952 2640 3138 2685 vetera
3205 2625 3384 2681 ﬂuxe-

1824 2742 1987 2800 runt;
2044 2741 2099 2789 et
2131 2746 2250 2802 qua
2305 2731 2534 2784 obscure
2578 2729 2706 2783 olim
2771 2727 2995 2797 ﬁgurata
3045 2732 3191 2788 sunt,
3246 2735 3388 2774 nunc

1823 2825 2025 2896 liquido
2077 2833 2200 2880 sunt
2229 2823 2487 2894 perfecta.
2537 2841 2556 2874 ι
2592 2822 2820 2877 Cantate
2851 2818 3082 2871 Domino
3108 2816 3378 2872 canticum

152 2899 336 2955 Eadem
403 2901 518 2972 (42)
571 2921 702 2960 sane
765 2905 1024 2965 Dominus
1066 2918 1120 2965 et
1173 2910 1227 2964 in
1311 2911 1480 2966 sancti
1566 2910 1722 2967 Lucae
1815 2933 2042 2973 novum.
2079 2935 2098 2968 ι
2132 2919 2272 2971 Idem
2313 2929 2516 2985 porro:
2583 2932 2601 2966 ο
2639 2912 2983 2979 l’rincipatus
3029 2907 3144 2977 ejus
3182 2907 3386 2976 gloriﬁ-

157 2992 461 3061 Evaugelio.
523 2994 707 3066 Neque
759 2997 873 3054 haec
923 3001 1116 3066 solum,
1149 3002 1240 3056 sed
1265 3003 1456 3058 addit:
1493 3023 1511 3055 ς
1546 3003 1604 3058 1η
1636 3005 1719 3060 his

1822 3021 1976 3066 catur
2028 3025 2212 3078 supra,
2247 3021 2548 3077 nomenque
2584 3005 2699 3072 ejus
2740 3004 3038 3074 gloriﬁcant
3072 3018 3101 3054 a
3151 3003 3385 3056 summi-

157 3085 361 3147 duobus
411 3090 682 3145 mandatis
732 3091 980 3148 universa
1040 3094 1120 3148 lex
1162 3096 1358 3163 pendet
1387 3105 1442 3151 et
1484 3098 1717 3168 prophe-
1743 3109 1788 3168 ο
1825 3111 1936 3159 tate
1975 3113 2168 3158 terrai:
2238 3100 2328 3168 qui
2357 3098 2691 3154 descendunt
2745 3097 2797 3152 in
2829 3111 2998 3160 mare,
3031 3106 3082 3150 et
3122 3095 3379 3164 navigant

149 3187 210 3230 ta-
235 3179 300 3232 “.
331 3198 352 3231 ι
391 3181 484 3235 Illa
513 3183 732 3254 antiqua
766 3186 894 3238 dicit
926 3202 940 3240 :
969 3182 1082 3241 Non
1111 3189 1325 3243 occides
1359 3206 1375 3256 ;
1405 3188 1712 3246 Christiana

147 3270 296 3324 etiam
347 3287 520 3343 genas
566 3274 865 3331 volentibus
889 3277 1050 3334 ferire
1099 3281 1343 3350 porrigit.
1373 3281 1506 3337 Illa:
1544 3301 1562 3334 ι
1598 3283 1712 3339 Νοη

146 3364 543 3432 ιιιωοιιειὺετὶε;
588 3386 608 3420 ι
644 3370 801 3424 haec:
844 3389 863 3421 ε
909 3369 986 3425 Ne
1011 3373 1358 3441 concupisces
1418 3377 1649 3445 quidem.
1688 3394 1709 3430 ι

143 3458 228 3510 Illa
263 3477 320 3512 ε(
357 3462 478 3518 Non
508 3463 773 3521 lnraberis
801 3469 884 3533 ";
915 3487 933 3520 ι
981 3469 1093 3522 haec
1127 3469 1360 3541 litigare.
1391 3484 1443 3527 et
1476 3475 1712 3529 tunicam

143 3554 355 3610 auferre
409 3556 627 3620 volenti,
673 3561 832 3613 etiam
889 3571 1064 3631 togam
1101 3564 1382 3631 permittit.
1415 3565 1502 3619 llla
1548 3568 1714 3624 :Non

143 3648 497 3717 concupisces
527 3650 696 3704 aliena
729 3667 744 3717 ;
788 3652 901 3707 haec
935 3670 948 3707 :
982 3653 1153 3707 Etiam
1180 3654 1323 3726 juste
1347 3670 1498 3725 parta
1530 3660 1715 3715 dimit-

142 3746 255 3805 tes;
302 3741 397 3795 illa
426 3754 443 3794 :
470 3739 585 3796 Non
617 3742 922 3813 pejerahis;
979 3747 1273 3817 spiritualis
1309 3748 1463 3807 :Nec
1489 3766 1712 3823 parvum

142 3843 236 3882 nec
283 3845 546 3902 magnum
602 3831 850 3902 iurabis;
884 3849 983 3892 ceu
1044 3837 1359 3906 juramento
1414 3843 1712 3912 periurium

138 3936 295 3977 crean
304 3933 382 3980 te.

206 4013 308 4070 [iis
339 4029 412 4070 ac
459 4016 726 4075 similibus
757 4020 822 4077 de
870 4021 1050 4077 causis
1084 4023 1159 4078 ait
1197 4023 1486 4082 Salvator:
1527 4046 1547 4080 ι
1594 4026 1709 4084 Non

137 4107 255 4162 veni
277 4109 500 4164 solvere
522 4111 711 4180 legem,
737 4125 825 4168 aut
853 4117 1165 4186 prophetas,
1185 4119 1278 4172 sed
1299 4120 1592 4189 adimplere
1611 4123 1708 4178 ⁸³.»

138 4194 190 4250 Id
241 4208 362 4266 est,
423 4203 596 4270 tueri,
656 4208 1022 4273 constabilire,
1087 4210 1322 4264 ﬁrmare.
1378 4211 1554 4282 Atque
1603 4216 1714 4270 haec

135 4306 239 4356 quo
285 4293 634 4362 exploratius
710 4313 774 4351 ac
817 4299 1072 4354 disertius
1125 4303 1426 4368 tradamus,
1480 4304 1713 4374 prophe-

139 4392 314 4436 tarum
381 4389 689 4444 sententias
719 4390 772 4444 in
800 4390 1034 4445 medium
1067 4390 1430 4462 proferamus.

710 4523 941 4582 CAPUT
973 4524 1158 4582 XLIX.

131 4658 444 4732 Prophet'w
481 4660 544 4715 de
571 4659 812 4716 Iudaica:
853 4663 981 4742 legis
1019 4662 1382 4735 abrogatione,
1429 4683 1519 4720 seu
1581 4684 1706 4722 cor-

766 4745 1013 4788 τεευοηε.

202 4853 392 4908 Moses
443 4851 898 4906 Deuteronomio:
938 4868 956 4902 r
990 4848 1215 4916 Quando
1245 4848 1708 4919 ingrezsns'fuerts

132 4958 362 5006 terram.
402 4960 564 5014 quam
601 4945 855 4997 DJmanS
891 4943 1031 4996 Deus
1077 4954 1200 4997 tuns
1223 4946 1368 4997 dabit
1403 4947 1496 5000 tibi
1528 4986 1543 5014 ,
1573 4964 1705 5003 cave

131 5057 195 5094 tte
231 5039 449 5093 imitari
485 5039 620 5092 velis
688 5037 1117 5091 abominationes
1175 5037 1384 5092 illarum
1445 5041 1710 5109 gentium.

131 5132 234 5186 Sed
279 5133 610 5201 prophetam
664 5127 946 5183 suscitahit
979 5130 1073 5182 tibi
1105 5127 1363 5182 Dominus
1412 5129 1553 5183 sicut
1607 5149 1710 5198 ηιρ,

129 5225 311 5295 ipsum
362 5223 554 5277 audies
611 5223 664 5276 in
698 5222 948 5276 omnibus
976 5221 1042 5274 “.
1088 5238 1106 5273 ι
1172 5217 1477 5274 Jeretnias:
1514 5239 1534 5272 ι
1579 5222 1712 5276 Ecce

199 5403 332 5437 ⁸⁶ο⁸²
367 5399 527 5455 ICor
574 5412 693 5458 xm.
720 5397 774 5462 9,
811 5395 895 5451 l0.
971 5394 1017 5428 ³⁸
1051 5396 1240 5450 Matth.
1280 5413 1330 5458 γ,
1367 5396 1453 5450 l7.
1527 5396 1571 5428 "
1605 5387 1710 5448 Den

228 5475 418 5521 Exod.
452 5486 541 5521 xx.
580 5471 646 5521 14
675 5468 733 5521 Η.
763 5485 778 5521 :
813 5468 994 5521 Matth.
1024 5485 1074 5521 v.
1116 5469 1207 5521 27.
1238 5466 1327 5520 28.
1429 5467 1472 5498 ⁸³
1504 5465 1689 5518 Μλιιιι.

1829 5413 1866 5456 t.
1899 5395 1953 5450 4.
2028 5398 2072 5428 ⁸⁸
2101 5395 2272 5450 chit.
2325 5414 2436 5461 xtx,
2478 5399 2564 5452 18.

1822 5469 1893 5521 l7.
1997 5469 2042 5498 "
2084 5467 2239 5520 Deut.
2273 5483 2423 5521 xvm.
2453 5469 2505 5521 9.
2539 5471 2557 5521 l

125 5479 172 5514 “
228 5475 418 5529 Exod.
452 5486 541 5532 xx.
580 5471 646 5524 H
675 5468 733 5522 ll.
763 5485 778 5534 ;
813 5468 994 5522 Matth.
1024 5485 1074 5527 v,
1116 5469 1207 5529 27,
1238 5466 1327 5520 28.

129 5562 291 5616 ειῳι.
377 5543 648 5616 ‘_‘_I§zcclt.
693 5556 844 5616 xvut,
1146 5536 1675 5616 "_Ezeclt._xvt,_60.

124 5607 309 5682 "fit.
395 5613 441 5645 ”
471 5611 576 5666 Isa.
616 5627 722 5677 ιιι,
769 5611 856 5665 20.
953 5609 998 5639 ⁷³
1028 5609 1255 5662 Brtruch.
1299 5623 1378 5673 Ill,
1407 5607 1494 5673 56,
1538 5607 1624 5662 57.

196 5783 322 5858 (.II)
366 5781 626 5838 Nazianz.
660 5778 713 5834 in
743 5776 803 5834 S.
840 5774 1063 5833 Pascha.

1753 5537 1796 5568 ”
1828 5538 1927 5591 lsa.
1956 5553 2088 5599 xw,
2130 5538 2182 5592 9.

1700 5607 1745 5640 ⁷⁵
1776 5607 2006 5663 Barnclt.
2037 5624 2112 5672 tv,
2141 5610 2190 5663 1.

1823 3196 1976 3258 illud,
2023 3203 2078 3248 et
2139 3191 2325 3248 insulae
2390 3189 2666 3246 multae".
2704 3209 2722 3243 ι
2789 3189 2933 3244 Sane
2981 3188 3183 3244 Christi
3244 3203 3381 3242 nova

1821 3288 1908 3342 lex
1948 3296 2002 3342 et
2047 3301 2262 3343 sursum
2297 3286 2350 3340 in
2401 3283 2577 3348 caelis,
2632 3293 2685 3336 et
2715 3283 2768 3337 in
2834 3292 2975 3338 terra
3033 3281 3384 3350 praedicatur.

1821 3375 1954 3431 Nam
1996 3377 2048 3431 in
2113 3377 2418 3432 Servatoris
2478 3386 2598 3430 ortu
2675 3374 2846 3446 angeli
2909 3389 3028 3427 cum
3075 3375 3385 3443 pastoribus

1821 3463 2106 3525 laudantes
2161 3469 2465 3525 canebant:
2512 3487 2532 3521 ι
2585 3467 2765 3525 Gloria
2815 3467 2867 3522 in
2917 3467 3195 3521 altissimis
3251 3468 3381 3529 Deo.

1820 3572 1876 3618 et
1920 3563 1972 3617 in
2005 3572 2145 3617 terra
2183 3577 2285 3632 pax
2343 3559 2649 3616 hominibus
2704 3561 2858 3614 bonae
2904 3560 3206 3616 voluntatis
3244 3562 3308 3612 ⁷¹.
3357 3579 3377 3614 ο

1819 3654 1986 3710 Isaias
2014 3668 2142 3710 vero
2172 3653 2366 3708 iterum
2394 3665 2411 3707 :
2477 3672 2496 3705 ί
2526 3652 2713 3707 Veniet
2751 3653 2817 3708 de
2844 3652 2972 3707 Sion
3021 3654 3299 3721 libentur,
3327 3663 3382 3706 et

1819 3756 2121 3801 revertetur
2177 3749 2245 3802 ah
2274 3745 2545 3814 impietate
2579 3743 2765 3800 Jacoh.
2818 3744 2884 3799 Et
2934 3745 3052 3801 hoc
3089 3747 3297 3802 erit‘eis
3351 3762 3385 3802 a

1818 3854 1909 3895 me
1936 3846 2335 3902 testamentum,
2374 3853 2495 3893 cum
2529 3853 2711 3893 eorum
2743 3853 2913 3893 noxas
2972 3841 3326 3895 sustulero".
3362 3859 3381 3891 ι

1817 3929 2082 3988 Jeremias
2107 3931 2156 3985 ei
2192 3932 2516 3987 sententiae:
2553 3951 2572 3984 ι
2621 3931 2719 3986 llic
2746 3943 2824 3986 est
2881 3933 3024 3987 Dens
3062 3942 3270 3996 noster,
3328 3943 3385 3987 et

1821 4040 1927 4079 non
1965 4025 2322 4080 aestimabitur
2373 4025 2513 4079 alius
2565 4025 2821 4080 adversus
2850 4039 2995 4080 eum.
3035 4023 3130 4080 llic
3164 4026 3385 4080 adiuve-

1819 4115 1900 4170 nit
1948 4129 2160 4168 omnem
2217 4115 2356 4167 viam
2408 4112 2709 4182 disciplina:
2743 4113 2811 4178 ",
2853 4131 2872 4167 ι
2922 4125 2978 4170 et
3006 4129 3124 4183 qua:
3149 4130 3386 4184 sequun-

1819 4215 1951 4270 tur;
1987 4208 2175 4260 addit:
2208 4224 2227 4257 ‹
2282 4204 2381 4260 llic
2419 4205 2556 4259 liber
2610 4207 2991 4260 mandatorum
3038 4205 3160 4268 Dei,
3194 4215 3249 4261 ct
3297 4205 3382 4262 lex

1821 4314 1937 4370 qua:
1971 4301 2144 4355 estin
2211 4309 2496 4352 aeternum.
2567 4297 2792 4360 Omnes,
2847 4297 2939 4369 qui
3004 4308 3186 4353 tenent
3237 4314 3384 4364 eam,

1822 4393 2139 4463 pervenient
2168 4391 2233 4445 ad
2266 4393 2424 4445 vitam
2454 4390 2580 4460 :qni
2605 4400 2781 4445 autem
2805 4388 3205 4459 dereliquerunt
3235 4405 3379 4458 eam,

1745 4475 1791 4532 Ῑ)
1820 4486 1871 4540 in
1904 4496 2128 4540 mortem
2166 4485 2230 4540 ⁷⁸.
2272 4502 2292 4537 ι

1888 4578 2010 4634 Jun.
2061 4577 2215 4644 Quod
2249 4579 2293 4633 si
2323 4578 2519 4648 scripta
2567 4577 2674 4644 lex,
2728 4578 3172 4647 quemadmodum
3204 4580 3384 4648 perhi-

1819 4667 1980 4732 betis,
2028 4668 2164 4721 booa
2224 4682 2331 4719 non
2400 4679 2505 4727 est,
2557 4666 2904 4737 quamobrem
2967 4667 3100 4722 dixit
3159 4666 3385 4723 Moses?

1828 4783 1848 4816 ι
1889 4763 2170 4818 Custodite
2229 4761 2374 4830 leges
2408 4777 2580 4823 meas.
2634 4772 2793 4831 atque
2839 4760 3064 4832 judicia,
3119 4779 3238 4835 qua:
3300 4763 3380 4818 l'a—

1821 4859 1970 4909 ciens
2007 4855 2188 4918 homo,
2225 4853 2363 4906 vivet
2394 4855 2446 4906 in
2484 4857 2562 4908 eis
2591 4854 2683 4911 η’.
2727 4876 2746 4908 ι

1890 4949 2110 5001 Cunts'r.
2151 4945 2261 4999 1ηιο
2315 4961 2442 4998 vero
2477 4946 2613 5001 bona
2666 4954 2825 5003 estet
2856 4948 3142 5014 naturalis,
3171 4950 3377 5005 etscri.

1822 5049 1907 5108 pta
1935 5039 2043 5095 lex.
2085 5047 2140 5088 ut
2184 5036 2562 5105 pmdiximns;
2596 5038 2689 5092 sed
2732 5037 2960 5108 iustitiae
3009 5038 3134 5094 Sole
3165 5053 3378 5104 exorto,

1821 5133 1903 5185 lup
1944 5131 2219 5186 exstinctae
2256 5131 2637 5200 caligavernnt.
2669 5129 2750 5186 0b
2786 5134 2836 5187 id
2886 5135 3028 5188 enim
3090 5150 3191 5188 non
3248 5135 3385 5190 dixit

1819 5223 2038 5278 Moses:
2090 5225 2364 5278 Custodite
2409 5223 2574 5292 legem
2619 5237 2714 5280 vos
2749 5225 2886 5279 hanc
2929 5241 3245 5296 perennem,
3286 5230 3379 5281 sed

2667 5401 2710 5432 ⁶¹
2744 5401 2931 5459 Matth.
2985 5417 3118 5463 xxu.
3155 5402 3241 5468 39.
3295 5404 3382 5462 ιθ.

2745 5474 2791 5505 ⁸⁵
2828 5471 3026 5527 Ierem.
3080 5490 3244 5538 xxxi.
3291 5477 3382 5537 5i.

2259 5539 2593 5610 'flbid.l0.
2667 5541 3104 5610 "Ibid.tl,12.
3182 5543 3365 5602 "an

2267 5608 2336 5640 ⁷⁸⁸
2373 5610 2544 5664 Levit.
2577 5627 2617 5673 ι.
2650 5611 2707 5669 5.

1997 5469 2042 5498 ⁸⁸
2084 5467 2239 5520 Deut.
2273 5483 2423 5530 xvrtt.
2453 5469 2505 5529 9.
2539 5469 2622 5524 l5.

1894 5774 2004 5842 (42)
2038 5776 2290 5832 Nazianz.
2325 5776 2454 5832 ibid.
2492 5775 2619 5833 257.
