4004 6206
591 342 702 408 883

1791 328 2216 400 ANDRONICI
2251 326 2397 391 (2οΜ
2408 327 2457 389 Ν
2464 325 2596 391 EN!

3713 312 3810 380 88L

597 438 978 528 temporariam
1003 504 1005 506 .
1032 451 1241 511 scilicet
1317 460 1720 518 conservatote,
1780 459 1835 508 et
1880 464 1980 522 per
2035 461 2155 502 eam
2185 444 2240 502 Α
2262 446 2444 512 impiis
2469 441 2826 514 regnantibus
2854 437 3056 495 editum
3088 431 3403 500 vaticinium
3428 428 3719 504 oportebat.
3754 431 3804 485 ld

596 550 808 615 vivetis.
831 546 1098 602 Caeterum
1122 547 1500 618 temporariam
1525 543 1952 602 conservandam
1975 541 2163 604 fuisse,

599 659 798 705 uocent
826 660 946 716 quae
975 653 1314 713 sequuntur:
1361 659 1378 693 t
1413 639 1736 716 Propltetam
1791 634 2065 693 suscitabo
2087 631 2169 688 eis

599 742 666 798 de
713 714 892 794 medio
939 735 1163 792 fratrum
1213 744 1425 788 tuorum
1479 714 1708 786 similem
1741 726 1858 784 tui:
1889 735 1944 782 et
1972 737 2166 793 ponam

599 834 763 888 verba
799 832 857 887 in
889 843 983 887 ore
1009 827 1147 895 ejus,
1214 826 1568 895 loqueturque
1606 824 1672 876 ad
1703 836 1798 877 eos
1827 818 2170 886 omnia,qum

600 921 1027 995 praeceperoilli,
1049 919 1143 990 qui
1178 932 1358 972 autem
1396 917 1559 972 verba
1588 915 1727 986 ejus,
1761 929 1880 985 quae
1924 912 2172 981 loquetur

600 1017 654 1073 in
698 1016 916 1071 nomine
979 1029 1122 1078 meo,
1183 1012 1372 1067 audire
1428 1010 1686 1076 uoluerit,
1745 1022 1846 1078 ego
1898 1005 2041 1060 ultor
2077 1017 2174 1058 ex-

600 1111 788 1167 sistam
814 1109 883 1161 ".
918 1127 937 1159 ι
993 1108 1200 1175 Quibus
1244 1104 1426 1160 verbis
1461 1103 1566 1160 etsi
1610 1118 1640 1158 e
1690 1099 1890 1156 vestris
1931 1095 2175 1168 plerique

599 1216 785 1260 .Iesum
839 1206 1006 1261 lilium
1036 1201 1183 1257 Nave
1230 1197 1456 1270 intelligi
1505 1195 1752 1259 credunt,
1789 1193 1990 1247 frustra
2057 1188 2177 1259 opi-

605 1311 823 1357 nantur.
849 1299 1028 1370 Neque
1051 1297 1194 1351 enim
1232 1294 1392 1349 aliam
1415 1293 1586 1361 legem
1629 1290 1768 1346 illius
1793 1287 1944 1343 Nave
1983 1284 2173 1340 edidit.

605 1390 711 1447 Sed
744 1391 999 1445 nimirum
1039 1387 1172 1457 legis
1212 1382 1640 1455 abrogationem,
1668 1378 1981 1447 Christique
2047 1390 2179 1430 con-

605 1485 949 1544 donationem
1010 1480 1186 1536 Moses
1235 1475 1426 1540 edixit,
1472 1487 1594 1529 cum
1641 1474 1756 1528 ait:
1800 1489 1820 1523 t
1850 1467 2179 1540 Prophetam

608 1576 894 1635 suscitabit
952 1574 1236 1639 Dominus,
1267 1571 1407 1626 sicut
1457 1580 1564 1636 me,
1591 1585 1615 1620 ι
1664 1566 1715 1621 id
1749 1573 1851 1630 est,
1882 1563 2049 1618 alium
2103 1561 2183 1615 Ie-

609 1672 940 1744 gislatorem,
986 1669 1078 1724 Dei
1100 1676 1159 1723 et
1188 1664 1468 1721 hominttm
1499 1669 1842 1734 sequestrum
1879 1675 1894 1712 :
1945 1674 1964 1709 t
2000 1653 2181 1726 IpSum

609 1763 797 1821 audies
823 1762 875 1796 "
907 1781 925 1815 ι
956 1761 1012 1818 in
1037 1758 1310 1816 omnibus.

1246 1869 1479 1931 CAPUT
1512 1873 1576 1927 L.

978 1992 1051 2049 De
1093 1991 1388 2063 evangelica
1432 1990 1541 2061 lege
1568 1987 1837 2044 vaticinia.

689 2109 898 2166 Videtis
941 2107 1392 2186 quemadmodum
1438 2105 1613 2160 Moses
1665 2117 1877 2174 quoque
1922 2102 2054 2175 legis
2101 2102 2197 2158 ab-

620 2205 955 2277 rogationem
990 2201 1254 2268 ;detexit?
1293 2216 1415 2255 nam
1463 2201 1514 2255 ni
1557 2195 1869 2268 abroganda
1902 2203 2023 2252 erat
2077 2196 2187 2260 lex,

621 2313 794 2370 neque
811 2313 947 2368 opus
979 2306 1097 2352 erat
1130 2294 1268 2350 alius
1289 2283 1583 2364 legislator,
1626 2299 1681 2348 et
1703 2289 1932 2347 dixisset
1958 2288 2135 2346 Moses
2177 2306 2193 2344 :

622 2393 748 2449 litec
784 2393 1008 2446 lmmota
1068 2389 1120 2443 in
1151 2396 1413 2443 aeternum
1459 2386 1543 2441 lex
1575 2384 1759 2440 futura
1798 2395 1905 2451 est,
1943 2384 2199 2451 quemad-

627 2483 843 2539 ntodum
901 2481 967 2537 de
1003 2477 1258 2550 spiritali,
1297 2477 1348 2532 id
1391 2485 1493 2540 est,
1541 2473 1852 2545 evangelica
1933 2471 2200 2527 Jeremias

625 2575 869 2647 praedixit
899 2591 912 2627 :
942 2592 962 2626 ς
1003 2572 1101 2628 llic
1133 2572 1269 2628 liber
1295 2568 1668 2624 mandatorum
1696 2566 1816 2633 Dei,
1845 2573 1900 2622 et
1932 2565 2021 2622 lex
2082 2578 2201 2635 qua:

627 2679 709 2727 est
755 2670 809 2724 in
862 2678 1146 2723 aternum.
1195 2681 1216 2716 ι
1265 2661 1520 2731 Idemque
1571 2660 1638 2715 de
1691 2661 1923 2714 eadem:
1981 2673 2004 2710 ι
2064 2655 2204 2712 Ecce

634 2763 746 2819 dies
802 2760 1046 2825 veniunt,
1099 2755 1232 2812 dicit
1285 2753 1581 2810 Dominus:
1635 2759 1692 2805 et
1723 2747 2001 2805 suscitabo
2033 2746 2201 2825 David

628 2872 848 2930 germen
889 2856 1132 2926 justum:
1179 2860 1233 2905 et
1261 2847 1510 2919 regnabit
1548 2845 1660 2900 ilex
1705 2844 1887 2914 justus
1936 2840 1990 2895 in
2036 2824 2198 2895 arter-

556 2946 561 2951 “
633 2967 758 3006 num
791 2951 860 3005 ⁷⁷.
904 2968 924 3003 ι
977 2946 1311 3002 Malacbias:
1373 2961 1393 2995 t
1429 2942 1649 2997 Orletur
1683 2937 1843 2993 vobis
1882 2933 2201 2989 timentibus

634 3059 826 3100 nomen
861 3055 1036 3097 meum
1060 3038 1152 3095 Sol
1187 3035 1415 3112 iustitia:
1437 3033 1504 3086 ".
1530 3051 1550 3086 ι
1591 3033 1793 3112 Isaias:
1835 3048 1853 3081 ι
1893 3027 2032 3084 Ecce
2065 3026 2207 3082 Deus

2253 539 2406 592 adeo
2433 540 2621 593 verum
2643 550 2764 592 esse
2791 549 2859 594 ex
2889 531 3239 602 sequentibus
3266 533 3510 598 apparet.

2350 647 2370 682 ε
2406 629 2626 695 Audite,
2647 626 2796 694 coeli,
2818 639 2870 680 et
2900 624 3126 678 auribus
3147 619 3383 690 percipe,
3407 626 3567 673 terra.
3597 637 3616 672 ι
3656 615 3821 684 Fabri-

2274 736 2394 778 cam
2430 719 2572 774 Deus
2600 727 2824 775 testatus
2853 716 3102 777 invocat,
3153 712 3198 766 sl
3245 710 3464 778 quidem
3506 718 3624 763 erat
3659 709 3822 778 ingens

2276 822 2332 869 et
2359 812 2659 867 inauditum
2691 809 2896 864 crimen
2922 793 3126 861 Jndaais
3149 799 3498 872 obiecturus:
3538 817 3558 852 ι
3588 798 3822 865 Quoniam

2281 904 2542 960 Dominus
2581 901 2788 957 locutus
2819 909 2903 956 est
2934 918 2948 953 :
2985 894 3164 951 Filios
3195 892 3433 950 enutrivi
3479 901 3532 947 et
3575 893 3824 958 exaltari;

2280 998 2384 1069 ipsi
2412 1006 2588 1050 autem
2612 999 2932 1063 spreverunt
2963 1005 3048 1046 me
3069 987 3138 1056 ",
3174 1006 3193 1042 ι
3235 990 3321 1044 his
3358 987 3572 1053 edictis,
3615 997 3666 1042 et
3701 983 3826 1040 deie-

2283 1087 2514 1146 ctionem
2565 1086 2842 1159 subiungit
2887 1101 2904 1139 :
2959 1102 2979 1136 ι
3041 1077 3304 1151 Cognovit
3350 1080 3450 1138 bos
3501 1094 3830 1150 possessorem

2282 1198 2464 1248 suum,
2493 1190 2550 1236 et
2588 1181 2773 1236 asinus
2810 1193 3051 1250 praesepe
3095 1175 3300 1232 domini
3332 1174 3415 1231 sui
3444 1193 3458 1233 :
3484 1172 3659 1257 'lsrael
3684 1183 3839 1240 autem.

2284 1291 2371 1332 me
2401 1290 2506 1330 non
2529 1273 2802 1343 cognovit,
2831 1279 2887 1327 et
2916 1271 3144 1340 populus
3171 1283 3326 1324 meus
3349 1281 3457 1321 non
3484 1264 3830 1327 intellexit",.

2285 1370 2378 1425 sed
2441 1365 2616 1422 brutis
2685 1363 2875 1419 bestiis
2939 1362 3264 1431 stupidiores
3318 1367 3446 1414 sunt
3531 1368 3689 1423 atquc
3739 1354 3837 1408 bar-

2286 1461 2486 1532 diores.
2523 1478 2543 1514 ι
2578 1457 2672 1514 Vae
2712 1457 2856 1530 genti
2890 1455 3201 1525 peccatrici,
3232 1452 3428 1523 pupula
3479 1450 3630 1522 gravi
3672 1449 3840 1517 iniqui-

2287 1563 2418 1620 tate,
2483 1552 2675 1609 semini
2727 1542 2981 1620 nequam,
3033 1546 3156 1604 [illis
3198 1544 3508 1607 sceleratis,
3579 1559 3599 1594 ι
3655 1542 3834 1611 dignun

2290 1647 2572 1716 impietate
2617 1653 2674 1698 et
2731 1639 3014 1697 insolentia
3079 1639 3335 1710 probrum
3407 1645 3563 1689 vates
3616 1632 3841 1688 adhibuit.

2296 1758 2317 1793 ι
2355 1735 2727 1806 Dereliquistis
2771 1732 3088 1797 Dominum,
3133 1730 3339 1785 scilicet
3383 1726 3603 1780 Patrem
3646 1766 3662 1791 ,
3705 1732 3754 1778 et
3797 1723 3845 1775 ad

2217 1812 2264 1872 Β
2295 1832 2630 1889 iracundiam
2654 1829 2966 1885 concitastis
2991 1829 3238 1881 sanctum
3282 1820 3448 1877 Israel
3480 1820 3567 1885 ⁸³;
3615 1836 3634 1870 ι
3677 1817 3847 1885 Uuige-

2294 1926 2464 1981 nilum
2495 1923 2609 1992 ejus
2633 1920 2826 1976 Filium
2863 1917 3119 1973 irritastis
3147 1933 3162 1970 :
3194 1913 3499 1969 irritatione
3537 1925 3665 1965 vero
3713 1908 3852 1977 signi-

2299 2022 2424 2076 llcat
2466 2011 2874 2073 incontaminati
2913 2009 3158 2080 corporis
3202 2005 3556 2075 supplicium.
3593 1999 3722 2067 Quid
3763 2015 3854 2051 am-

2295 2111 2440 2182 plius
2490 2103 2758 2164 addatis?
2812 2117 2920 2157 non
2980 2100 3208 2164 habent,
3268 2096 3413 2168 quod
3488 2095 3545 2149 in
3614 2089 3848 2147 Christum

2297 2202 2515 2273 gravius
2555 2199 2859 2268 designent.

2377 2311 2396 2346 ι
2421 2291 2594 2347 Omne
2615 2299 2773 2358 caput
2800 2284 3132 2356 languidum,
3152 2290 3204 2337 et
3227 2294 3388 2335 omne
3408 2294 3506 2333 cor
3533 2290 3756 2332 marcus
3772 2272 3852 2326 ".i

2302 2387 2415 2443 lloc
2446 2385 2614 2440 David
2647 2383 2773 2440 olim
2817 2378 3074 2451 propheta
3117 2387 3202 2432 est
3233 2376 3634 2444 interpretatus
3658 2370 3707 2424 in
3737 2368 3850 2422 hanc

2301 2478 2624 2538 sententiam
2662 2493 2677 2530 :
2714 2493 2732 2527 t
2771 2473 3134 2531 Convertetnr
3184 2469 3336 2525 dolor
3380 2481 3575 2522 eorum
3626 2464 3678 2517 in
3727 2468 3855 2528 caput

2303 2586 2514 2635 eorum,
2541 2578 2596 2623 et
2622 2567 2675 2623 in
2705 2564 2962 2621 verti‘cem
2988 2566 3229 2633 ipsorum
3275 2561 3538 2630 iniquitas
3564 2571 3739 2614 eorum
3783 2550 3858 2606 de-

2304 2666 2526 2722 scendet
2548 2661 2633 2727 ⁸⁸;
2677 2678 2696 2713 ι
2752 2658 2904 2730 quasi
2949 2657 3154 2712 diceret
3192 2671 3206 2709 :
3244 2651 3521 2723 Quidquid
3577 2643 3859 2703 moliamini.

2305 2761 2360 2816 in
2387 2757 2550 2814 vestri
2582 2753 2775 2826 capitis
2797 2751 3090 2824 perniciem
3121 2749 3294 2811 cedet,
3328 2754 3623 2812 vestraque
3671 2736 3852 2810 injusti-

2309 2852 2380 2907 tia
2408 2853 2459 2904 in
2489 2858 2725 2905 vestrum
2766 2848 3003 2916 Ipsorum
3030 2840 3290 2896 verticem
3332 2839 3661 2894 revolvetu‘r.
3701 2854 3717 2886 ι
3761 2831 3855 2885 Non

2309 2957 2390 2998 est
2420 2945 2472 2997 in
2501 2945 2581 2998 eis
2609 2953 2783 3009 neque
2819 2936 3033 2998 vulnus,
3074 2948 3249 3005 neque
3296 2932 3452 2986 livor.
3498 2926 3617 2985 Non
3656 2935 3733 2981 est
3769 2937 3860 2977 ma-

2313 3037 2485 3109 lagma
2518 3038 2818 3105 imponere,
2846 3043 3020 3100 neque
3039 3027 3238 3091 oleum,
3269 3039 3441 3094 neque
3477 3019 3810 3092 ligaturas”.
3842 3036 3856 3066 ι

635 3147 818 3193 uoster
867 3135 1129 3207 judicium
1156 3131 1420 3187 retribuet
1453 3129 1520 3184 τ’.
1558 3146 1576 3179 ι
1634 3126 1701 3180 Et
1739 3104 1998 3178 rursum:
2037 3140 2056 3173 ι
2099 3122 2210 3175 Au-
2237 3166 2278 3222 ϐ
2312 3104 2504 3202 Ττζιιιω
2531 3104 2750 3193 corpus,
2784 3122 2979 3193 inquit,
3013 3120 3163 3191 plaga
3200 3124 3304 3183 εει,
3358 3132 3422 3171 ac
3469 3115 3697 3185 proinde
3737 3111 3860 3165 ίηω.

635 3228 770 3285 feret
811 3227 1071 3283 Dominus
1127 3223 1268 3278 Deus
1316 3222 1615 3292 lacrymam
1651 3217 1718 3271 ab
1767 3214 1910 3270 omni
1949 3213 2114 3276 facie,
2154 3221 2210 3267 et

635 3326 978 3398 opprobrium
1011 3320 1192 3395 populi
1231 3317 1313 3375 sui
1344 3315 1558 3370 auferet
1607 3313 1670 3364 de
1716 3311 1970 3363 universa
2004 3317 2204 3363 terra.»

707 3396 878 3488 igitur
925 3423 1044 3469 crto
1073 3406 1310 3480 'juatititc
1360 3402 1517 3462 Sole,
1574 3414 1675 3454 non
1721 3397 1830 3465 jam
1879 3410 2037 3465 porro
2083 3396 2216 3465 legis

640 3509 920 3583 praeceptis
976 3504 1295 3575 indigemus.
1364 3498 1540 3565 Quare
1601 3501 1654 3548 et
1716 3492 1854 3546 bona
1915 3497 1997 3542 est
2061 3501 2215 3544 sacra

639 3582 752 3670 lex,
788 3615 948 3673 atque
980 3598 1274 3670 propheta,
1303 3600 1359 3646 et
1387 3591 1561 3645 instar
1599 3587 1817 3642 luminis
1840 3595 1988 3652 sunt,
2020 3594 2077 3638 ut
2102 3582 2215 3652 jam

644 3698 902 3753 diximus.
924 3690 1057 3748 Nam
1093 3687 1185 3744 Dei
1223 3683 1482 3747 Verbum,
1521 3690 1576 3736 et
1602 3679 1838 3750 Spiritus
1873 3687 2095 3733 sanctus
2124 3690 2220 3746 per

644 3791 933 3865 prophetas
978 3783 1322 3856 loquebatur.
1362 3774 1469 3833 Sed
1517 3773 1602 3828 his
1653 3771 1919 3842 prasidiis
1974 3770 2222 3825 homines

640 3859 862 3954 iustitiae
885 3880 1026 3934 viam
1058 3873 1298 3946 reperire
1328 3866 1708 3939 nequiverunt.
1749 3864 1821 3922 Ut
1863 3864 2006 3919 enim
2054 3859 2224 3917 stellae

647 3989 809 4050 atque
835 3976 960 4030 luna
1001 3985 1102 4027 nec
1125 3966 1460 4039 splendorem
1489 3962 1690 4018 habent
1722 3957 1952 4022 Iuciferi,
1983 3972 2080 4010 nec
2115 3963 2222 4009 tota

649 4056 809 4128 nocte
841 4069 1040 4129 lucent,
1087 4064 1182 4119 sed
1228 4073 1376 4115 nunc
1419 4066 1706 4128 apparent,
1749 4066 1891 4106 nunc
1927 4057 2223 4119 teguntur;

649 4175 902 4220 racterum
920 4159 1034 4217 sole
1055 4165 1244 4215 exorto
1262 4155 1312 4210 iu
1342 4145 1582 4208 tenebris
1605 4155 1786 4202 manet
1805 4160 1986 4207 nemo,
2006 4142 2108 4198 nisi
2135 4143 2225 4210 qui

652 4257 847 4327 caliget
876 4269 940 4309 ac
965 4250 1233 4314 caecutiat,
1265 4247 1336 4301 ita
1361 4251 1416 4299 et
1444 4249 1636 4307 cretus,
1671 4239 1760 4309 qui
1786 4236 1985 4292 Christi
2009 4232 2230 4309 ngmine

653 4323 928 4413 censetur,
963 4343 1197 4400 divinam
1233 4348 1421 4394 nactus
1453 4335 1649 4396 lucem,
1691 4343 1812 4383 cum
1840 4325 2062 4406 iustitiae
2106 4323 2230 4379 Sole

655 4443 873 4498 assidue
902 4434 1225 4497 consuescit,
1274 4444 1376 4488 nec
1426 4427 1710 4499 quisquam
1761 4423 1814 4478 iu
1869 4421 1966 4476 Dei
2024 4420 2234 4492 ignora-

2317 3223 2517 3278 rahile.
2583 3216 2974 3286 Quamobrem,
3042 3220 3076 3268 o'
3131 3209 3440 3282 propheta?
3495 3206 3651 3276 Quod
3706 3202 3865 3258 Filium

2319 3326 2518 3382 meum,
2558 3330 2718 3384 quem
2759 3311 2933 3381 delegi
2959 3309 3142 3365 animo
3166 3321 3285 3362 meo
3311 3304 3716 3365 charissimum,
3739 3311 3863 3371 pere-

2319 3421 2552 3468 merunt.
2585 3409 2770 3478 Itaque
2813 3405 2992 3460 videte
3021 3413 3072 3457 et
3119 3403 3359 3457 divinum
3387 3398 3708 3470 supplicium
3739 3410 3766 3450 c
3791 3407 3868 3446 ve-

2321 3503 2479 3576 stigio
2524 3511 2911 3570 consequens:
2945 3513 2964 3549 t
3002 3494 3173 3550 Terra
3233 3502 3411 3549 vestra
3469 3490 3705 3560 deserta,
3760 3482 3866 3538 civi-
3960 3481 3961 3538 7

2325 3607 2467 3654 tates
2523 3603 2718 3648 vestrae
2781 3603 3054 3646 succensa:
3110 3586 3219 3657 igni
3269 3602 3285 3641 :
3338 3585 3619 3654 regionem
3671 3588 3865 3634 vestram

2324 3704 2506 3747 coram
2535 3685 2687 3740 vobis
2721 3682 2878 3738 alieni
2907 3682 3188 3746 devorant,
3219 3686 3275 3733 et
3306 3674 3648 3732 desolabitur
3672 3671 3794 3725 sicut
3827 3665 3868 3718 in

2326 3781 2574 3838 vastitate
2613 3776 2816 3834 hostili.
2853 3776 2918 3830 Et
2948 3773 3351 3843 derelinquetur
3393 3770 3504 3824 tilia
3537 3767 3667 3824 Sion
3702 3772 3754 3818 ut
3779 3777 3870 3816 nmo

2327 3872 2608 3932 braculum
2658 3871 2711 3924 in
2742 3869 2921 3930 vinea,
2975 3874 3030 3921 et
3077 3865 3218 3920 sicut
3265 3862 3541 3934 tugurium
3584 3861 3636 3914 in
3663 3866 3872 3913 cucume-

2331 3969 2500 4035 rario,
2525 3975 2581 4021 et
2615 3965 2757 4020 sicut
2781 3962 2971 4018 civitas
2997 3972 3118 4029 quae
3139 3964 3404 4011 vastatur.
3433 3951 3502 4007 Et
3523 3951 3628 4008 nisi
3655 3947 3872 4002 Dominus

2329 4060 2667 4117 exercituum
2705 4052 3012 4124 reliquisset
3055 4047 3211 4104 nobis
3237 4060 3443 4112 semen,
3476 4043 3632 4115 quasi
3677 4039 3868 4094 Sodoma

2330 4153 2644 4217 fuissemus,
2677 4158 2732 4205 et
2758 4146 2907 4216 quasi
2941 4129 3245 4200 Gomorrha
3270 4138 3478 4194 similes
3512 4142 3743 4193 essemus
3764 4131 3818 4184 ⁸⁷.
3853 4145 3867 4179 ι

2331 4251 2400 4306 At
2425 4244 2673 4317 quamvis
2717 4241 2867 4297 Deus
2915 4235 3173 4292 Israelitis
3215 4223 3401 4289 semen
3453 4231 3716 4300 reliquum
3754 4221 3871 4281 fecit,

2336 4350 2514 4395 tamen
2545 4337 2673 4406 quin
2717 4334 2784 4390 ab
2830 4330 3125 4386 Sodomaeis
3152 4343 3214 4382 ac
3243 4324 3616 4382 Gomorrhaeis
3655 4323 3874 4377 damnen-

2337 4443 2448 4497 tur,
2481 4446 2584 4487 non
2617 4427 2892 4497 ell‘ugient.
2926 4425 3102 4493 Atque
3129 4423 3176 4475 ei
3200 4420 3483 4476 sententia:
3511 4427 3790 4473 consonum
3812 4416 3874 4462 est

656 4535 821 4591 tionis
861 4528 1099 4588 tenebris
1134 4535 1413 4590 versatur,
1448 4521 1539 4592 qui
1580 4535 1682 4576 non.
1721 4513 2021 4572 voluntarie
2051 4528 2109 4567 se
2138 4515 2205 4567 ab

2338 4525 2466 4582 illud
2503 4522 2609 4588 mei
2653 4517 2978 4582 Servatoris,
3009 4516 3074 4569 ad
3109 4511 3450 4568 Bethsaidam
3480 4525 3498 4565 :
3547 4526 3569 4561 ι
3621 4501 3874 4560 Itcmissins

654 4632 867 4702 jungat.

1264 4711 1492 4769 CAPUT
1534 4708 1619 4764 ιι.

666 4841 836 4910 Caput
868 4838 1093 4909 primum
1125 4831 1286 4887 Isaia!
1311 4831 1571 4910 eleganter
1603 4827 1656 4878 in
1677 4823 1894 4876 Juaa'os
1918 4829 2242 4886 retorquetur

1241 4913 1286 4957 et
1319 4900 1652 4970 explanatur.

768 5040 855 5079 am
886 5018 1129 5091 abrogari
1162 5030 1375 5086 quoque
1407 5013 1572 5084 legem
1609 5007 1791 5061 divino
1821 5003 2036 5059 Numiui
2066 5002 2236 5055 visum

668 5117 832 5172 Isaias
875 5112 1136 5176 declarat,
1192 5107 1418 5164 dicens:
1457 5124 1475 5156 ι
1514 5102 1660 5157 Visio
1693 5098 1864 5161 Isaiae,
1908 5095 1999 5148 lilii
2050 5095 2235 5156 Amos,

669 5223 831 5277 quam
879 5204 1014 5258 vidit
1065 5215 1225 5270 super
1274 5199 1462 5252 Judam
1518 5206 1570 5249 et
1624 5188 1921 5248 Jerusalem
1964 5188 2015 5240 in
2053 5185 2242 5239 diebus

669 5303 834 5361 Ozizr.
867 5299 1113 5359 Ioalhan,
1149 5295 1331 5349 Acbaz
1362 5303 1413 5347 et
1448 5288 1694 5344 Ezechiae
1726 5297 1907 5355 regum
1947 5278 2084 5334 Iuda
2111 5278 2178 5332 ⁸⁸.
2219 5296 2239 5330 ι

671 5394 885 5448 I‘iorum
922 5405 1107 5459 regum
1149 5386 1404 5458 propheta
1432 5379 1698 5443 meminit,
1732 5373 2022 5431 ostendens
2051 5387 2154 5425 non
2176 5369 2245 5424 ob

677 5483 895 5554 legalem
939 5484 1170 5551 aliquam
1200 5495 1418 5542 noxam,
1449 5477 1540 5530 sed
1576 5471 1774 5529 Christi
1811 5470 2009 5526 eadem
2045 5464 2242 5519 divini-

678 5588 762 5632 tus
801 5591 1014 5647 pmram
1067 5575 1411 5645 irrogandum
1447 5588 1460 5624 :
1500 5584 1622 5622 nam
1664 5566 1705 5620 si
1750 5570 1967 5634 propter
2018 5557 2245 5619 scelera,

743 5719 790 5754 ’³⁸
823 5723 976 5774 Deut.
1012 5731 1165 5778 tvm,
1200 5715 1282 5770 l8.
1359 5714 1403 5746 ⁷⁸
1433 5715 1586 5768 Deut.
1618 5723 1767 5770 xvn',
1803 5707 1887 5778 lii:

674 5792 720 5824 ⁸ο
754 5791 856 5846 Ita.
886 5807 925 5851 ι,
962 5793 1006 5842 I.
1082 5773 1285 5839 “ibid.
1312 5786 1363 5838 εὶ.
1474 5785 1520 5816 ι’
1555 5783 1679 5835 ibid.
1709 5781 1778 5851 5.7
1840 5775 2072 5851 Fiunt.
2112 5773 2157 5826 ι.

672 5864 718 5897 σε
748 5844 1030 5926 mutilet,
1059 5859 1147 5913 εί.
1179 5859 1221 5889 κα
1252 5857 1356 5914 lsa.
1389 5872 1424 5923 ι,
1461 5856 1546 5921 I0,
1581 5851 1665 5906 ll.
1742 5850 1787 5881 νο
1820 5848 1946 5903 ibid.
1991 5844 2074 5899 is.

2342 4621 2445 4673 erit
2465 4615 2712 4672 Sodomis
2741 4621 2796 4669 et
2811 4606 3151 4671 Gomorrhis,
3174 4619 3337 4675 quam
3375 4601 3468 4657 tibi
3488 4601 3559 4655 ³⁸.
3599 4619 3618 4652 ι
3639 4599 3784 4665 quue
3806 4606 3875 4642 ve-

2344 4729 2462 4768 rum
2489 4723 2609 4766 esse
2634 4722 2666 4763 e
2691 4703 2942 4760 vaticinis
2974 4699 3206 4754 oraculis
3233 4699 3325 4754 liet
3362 4695 3739 4758 manifestum;
3764 4685 3875 4742 addit

2344 4804 2485 4858 enim
2518 4818 2532 4854 :
2574 4819 2593 4853 t
2622 4797 2813 4854 Audite
2841 4794 3059 4848 verbum
3098 4788 3334 4857 Domini,
3355 4786 3629 4858 principes
3663 4782 3876 4837 Sodomo-

2349 4916 2486 4958 rum.
2535 4893 2795 4967 percipite
2855 4889 3076 4944 auribus
3124 4886 3292 4956 legem
3338 4882 3432 4938 Dei
3469 4881 3663 4943 nostri,
3697 4872 3877 4946 populus

2346 4992 2684 5051 Gomonhm.
2716 4986 2833 5054 Quo
2868 4983 2997 5038 mihi
3031 4978 3427 5035 multitudinem
3460 4976 3784 5030 victimarum
3809 4979 3873 5019 ve-

2346 5098 2606 5149 strarum,
2657 5081 2787 5136 dicit
2832 5075 3130 5132 Dominus?
3167 5071 3496 5144 Sanguinem
3543 5077 3800 5120 taurorum
3843 5068 3877 5108 rt

2349 5184 2619 5237 hircorum
2683 5176 2856 5238 nolo;
2927 5185 3100 5241 neque
3163 5168 3441 5226 veniatis,
3504 5174 3563 5216 ut
3621 5154 3878 5229 appareatis

2349 5275 2479 5331 mihi
2505 5275 2571 5326 ".
2607 5293 2628 5324 ›
2666 5269 2892 5334 Videtis,
2921 5265 3159 5321 .ludazam
3196 5276 3410 5318 omnem
3445 5257 3691 5312 Sodoma:
3724 5267 3779 5306 ac
3799 5246 3878 5302 Go-

2351 5365 2582 5421 morrhze
2612 5360 2922 5418 nominibus
2946 5356 3248 5413 infelicitat.
3280 5354 3382 5411 Ubi
3417 5351 3558 5406 enim
3588 5347 3811 5403 Sodoma:
3827 5352 3874 5392 ac

2352 5456 2669 5514 Gomorrhae
2697 5452 2804 5507 Deo
2829 5450 3020 5506 hostiis
3042 5464 3105 5503 ac
3127 5446 3476 5501 Iibamiuihus
3509 5437 3708 5495 ﬁebat?
3740 5455 3756 5487 t
3780 5429 3880 5499 Quis

2354 5548 2600 5622 quaesivit
2633 5550 2746 5603 haec
2770 5546 2836 5600 de
2865 5542 3111 5597 manibus
3144 5540 3338 5596 vestris
3360 5538 3448 5591 “2
3483 5556 3500 5588 ι
3540 5533 3698 5602 Quasi
3733 5531 3878 5585 dicat:

1963 5706 2007 5736 ⁷⁷
2046 5701 2204 5754 Jerr-n

2319 5698 2501 5760 xm,5.
2580 5695 2626 5727 ⁷⁸
2651 5691 2874 5747 Malm-ii.
2901 5705 2971 5752 tv,
3003 5686 3038 5741 2
3063 5706 3078 5751 ;
3103 5688 3211 5760 isa.
3240 5702 3361 5760 μη,
3393 5686 3449 5740 4.
3516 5677 3820 5760 πέψειεν)

2261 5744 2552 5825 "ibidis.
2628 5744 2843 5820 εἴρεαι.
2871 5744 2970 5827 vn,
3004 5744 3090 5818 l7;
3163 5758 3208 5791 “
3239 5744 3414 5824 lsaft,
3445 5758 3494 5810 6.
3569 5754 3611 5784 ε’
3641 5749 3756 5806 ibid.
3793 5744 3883 5796 7-9-
3960 5803 3961 5812 γ
