3788 6196
87 274 164 339 885
1082 274 1470 339 DIALOGUS
1501 270 1801 336 CONTRA
1837 274 2176 340 JUDIEOS.

3190 263 3302 338 $6

83 392 207 450 Nemo
225 403 296 450 est
324 395 414 465 qui
447 397 776 457 sacrificium
810 396 893 455 vel
923 395 988 454 ad
1017 398 1160 456 hanc
1197 398 1599 470 abrogationem
1632 395 1678 452 Α
1705 397 1868 468 guine
1920 413 2036 457 uvae
2083 397 2305 471 pallium
2360 411 2516 454 suum
2552 396 2596 466 ί,
2636 415 2656 452 ι
2682 395 2738 454 id
2799 403 2910 462 est,
2953 407 3152 466 corpus
3199 403 3301 463 per

89 487 293 551 concitet,
340 487 423 543 vel
474 505 559 544 me
607 490 844 562 instiget.
875 510 896 545 r
934 490 1387 548 Calcare'atrium
1419 505 1597 545 meum

85 596 160 634 non
197 581 461 650 apponetis
494 599 508 636 :
542 585 799 654 quoniam
850 586 1112 643 scelerate
1156 586 1209 642 id
1258 586 1597 643 inscenditis.

86 670 124 723 Si
143 670 348 727 oiieratis
375 671 633 743 similam,
677 693 901 745 vanum,
946 679 1231 738 incensum
1267 677 1602 735 abominatio

83 769 142 813 est
163 760 269 814 mihi
293 761 358 818 “.
397 781 418 814 ι
454 763 593 820 Ecce
623 768 713 837 qui
745 767 916 838 legem
949 785 1123 842 nuper
1143 779 1399 827 sanxerat
1435 769 1599 834 Deus,

85 856 187 911 item
209 872 334 913 nunc
364 859 481 930 ejus
515 862 923 934 abrogationem
953 867 1206 938 przefinit.
1239 866 1374 923 Nam
1417 868 1604 925 incen-

82 965 188 1016 sum,
211 952 336 1021 quod
364 954 430 1007 ad
459 953 758 1025 jucundum
791 959 1013 1016 odorem
1053 961 1466 1028 admovebatur,
1497 975 1604 1018 non

81 1043 211 1098 solum
239 1044 404 1101 inanis
433 1045 647 1105 suﬁitus
677 1048 785 1106 Deo
810 1050 1127 1123 deputatur,
1151 1052 1243 1109 sed
1277 1053 1439 1109 etiam
1474 1051 1603 1116 tale,

79 1151 101 1190 ι
125 1152 210 1208 quo
250 1139 537 1198 abhorreat
571 1159 584 1198 :
625 1161 644 1196 ι
677 1141 1049 1212 Neomeniam,
1078 1153 1134 1202 et
1187 1144 1606 1216 Sabbatnmget

81 1229 346 1288 festivitates
387 1233 527 1290 alias
572 1251 680 1292 nou
729 1235 922 1294 feram.
983 1255 1004 1290 ι
1063 1237 1514 1312 Quandoquidem
1553 1241 1606 1296 iu

79 1337 214 1378 meum
255 1325 364 1394 pari
411 1339 602 1385 natura
646 1326 842 1384 Filium
915 1329 1336 1398 bacchabimini,
1383 1345 1504 1388 eam
1541 1330 1610 1388 ob

81 1428 165 1468 rem
207 1415 386 1472 borum
442 1417 724 1476 interitum
770 1421 1050 1490 denuntio,
1095 1435 1161 1480 ea
1207 1421 1406 1479 abhinc
1447 1437 1610 1494 porro

79 1521 156 1562 non
200 1509 528 1580 probaturus.
567 1531 586 1566 ι
623 1511 918 1586 ieiunium,
947 1525 1002 1572 et
1028 1517 1223 1584 otium,
1250 1525 1304 1574 et
1323 1516 1486 1576 ferias
1518 1531 1613 1572 ve-

77 1608 184 1656 itm
215 1603 318 1657 odit
362 1606 542 1660 anima
586 1621 704 1663 mea
749 1607 816 1662 ".
856 1625 874 1660 ι
904 1607 1046 1674 Quid
1104 1608 1180 1665 ita
1235 1608 1430 1666 vates?
1466 1610 1609 1681 quod

76 1693 277 1764 unigena:
303 1695 394 1752 Dei
418 1698 539 1754 Filii
571 1699 872 1771 ingressum
904 1700 956 1756 in
988 1699 1415 1774 Hierosolymam
1447 1715 1612 1776 super

74 1786 186 1855 potio
203 1785 431 1845 sedentis
462 1780 734 1849 exsecfati
762 1791 1018 1863 oderunt,
1046 1793 1099 1850 in
1131 1808 1240 1864 quo
1269 1795 1452 1866 potius
1476 1796 1613 1854 festo

72 1880 263 1952 gaudere
282 1882 538 1941 divinitus
563 1895 692 1941 sunt
715 1887 891 1944 edocti
920 1905 934 1942 :
960 1887 1226 1959 propheta
1250 1887 1393 1944 enim
1409 1887 1609 1958 inquit:

77 1973 313 2032 tExsulta
341 1977 496 2045 satis,
549 1978 658 2036 filia
702 1979 834 2036 Sion
867 2020 884 2048 ,
927 1979 1118 2050 iubila,
1139 1980 1243 2035 filia
1292 1977 1611 2038 Jerusalem.

75 2061 180 2119 Ecce
202 2064 306 2121 Rex
338 2077 462 2123 tuus
493 2070 642 2125 venit
666 2071 760 2126 tibi
791 2081 1130 2139 mansuetus,
1179 2073 1482 2130 ascendens
1522 2089 1614 2129 su-

71 2171 142 2218 per
159 2157 371 2227 asinam,
401 2169 455 2214 et
484 2175 648 2230 super
677 2161 876 2230 pullum
910 2161 1075 2218 filium
1109 2162 1276 2219 asinae
1306 2162 1372 2218 ".
1410 2181 1430 2216 ι

127 2266 141 2300 t
172 2250 310 2307 Facti
345 2253 482 2308 estis
510 2252 642 2308 mihi
669 2254 724 2310 in
758 2253 1067 2311 satietatem
1088 2255 1156 2310 ".
1193 2273 1211 2306 ι
1250 2252 1320 2310 Ut
1344 2253 1489 2310 enim
1524 2269 1614 2310 su-

72 2342 268 2408 perfluus
315 2348 368 2401 iu
408 2361 642 2418 corpore
682 2349 860 2413 cibus,
905 2349 998 2405 ubi
1048 2350 1271 2404 satietas
1316 2349 1482 2419 cepit,
1520 2362 1614 2418 per

72 2437 288 2492 vomitum
334 2452 368 2496 e
409 2440 692 2497 stomacho
728 2441 781 2496 in
816 2450 1013 2497 terram
1048 2441 1300 2511 ejicitur;
1355 2441 1426 2495 ita
1462 2443 1615 2511 equi-

67 2530 161 2585 detn
208 2546 323 2596 vos,
365 2533 804 2605 quandoquidem
849 2534 902 2590 in
957 2535 1260 2591 satietatem
1306 2535 1436 2590 mihi
1484 2532 1612 2590 facti

65 2621 182 2689 estis,
207 2623 270 2679 de
297 2625 440 2683 meis
473 2625 724 2683 manibus
769 2627 1152 2699 projiciemini.
1194 2644 1214 2678 ι
1259 2624 1612 2700 Nequaquam

66 2714 173 2768 ultra
218 2718 487 2774 dimittam
541 2727 763 2790 peccata
813 2729 1013 2776 vestra.
1063 2718 1198 2775 Cum
1257 2720 1614 2777 extenderitis

66 2820 224 2863 manus
271 2818 506 2878 vestras,
557 2821 800 2868 avertant
853 2812 1038 2869 oculos
1083 2827 1234 2870 meos
1261 2828 1290 2868 a
1319 2813 1471 2870 vobis
1505 2831 1520 2870 :
1559 2822 1614 2868 ct

61 2914 156 2954 cum
195 2901 688 2974 multiplicaveritis
728 2909 1060 2970 orationem.
1114 2921 1219 2962 non
1267 2907 1560 2962 exaudiam
1595 2925 1608 2962 :

65 3009 220 3050 manus
246 2998 394 3052 enim
427 3008 622 3054 vestra:
652 3001 914 3073 sanguine
941 3001 1113 3072 plena:
1139 3010 1266 3058 sunt
1292 3003 1362 3057 ".
1415 3021 1433 3054 ι
1469 3001 1611 3058 Fru-

1705 502 1892 544 uecem
1923 489 1977 543 in
2001 488 2258 559 patibulo,
2289 495 2448 558 atque
2471 500 2570 559 per
2595 484 2942 556 sanguinem.
2977 481 3147 554 igitur
3169 495 3301 552 per-

1706 581 1909 639 fectum
1962 592 2046 638 est
2086 582 2152 636 ad
2193 591 2497 638 extremum
2543 579 2762 638 lsraelis
2806 577 3153 636 vaticinium.
3186 573 3296 631 Per

1703 674 1880 748 quos?
1903 673 2010 731 Per
2037 673 2324 745 pontifices
2351 682 2511 744 atque
2539 672 2874 736 sacerdotes,
2904 683 3135 742 quorum
3161 667 3235 723 illi
3263 683 3294 722 a

1704 767 2002 835 Sitneonia,
2029 766 2084 822 hi
2119 767 2187 823 ab
2213 765 2456 822 Levitica
2497 763 2644 820 tribu
2673 763 2945 836 originem
2987 759 3297 818 trahebant.

1705 860 1810 931 Qui
1840 861 2056 916 demum
2093 868 2146 915 et
2173 857 2489 928 prophetas,
2517 857 2773 912 homines
2803 853 3033 923 scilicet,
3066 853 3294 910 interfe-

1705 960 1915 1020 cerunt,
1943 958 2000 1010 et
2041 949 2322 1008 Christum
2367 949 2517 1006 velut
2562 958 2777 1006 taurum
2831 956 3196 1013 enervarunt;
3243 947 3296 1002 id

1707 1056 1810 1113 est,
1851 1061 2048 1118 corpus
2114 1052 2450 1116 assumptum
2490 1043 2566 1100 illi
2631 1043 2850 1116 quidem
2916 1041 3078 1100 morti
3125 1040 3299 1098 demi-

1707 1149 1916 1199 serunt.
1965 1138 2160 1198 Verum
2188 1156 2208 1191 ι
2245 1137 2525 1198 Excitatus
2576 1147 2662 1197 est
2715 1147 2974 1211 tanquam
3027 1132 3301 1194 dormiens

1709 1233 1991 1298 Dominus.
2054 1241 2312 1303 tanquam
2339 1240 2534 1303 potens
2562 1229 2880 1302 crapulatus
2931 1245 2962 1284 a
3014 1230 3146 1284 vino
3173 1229 3237 1297 ’ς
3275 1247 3294 1279 ι

1709 1326 1867 1398 cujus
1897 1341 2142 1396 regnum,
2175 1323 2473 1381 secundum
2504 1322 2823 1391 Jeremiam,
2861 1321 3007 1380 nulla
3040 1323 3300 1378 memoria

1711 1418 2148 1477 labefactabitur.
2870 1488 2884 1496 .

1782 1507 1906 1566 Jun.
1945 1509 2048 1578 Qui
2079 1526 2210 1568 vero
2243 1525 2353 1569 non
2381 1509 2502 1567 ait:
2543 1528 2564 1564 ι
2601 1506 3070 1567 Consummabunt
3105 1507 3304 1578 iniqui-

1714 1610 1902 1671 tatem,
1933 1620 1953 1656 ι
1986 1605 2080 1660 sed
2115 1621 2132 1661 :
2167 1621 2186 1657 ι
2223 1602 2790 1662 Consummaverunt?
2824 1619 2845 1655 ι

1786 1696 2012 1754 Cuntsr.
2047 1695 2227 1753 Dixln’
2258 1695 2431 1766 vobis,
2455 1711 2640 1754 crasse
2667 1695 2722 1751 in
2750 1694 2946 1751 litteris
2975 1707 3192 1766 semper
3210 1692 3304 1748 de-

1721 1790 1884 1854 fixos,
1928 1803 2203 1860 nunquam
2237 1787 2292 1845 in
2327 1797 2564 1845 mentem
2588 1785 2907 1858 penetrare?
2932 1783 3151 1841 Scilicet
3180 1800 3304 1840 cum

1717 1882 2014 1956 prophetat,
2039 1896 2158 1954 quae
2189 1890 2459 1939 eventura
2494 1889 2699 1947 essent,
2733 1896 2840 1936 non
2884 1889 2943 1934 ut
2973 1877 3176 1944 futura,
3206 1880 3301 1932 sed

1714 1974 1864 2032 velut
1915 1975 2202 2045 praesentia
2247 1981 2554 2040 cernerent,
2609 1973 2677 2028 de
2741 1971 2937 2028 futuris
2979 1970 3204 2043 perinde
3237 1987 3301 2025 ac

1716 2068 1761 2124 si
1811 2080 2154 2142 gererentur,
2207 2067 2669 2142 praenuntiabant.
2716 2067 2796 2122 ita
2848 2067 3011 2124 etiam
3057 2066 3120 2121 de
3167 2065 3304 2120 Juda

1717 2161 1896 2217 dixit:
1937 2180 1955 2214 ι
1992 2162 2217 2218 Catulus
2262 2161 2436 2220 leonis
2456 2159 2595 2217 Juda
2644 2180 2660 2218 :
2697 2151 2764 2217 ex'
2812 2159 3078 2230 germine,
3101 2159 3174 2214 iiii
3206 2159 3303 2225 mi,

1717 2256 2007 2312 ascendisti
2036 2256 2081 2324 ³;
2116 2265 2202 2312 et:
2228 2275 2247 2309 ‹
2285 2255 2401 2314 Νοη
2424 2256 2686 2313 ascendes
2711 2253 2752 2321 ⁸,
2787 2273 2815 2325 »ι
2839 2252 3015 2309 future
3050 2261 3304 2322 tanquam

1715 2350 2002 2420 praesentia
2038 2349 2364 2422 pravidens.
3045 2333 3048 2338 “

1788 2441 1895 2498 Sed
1948 2441 2405 2514 iucundissimum
2467 2441 2688 2498 lsraelis
2748 2439 3064 2496 vaticinium
3121 2436 3304 2494 nescio

1716 2549 1825 2606 quo
1858 2537 2019 2593 modo
2065 2537 2133 2591 ad
2180 2536 2322 2592 hanc
2370 2534 2792 2606 disputationem
2843 2549 2944 2588 nos
2987 2529 3299 2597 abstraxit;

1716 2643 1886 2700 quare
1917 2628 2110 2685 Isaiam
2141 2638 2451 2700 repetamus
2480 2648 2492 2683 :
2531 2646 2551 2680 ε
2589 2627 2890 2684 Subvenite
2919 2640 3181 2698 Oppresso
3205 2627 3248 2694 ';
3279 2644 3299 2678 ι

1717 2721 1809 2792 qui
1840 2736 1870 2776 a
1908 2723 2174 2793 discipulo
2205 2722 2474 2794 proditus.
2510 2736 2614 2779 nec
2637 2720 2814 2779 scelus
2842 2720 3082 2785 admisit,
3113 2733 3212 2776 nec
3248 2720 3300 2775 in

1717 2810 1836 2883 ejus
1867 2828 1964 2870 ore
1999 2814 2250 2870 inventus
2283 2824 2368 2870 est
2390 2814 2562 2871 dolus.
2590 2814 2766 2884 Atque
2796 2811 2846 2868 id
2882 2810 3058 2868 Moses
3085 2825 3302 2883 quoque

1715 2925 1812 2967 vos
1841 2907 2155 2981 prtedocuit,
2200 2908 2472 2978 siquidem
2509 2907 2753 2964 clamat:
2796 2923 2817 2961 ι
2857 2905 3173 2962 Iialedictus
3214 2906 3303 2975 qui

1718 3003 1917 3073 accipit
1948 3015 2197 3068 munera,
2229 3010 2287 3056 ut
2323 3003 2590 3070 percutiat
2628 3001 2864 3057 animam
2894 2998 3178 3071 sanguinis
3217 2999 3303 3055 in-

61 3097 143 3142 stra
201 3091 429 3160 posthac
475 3091 701 3162 ieiunia,
748 3105 802 3151 et
857 3092 1117 3162 Sabbata,
1182 3105 1348 3168 atque
1402 3095 1608 3152 Pascha
1638 3115 1682 3175 ο
1716 3092 1961 3151 nocentis
1989 3093 2048 3150 ⁸.,
2077 3111 2096 3144 ι
2129 3122 2199 3134 --
2239 3111 2258 3146 s
2293 3092 2540 3150 iudicate
2590 3093 2816 3164 pupillo,
2854 3109 2874 3146 ι
2905 3091 2998 3162 qui
3044 3092 3096 3148 in
3155 3098 3298 3148 terra

61 3179 208 3247 obitis,
238 3200 346 3240 non
375 3184 551 3242 solum
584 3197 804 3259 propter
827 3197 1033 3254 vatum,
1065 3190 1158 3245 sed
1194 3191 1607 3248 audacissimam

61 3289 237 3346 quoque
260 3278 626 3334 amantissimi
659 3280 1075 3353 citarissiutique
1099 3279 1220 3338 Filii
1253 3298 1465 3340 necem.
1499 3281 1608 3337 ita-

63 3382 141 3433 que
166 3369 356 3428 salutis
383 3372 476 3428 via
505 3382 754 3442 superest
783 3374 954 3439 nulla,
1002 3389 1176 3446 neque
1209 3375 1262 3430 in
1296 3375 1412 3445 iege
1455 3375 1612 3447 quid-

61 3471 186 3524 quam
208 3463 489 3534 praesidii;
527 3466 621 3521 sed
648 3466 693 3522 si
723 3465 864 3524 illius
891 3465 1021 3523 olim
1057 3467 1331 3524 felicitatis
1367 3468 1612 3525 lmredes

63 3550 148 3606 fieri
202 3557 365 3613 vultis
415 3574 433 3615 :
494 3577 514 3613 ε
557 3558 862 3628 Lavamini,
895 3561 1082 3617 mundi
1146 3571 1342 3627 estote,
1403 3559 1614 3616 auferte

61 3645 224 3702 malum
255 3650 656 3722 cogitationum
683 3661 985 3709 vestrarum
1019 3654 1085 3709 ab
1107 3653 1279 3710 oculis
1314 3653 1449 3709 meis
1471 3654 1540 3707 ".
1586 3670 1606 3704 ι

60 3735 145 3796 Nec
167 3740 534 3816 legislatorem
565 3761 674 3810 me,
705 3745 838 3816 legis
867 3756 1180 3819 tegumenta
1211 3747 1390 3805 coiere
1418 3747 1472 3804 in
1497 3745 1616 3803 ani-

61 3847 176 3888 mum
204 3835 471 3895 inducite.
538 3858 560 3894 ι
596 3839 796 3898 Discite
844 3844 983 3898 bene
1031 3842 1250 3910 facere,
1291 3862 1310 3897 ι
1359 3842 1453 3913 qui
1499 3840 1615 3913 iam

61 3923 162 3984 inde
213 3944 241 3984 a
302 3930 460 3988 Mose
513 3934 777 3988 hactenus
835 3934 974 3992 bene
1039 3934 1247 3992 fecistis
1306 3950 1615 4006 nunquam.

67 4019 322 4087 «Quzrite
345 4023 618 4095 judicium
642 4026 712 4082 ".
735 4046 763 4079 ο
802 4026 901 4096 Ne,
937 4036 997 4084 ut
1045 4027 1277 4100 ingeniis
1313 4029 1447 4085 estis
1482 4044 1614 4083 san-

60 4113 322 4185 guinariis,
376 4133 502 4189 quae
547 4118 600 4173 in
655 4120 974 4190 prophetas,
1015 4133 1078 4178 ea
1129 4121 1182 4176 in
1234 4121 1614 4178 charissimam

63 4202 212 4257 animo
242 4219 365 4261 meo
405 4205 609 4262 Filium
639 4207 998 4278 designatote,
1037 4210 1132 4265 sed
1173 4209 1411 4276 israeiis,
1453 4210 1614 4266 vestri

59 4297 284 4362 parentis,
300 4297 602 4354 verborum
620 4309 947 4356 mementote
971 4318 986 4355 :
1013 4318 1034 4353 ι
1070 4298 1257 4358 Simon
1281 4311 1336 4358 et
1354 4301 1482 4358 Levi
1508 4303 1616 4356 fra-

64 4393 169 4450 tres,
209 4399 737 4446 consummaverunt
786 4389 1128 4461 iniquitatem
1172 4410 1187 4447 :
1233 4393 1284 4447 in
1328 4395 1615 4450 consilium

1716 3196 1924 3258 patrem
1948 3201 2056 3242 non
2091 3185 2301 3241 habuit.
2342 3203 2361 3237 r
2396 3185 2675 3241 Defendite
2709 3183 2925 3240 viduam
2948 3183 2991 3241 '.
3019 3202 3038 3237 ι
3068 3182 3304 3240 Uxorem

1712 3280 1971 3336 creditam
2001 3279 2219 3349 Josephi
2276 3280 2487 3350 sponsi.
2529 3298 2547 3331 ι
2587 3277 2654 3342 Ει
2704 3279 2910 3345 venite,
2945 3277 3306 3346 disputemus,

1712 3375 1843 3431 dicit
1878 3373 2154 3430 Dominus.
2193 3392 2211 3425 ι
2247 3373 2410 3444 Atqui
2459 3373 2514 3428 in
2559 3373 2798 3429 secundo
2831 3373 3065 3429 adventu
3103 3366 3304 3428 Christi

1712 3469 2008 3540 disputatio
2057 3483 2164 3524 non
2213 3477 2319 3524 est.
2366 3466 2507 3534 Quid
2557 3466 2722 3539 igitur
2764 3477 2877 3534 est,
2927 3463 3307 3537 disputemus?

1716 3560 1824 3618 Sua
1851 3575 2122 3633 quemque
2151 3561 2484 3618 conscientia
2537 3561 2754 3631 prodat,
2799 3568 2851 3617 et
2903 3561 2994 3630 qui
3043 3557 3305 3630 praeclare

1713 3653 1909 3719 currit,
1940 3660 2256 3708 antrorsum
2297 3650 2628 3720 contendat;
2677 3649 2771 3721 qui
2817 3649 3085 3720 peccavit,
3115 3663 3308 3705 emen-

1715 3744 1990 3800 dationem
2015 3743 2349 3813 paenitudine
2380 3745 2653 3800 ostendat.
2683 3741 2781 3798 llis
2813 3740 2960 3799 enim
2988 3739 3251 3814 perfectis
3287 3758 3302 3796 :

1719 3855 1740 3890 ι
1783 3835 1839 3893 Si
1882 3835 2083 3893 fuerint
2109 3845 2331 3908 peccata
2373 3845 2554 3893 vestra
2581 3845 2642 3892 ut
2674 3837 2983 3903 coccinum,
3015 3834 3172 3907 quasi
3211 3835 3303 3890 nix

1715 3927 2158 3984 dealitabuntur:
2191 3936 2246 3984 et
2275 3930 2320 3981 si
2352 3926 2554 3982 fuerint
2576 3927 2736 3982 rubra
2765 3924 2925 3998 quasi
2956 3923 3305 3988 vermiculus,

1715 4021 1862 4078 velut
1883 4020 2007 4075 lana
2032 4021 2152 4078 alba
2185 4028 2349 4076 erunt
2371 4020 2414 4075 ⁸.
2448 4039 2468 4074 ι
2505 4019 2737 4077 Perinde
2767 4035 2834 4078 ac
2862 4020 3068 4077 diceret
3096 4036 3110 4073 :
3150 4018 3305 4086 Quod

1717 4115 1763 4171 si
1802 4114 1912 4189 (45)
1944 4114 2166 4188 punicei
2213 4115 2348 4172 estis
2387 4126 2632 4185 peccato,
2681 4115 2969 4184 minusque
3011 4113 3306 4187 sanguino-

1718 4208 1871 4276 lenti,
1905 4217 1968 4265 ut
2015 4206 2113 4263 nix
2155 4207 2451 4273 albescite;
2503 4206 2585 4264 sin
2630 4215 2780 4263 ostro
2827 4204 3056 4270 similes,
3094 4213 3148 4259 et
3181 4221 3307 4259 san-

1718 4302 1881 4373 guine
1912 4302 2078 4371 pleni,
2104 4300 2189 4358 vel
2227 4301 2365 4357 lanae
2396 4300 2685 4356 candorem
2717 4297 3042 4371 pmvertite.
3078 4295 3210 4351 item
3239 4296 3305 4350 de

1722 4409 1861 4450 novo
1906 4393 2128 4450 fcedere.
2165 4409 2185 4445 ς
2233 4390 2358 4448 Haec
2395 4390 2528 4447 dicit
2571 4389 2828 4446 Dominus
2864 4403 2880 4446 :
2927 4385 3305 4444 Servientibus

61 4489 214 4533 eorum
245 4495 356 4536 non
388 4481 577 4536 veniat
605 4481 784 4536 anima
816 4497 934 4539 mea
964 4499 978 4538 :
1011 4491 1067 4540 et
1112 4483 1166 4540 in
1197 4488 1612 4555 congregatione
1648 4485 1690 4540 D
1720 4490 1851 4547 mihi
1883 4489 2164 4546 vocabitur
2193 4501 2388 4544 nomen
2432 4502 2653 4551 novum,
2700 4487 2785 4540 cui
2824 4480 3174 4539 henedicetur
3204 4497 3301 4536 suo

63 4581 218 4624 eorum
249 4587 358 4628 non
387 4576 725 4629 contendant
748 4578 958 4632 viscera
993 4591 1134 4645 mea,
1167 4578 1290 4647 quia
1334 4579 1390 4634 in
1429 4579 1614 4634 furore

62 4676 138 4716 suo
165 4663 561 4722 interfecerunt
589 4666 837 4723 homines
872 4685 891 4720 ι
932 4667 953 4740 (
980 4669 1192 4726 scilicet
1227 4671 1519 4741 prophetas
1550 4673 1566 4736 )
1599 4691 1612 4728 :

67 4770 79 4800 ι
113 4762 160 4808 et
199 4755 252 4812 in
279 4756 583 4829 cupiditate
610 4773 706 4814 sua
753 4759 1220 4818 subnervaverunt
1277 4772 1492 4822 taurum
1533 4765 1609 4820 θ’»

65 4843 221 4907 (Deum
273 4859 330 4904 et
383 4848 664 4904 hominem
713 4848 943 4922 Iesum).
996 4853 1250 4923 Idemque
1302 4858 1616 4914 convocatis

67 4938 153 4992 suis
193 4937 316 4998 filiis
357 4939 534 4996 Jaeob
580 4940 695 4998 ait:
741 4960 760 4995 ι
804 4942 1260 5017 Congregamini;
1297 4965 1314 5000 ι
1349 4962 1456 5004 non
1504 4964 1612 5020 quo

67 5028 115 5082 de
144 5033 438 5089 sceleribus
486 5048 581 5088 vos
628 5048 941 5107 coarguam,
988 5037 1106 5104 sed,
1136 5021 1256 5094 ιύι
1297 5043 1611 5098 annuntiem

67 5139 159 5192 qua
186 5141 408 5188 ventura
455 5141 580 5186 sunt
617 5130 769 5188 vobis
815 5131 870 5186 in
915 5131 1108 5189 diebus
1149 5135 1458 5192 novissimis
1480 5137 1549 5192 ”.
1587 5155 1606 5189 δ

69 5217 124 5272 Ac
150 5225 456 5289 recensitis,
495 5239 615 5295 qua:
666 5223 719 5280 in
764 5221 1040 5280 Christum
1090 5227 1203 5280 ausi
1251 5237 1380 5284 sunt
1421 5227 1611 5298 Judaei,

71 5311 228 5370 addit:
265 5337 283 5368 ι
330 5317 571 5372 Lavabit
601 5317 655 5372 in
691 5319 814 5373 vino
844 5315 1036 5373 stolam
1084 5333 1262 5389 suam,
1297 5329 1353 5375 et
1398 5320 1452 5376 in
1485 5337 1614 5376 san-

121 5489 154 5520 "
184 5491 281 5545 Isa.
311 5508 353 5556 ι,
385 5491 477 5546 15.
548 5493 594 5525 ’³
629 5493 756 5550 ibid.
787 5495 874 5550 Η.
903 5493 949 5528 ⁸⁸
979 5495 1148 5552 Zach.
1177 5513 1250 5563 ις,
1283 5495 1348 5558 9:
1387 5495 1574 5554 Matth.

1774 5500 1806 5554 ἱ.
1884 5501 1926 5533 ’⁵
1960 5499 2114 5562 istm,
2154 5501 2234 5554 ii.
2311 5503 2356 5535 ’³
2389 5499 2624 5556 ῑι›ῑ‹ι..15.

1633 5571 1653 5601 ³
1686 5569 1828 5624 l’sal.
1863 5587 2065 5633 Lxxvtt.
2093 5571 2177 5627 iiii.

72 5644 101 5694 t,
126 5633 197 5688 Π.
269 5635 289 5664 ⁸
316 5634 480 5690 Dent.
513 5650 604 5699 xx,
631 5634 724 5691 25.
798 5637 820 5669 Υ
853 5636 954 5694 lsa.
985 5655 1020 5706 ι,
1060 5639 1139 5692 17.
1218 5641 1238 5670 ⁸
1277 5639 1404 5696 ibid.
1442 5639 1522 5694 i8.
1601 5642 1619 5672 ⁸
1651 5641 1750 5698 Ιςη.
1783 5660 1906 5705 va,
1941 5643 2022 5707 15,
2060 5644 2142 5697 iii.

77 5558 139 5613 Π.
203 5563 245 5594 ³⁸
278 5565 420 5618 Gen.
450 5579 595 5627 aut,
623 5564 677 5627 5,
705 5565 759 5620 6.
833 5568 880 5600 ⁹⁹
908 5567 1038 5622 ibid.
1081 5566 1172 5623 ivi.
1238 5558 1268 5602 ’⁸
1309 5569 1438 5622 ibid.
1469 5569 1556 5623 Η.

125 5775 221 5851 (63)
250 5778 483 5837 Naziatt.
511 5780 564 5835 in
609 5777 867 5852 Epipltan.

1720 4599 1818 4655 per
1850 4593 2051 4638 terram
2077 4583 2138 4648 ’ς
2175 4600 2194 4634 ο
2245 4581 2565 4637 benedicent
2607 4579 2750 4635 enim
2793 4577 2958 4634 Deum
2997 4589 3206 4643 verum,
3249 4585 3305 4630 et

1721 4679 1811 4749 qui
1845 4677 2034 4746 iurant
2072 4690 2238 4748 super
2277 4684 2498 4740 terram,
2543 4673 2804 4745 jurabunt
2854 4671 3022 4728 Deum
3072 4685 3300 4734 verum;

1721 4771 2110 4827 obliviscentur
2161 4769 2305 4823 enim
2360 4769 2722 4824 tribulationis
2771 4764 2971 4837 prioris
3021 4763 3303 4836 (nimirum

1723 4866 1988 4922 idolorum
2020 4863 2426 4934 venerationis).
2467 4864 2529 4917 Et
2559 4863 2678 4932 quis
2710 4875 2871 4930 porro
2905 4859 3174 4927 Supremo
3202 4857 3301 4914 ob-

1722 4958 1985 5029 ganniat?
2027 4958 2099 5011 De
2145 4957 2395 5027 gentibus
2443 4969 2566 5011 vero
2612 4956 2726 5010 haec
2768 4951 3011 5020 ejusdem
3052 4961 3137 5008 est
3179 4966 3303 5006 scn-

1725 5051 1887 5106 tentia
1913 5067 1930 5105 :
1968 5068 1987 5104 ‹
2018 5048 2239 5120 Aperite
2271 5057 2474 5117 portas,
2518 5056 2574 5102 et
2602 5045 2938 5112 ingrediatur
2966 5058 3100 5115 gens
3127 5041 3302 5112 justo.

1722 5140 2032 5197 custodiens
2060 5139 2342 5195 veritatem
2380 5138 2448 5203 '°,
2484 5158 2503 5192 ι
2555 5137 2972 5210 apprehendens
3011 5135 3300 5207 justitiam,

1722 5247 1912 5288 amans
1951 5246 2159 5302 pacem,
2189 5231 2446 5300 quoniam
2478 5227 2716 5298 speravit
2743 5227 2796 5284 in
2825 5227 3160 5287 te.Domine.

1795 5321 2061 5379 Ceterum
2107 5321 2291 5379 odisse
2345 5322 2510 5378 Deum
2537 5329 2659 5395 post
2705 5317 2915 5377 Christi
2969 5321 3301 5376 adventum.

2700 5500 2745 5533 ’°
2778 5499 2905 5555 ibid.
2929 5497 3012 5553 i6.
3089 5498 3137 5531 "'
3165 5492 3298 5554 ibid.

2259 5572 2278 5603 ⁸
2311 5571 2444 5625 Geo.
2480 5588 2625 5633 xuv,
2658 5574 2712 5624 ε).
2790 5572 2811 5602 ⁸
2849 5571 2977 5626 ibid.
3012 5571 3062 5625 4.
3141 5570 3163 5600 ⁸
3195 5568 3295 5623 Isa.

2227 5645 2270 5673 "’
2305 5642 2408 5696 Isa.
2446 5659 2586 5702 uti.
2619 5645 2674 5698 *2.
