4004 6206
549 315 650 383 887

1736 313 2048 375 ANDRON
2062 313 2164 373 lCl
2206 313 2550 376 COMNENI

3721 301 3826 367 888

555 431 812 490 Sabhatis
843 446 905 486 ac
926 429 1169 488 Judaicis
1197 431 1392 488 ritibus
1420 429 1690 493 addictos,
1741 430 1856 500 ipse
1902 435 2130 483 testatur
2154 426 2207 489 Δ
2230 443 2413 495 aures,
2456 441 2512 485 et
2551 444 2656 484 non
2694 427 2890 486 auditis
2915 428 2979 486 ³⁸.
3023 446 3043 482 ι
3079 427 3216 485 Tum
3261 424 3411 482 addit
3458 438 3526 481 ex
3577 436 3816 493 persona

555 533 650 595 p'er
685 525 1042 580 Malachiam:
1077 543 1096 578 ι
1134 525 1251 580 Non
1283 535 1368 582 est
1405 525 1534 580 mihi
1581 525 1832 578 voluntas
1861 523 1914 576 in
1956 522 2131 587 vobis,

552 615 700 680 (ﬁliis
727 613 908 685 Israel)
954 614 1084 669 dicit
1127 615 1387 669 Dominus
1430 614 1764 669 exercituum
1796 630 1809 666 :
1845 620 1900 666 et
1935 627 2138 666 munus

553 722 657 760 non
690 704 980 774 suscipiam
1007 708 1073 760 de
1104 721 1263 760 manu
1313 713 1516 760 vestra.
1547 704 1630 760 Ah
1664 715 1785 758 ortu
1824 703 1970 758 enim
2002 701 2133 756 solis

551 812 718 864 usque
749 797 816 851 ad
860 812 1140 862 occasum,
1187 813 1438 867 magnum
1487 807 1571 852 est
1623 811 1819 851 nomen
1866 810 2043 850 meum
2078 795 2134 848 io

553 887 818 960 gentibus,
854 902 907 945 et
940 891 992 944 in
1040 893 1186 946 onmi
1233 891 1348 946 loco
1399 891 1762 953 sacrificatur,
1805 901 1859 944 et
1909 889 2135 944 oll‘ertur

557 983 755 1036 nomini
808 997 928 1038 meo
978 983 1180 1038 oblatio
1221 984 1453 1049 munda;
1479 985 1604 1054 quia
1647 999 1895 1054 magnum
1924 992 2008 1038 est
2035 999 2136 1037 ηο-

554 1089 674 1128 men
702 1088 878 1126 meum
912 1074 963 1128 in
991 1073 1234 1143 gentibus
1255 1075 1321 1128 η.
1343 1094 1363 1126 ι
1403 1075 1536 1130 Vivo
1564 1090 1686 1145 ego,
1719 1077 1846 1130 dicit
1881 1075 2141 1129 Dominus

551 1166 918 1236 omnipotens.

1157 1297 1388 1356 CAPUT
1429 1297 1538 1354 ιιι.

553 1436 630 1492 De
675 1438 906 1508 gentium
959 1441 1290 1493 conversione
1343 1450 1388 1491 et
1445 1435 1751 1492 Iud/varum
1810 1437 2137 1506 peri-icacia,

1196 1511 1500 1578 prophetia.

624 1620 799 1688 Quare
831 1637 951 1675 cum
983 1619 1210 1675 Domino
1247 1622 1354 1676 Deo
1382 1621 1738 1690 omnipotenti
1766 1620 2131 1676 «exsecrabiles

554 1713 661 1768 sint
688 1713 924 1768 Judairre
955 1715 1242 1769 libationes
1285 1723 1445 1780 atque
1493 1715 1792 1776 sacriﬁcia,
1829 1713 1970 1778 apud
1999 1727 2134 1781 quas

554 1817 742 1881 gentes
773 1810 840 1860 ah
872 1819 999 1860 ortu
1028 1807 1157 1861 solis
1186 1807 1262 1861 ad
1284 1822 1538 1861 occasum
1567 1806 1708 1859 Deus
1739 1806 2066 1865 celebratur.
2101 1822 2128 1858 a
2168 1784 2211 1843 Β

555 1901 857 1969 quibusque
896 1899 1022 1954 huic
1050 1898 1252 1952 nomini
1279 1897 1485 1952 suﬂltns
1519 1898 1740 1952 allcrtnr
1759 1899 1782 1950 τ
1804 1894 2075 1952 Nimirum
2103 1913 2131 1950 a

555 1994 713 2048 nobis
734 1992 1080 2053 Christianis.
1115 1993 1192 2047 De
1216 1992 1552 2048 refractariis
1605 2009 1735 2046 vero
1762 2000 1815 2046 et
1847 1993 2138 2048 incircum-

555 2085 683 2140 eisis
706 2085 926 2152 ludatis,
955 2086 1259 2140 volentibus
1285 2086 1443 2137 etiam
1477 2095 1596 2150 post
1620 2084 1817 2139 Christi
1845 2087 2133 2139 adventum

555 2174 696 2230 i'itns
728 2187 889 2246 atque
925 2176 1158 2230 Sabhata
1191 2177 1353 2240 tueri,
1385 2177 1566 2230 audite
1601 2177 1730 2246 quid
1781 2175 1922 2230 idem
1966 2177 2138 2231 Isaias

558 2269 804 2325 scribat:
838 2286 857 2319 ι
898 2268 986 2323 Vae
1023 2272 1114 2336 qui
1151 2269 1361 2323 trahitis
1401 2267 1743 2338 iniquitatem
1793 2269 1845 2322 in
1882 2270 2140 2326 funiculis

559 2360 833 2425 vanitatis,
869 2370 919 2412 et
951 2361 1104 2427 quasi
1135 2361 1407 2413 vinculum
1438 2360 1662 2426 plaustri
1691 2373 1997 2428 peccatum.
2035 2360 2138 2427 Qui

559 2452 738 2506 dicitis
773 2469 787 2507 :
829 2451 1094 2510 Festinet.
1128 2463 1180 2504 et
1213 2453 1320 2506 cito
1370 2451 1548 2506 veniat
1587 2467 1724 2520 opus
1762 2453 1899 2516 eius,
1953 2463 2010 2505 ut
2059 2453 2141 2505 vi-

557 2543 784 2598 deamus
813 2560 834 2597 ι
865 2553 920 2599 ει
954 2543 1258 2613 appropiet,
1287 2552 1338 2596 et
1388 2542 1568 2595 veniat
1622 2543 1911 2598 consilium
1961 2542 2139 2596 sancti

562 2633 753 2697 Israel,
777 2643 831 2688 et
859 2634 1096 2689 sciemus
1149 2633 1297 2688 illud.
1349 2631 1438 2687 Vae
1473 2632 1560 2698 qui
1596 2632 1776 2687 dicitis
1811 2633 2007 2686 malum
2043 2635 2140 2686 bo-

561 2741 716 2789 num,
748 2737 796 2780 et
834 2727 1029 2778 bonum
1073 2726 1271 2778 malum
1308 2744 1322 2780 :
1360 2733 1621 2792 ponentes
1663 2726 1913 2780 tenebras
1943 2724 2139 2789 lucem,

559 2833 608 2870 ei
647 2817 823 2871 lllt'cm-
865 2817 1118 2872 tenebras
1153 2833 1167 2869 :
1204 2828 1464 2884 ponentes
1499 2832 1742 2869 amarum
1780 2817 1832 2869 in
1873 2816 2050 2883 dulce,
2090 2827 2144 2873 et

561 2909 713 2963 dulce
737 2910 793 2962 iu
834 2924 1079 2963 amarum
1116 2909 1176 2963 ".
1209 2929 1226 2960 ι
1250 2909 1391 2964 litem
1424 2924 1638 2964 rursum
1668 2923 1684 2962 τ
1722 2927 1740 2960 ο
1781 2909 2035 2978 Captivos
2053 2927 2145 2977 po-

559 3004 719 3071 pulus
757 3017 908 3056 meus
937 3001 1109 3058 factus
1147 3011 1227 3058 est
1258 3019 1281 3056 :.
1307 3018 1372 3058 eo
1403 3005 1545 3072 quod
1588 3003 1688 3072 ipsi
1725 3018 1830 3056 non
1877 3019 2146 3072 cognove-

2238 523 2331 578 Dei
2369 541 2383 579 :
2419 541 2438 574 ι
2469 523 2620 590 Quod
2647 521 2690 576 si
2723 537 2807 577 me
2838 537 2944 576 non
2975 519 3254 585 timebitls,
3285 519 3372 587 qui
3413 516 3568 587 posui
3596 530 3824 569 arenam

2242 616 2531 672 terminum
2585 613 2743 679 mari,
2801 626 3127 686 praeceptum
3189 613 3612 683 sempiternum,
3675 609 3822 677 quod

2239 725 2345 764 non
2395 709 2688 780 praeteribit
2721 709 2808 773 ",
2849 728 2869 762 ι
2923 708 3043 764 haec
3092 717 3147 763 et
3197 707 3311 762 haec
3362 705 3613 776 patienda
3669 704 3826 757 vobis

2239 812 2422 857 erunt.
2452 801 2514 854 Et
2541 816 2638 872 per
2659 799 2854 856 lsaiam
2887 801 3074 856 itidem
3110 799 3251 853 Deus
3283 811 3299 852 :
3341 815 3361 848 ο
3409 794 3826 865 Appropinqnat

2238 892 2470 962 populus
2497 893 2600 948 iste
2627 909 2722 948 ore
2767 908 2886 956 suo,
2918 903 2971 950 et
3012 893 3172 948 labiis
3226 892 3337 946 suis
3389 891 3654 960 gloriﬁcat
3684 906 3778 942 uie
3812 907 3827 946 :

2241 999 2337 1038 cor
2388 994 2566 1040 autem
2616 987 2731 1055 ejus
2780 985 2938 1058 longe
2989 995 3073 1041 est
3125 1001 3154 1039 a
3202 999 3308 1039 me.
3346 983 3590 1057 (Frustra
3639 995 3826 1035 autem

2241 1075 2424 1130 colunt
2455 1091 2540 1130 me
2575 1076 2834 1133 docentes
2876 1078 3154 1132 hominum
3206 1086 3471 1146 praeepta
3526 1085 3688 1144 atque
3729 1076 3828 1127 do-

2241 1167 2492 1239 ctrinam)
2535 1177 2590 1222 et
2627 1170 2922 1225 timuerunt
2978 1187 3064 1224 me
3110 1172 3367 1224 mandata
3419 1171 3696 1222 hominum
3775 1177 3828 1220 et

2243 1258 2523 1314 doctrinis.
2553 1259 2844 1330 Propterea
2900 1277 3030 1316 ecce
3075 1263 3325 1329 adjiciam
3374 1273 3428 1314 ut
3485 1259 3818 1312 transieram

2243 1351 2498 1421 populum
2536 1352 2723 1415 istum,
2754 1362 2806 1404 et
2837 1352 3157 1407 transferam
3195 1367 3292 1407 eos
3325 1369 3339 1407 :
3375 1363 3428 1405 et
3468 1355 3690 1420 perdam
3735 1367 3824 1402 sa-

2242 1443 2498 1512 pientiam
2555 1443 2878 1511 sapientium
2907 1483 2924 1510 ,
2971 1455 3028 1498 et
3071 1446 3416 1513 prudentiam
3471 1444 3826 1514 prudentium

2245 1535 2572 1589 abscondam
2607 1537 2675 1589 ὀ.
2727 1535 2866 1602 Quia
2918 1537 3150 1606 pupultts
3200 1537 3514 1590 inoheiliens
3568 1547 3678 1597 est,
3737 1536 3826 1588 lilii

2245 1625 2553 1693 mendaces,
2588 1628 2678 1696 qui
2715 1628 2901 1680 nolunt
2935 1629 3125 1682 audire
3155 1629 3323 1698 legem
3356 1625 3446 1682 Dei
3475 1647 3486 1681 :
3512 1629 3605 1697 qui
3640 1629 3830 1686 dicunt

2243 1721 2519 1792 prophetis
2572 1739 2586 1775 :
2651 1721 2826 1777 Nolite
2893 1723 3218 1777 annuutiare
3278 1724 3432 1776 nobis
3490 1737 3613 1791 quze
3682 1733 3827 1774 recta

2239 1823 2365 1868 sunt
2395 1833 2409 1868 :
2442 1817 2534 1868 sed
2569 1816 2846 1884 loquimini
2890 1816 3042 1869 nobis
3090 1817 3383 1885 placentia,
3435 1817 3614 1868 videte
3670 1817 3827 1867 nobis

2238 1919 2452 1960 errores
2480 1907 2547 1960 ".
2611 1924 2630 1957 ›
2687 1905 2880 1960 Iisdem
2937 1921 3030 1974 per
3086 1908 3282 1960 (lseam
3334 1906 3568 1959 minatur
3628 1907 3822 1960 Deus:

2245 2015 2263 2047 ι
2300 1995 2611 2067 Espandam
2649 2011 2806 2065 super
2829 2011 2922 2051 eos
2951 2007 3066 2050 rete
3097 2011 3272 2050 meum
3303 2013 3318 2050 :
3358 1997 3513 2064 quasi
3540 1995 3820 2048 volucrem

2239 2089 2360 2142 caeli
2406 2089 2676 2142 detraham
2726 2104 2844 2154 eos,
2895 2088 3094 2143 credam
3140 2103 3253 2154 eos,
3305 2087 3595 2156 corripiam
3648 2103 3746 2143 eos
3779 2087 3828 2140 in

2242 2181 2422 2234 auditu
2457 2181 2822 2236 tribulationis
2854 2197 3060 2236 eorum.
3109 2181 3198 2236 Vie
3241 2182 3320 2235 eis
3347 2183 3608 2250 quoniam
3649 2195 3826 2235 reces-

2241 2278 2426 2324 serunt
2490 2285 2518 2321 a
2591 2286 2696 2335 me,
2755 2270 3054 2324 meticulosi
3110 2277 3275 2335 sunt,
3335 2272 3596 2340 quoniam
3663 2270 3825 2337 impie

2240 2371 2469 2430 egerunt
2495 2364 2545 2415 in
2589 2379 2720 2417 me:
2761 2373 2815 2416 et
2856 2379 2954 2430 ego
3005 2361 3208 2416 redemi
3243 2377 3338 2416 eos
3371 2378 3386 2416 ε
3420 2369 3469 2414 et
3520 2361 3625 2430 ipsi
3663 2361 3822 2415 locuti

2253 2461 2386 2509 sunt
2431 2465 2617 2509 contra
2669 2471 2752 2507 me
2798 2455 3072 2508 mendacia
3121 2471 3134 2508 :
3184 2462 3240 2508 et
3289 2469 3396 2509 non
3453 2455 3825 2508 clamaverunt

2253 2546 2317 2598 ad
2349 2561 2432 2598 me
2467 2543 2625 2597 corda
2661 2560 2844 2597 eorum
2872 2547 2937 2597 ".
2956 2563 2972 2596 ι
3000 2543 3343 2613 Rursumque
3370 2561 3464 2615 per
3493 2543 3784 2599 Jeremiam
3808 2563 3824 2602 :

2250 2655 2268 2687 ι
2308 2635 2386 2690 \le
2415 2637 2812 2705 dereliquerunt
2859 2636 3058 2688 lontent
3093 2651 3245 2702 aqua:
3279 2637 3431 2698 viva‘,
3467 2647 3520 2688 et
3568 2635 3819 2690 foderunt

2246 2729 2347 2782 sibi
2377 2731 2639 2783 cisternas
2663 2729 2726 2782 υ.
2764 2748 2782 2779 ι
2815 2727 2878 2782 Ει
2903 2727 3049 2781 lsaim
3079 2729 3146 2782 de
3174 2728 3289 2798 lege
3316 2729 3432 2783 haec
3457 2739 3590 2782 sunt
3621 2731 3821 2784 verba:

2251 2839 2269 2872 ι
2306 2820 2363 2874 In
2397 2821 2481 2875 die
2532 2821 2622 2873 illo
2671 2821 2774 2872 erit
2827 2821 2910 2874 lux
2961 2821 3100 2873 lunze
3155 2821 3298 2875 sicut
3343 2821 3429 2872 lux
3463 2821 3614 2882 solis.
3651 2833 3706 2874 et
3735 2821 3817 2875 lux

2247 2913 2377 2967 solis
2409 2912 2511 2966 erit
2560 2913 2866 2982 septuplum
2900 2911 2951 2964 in
2985 2912 3092 2973 die,
3126 2911 3344 2981 quando
3395 2912 3675 2966 sanaverit
3726 2910 3820 2964 Bo.

2249 3005 2430 3057 minus
2467 3004 2849 3058 enutritiouem
2901 3001 3077 3070 populi
3114 3001 3221 3062 sui,
3268 3009 3323 3054 et
3379 3001 3622 3054 dolorem
3665 3001 3822 3070 plaga

563 3104 685 3148 runt
716 3094 996 3148 Dominum
1032 3095 1096 3147 ".
1131 3114 1150 3146 ι
1203 3093 1316 3148 Non
1368 3092 1541 3157 dixit,.
1580 3095 1720 3162 quod
1769 3112 1789 3146 ι
1829 3109 1912 3148 me
1964 3115 1982 3147 ι
2037 3111 2143 3149 non
2169 3133 2212 3190 ε
2247 3096 2361 3166 eius
2401 3095 2631 3150 curabit.
2678 3096 2813 3148 Eone
2859 3108 3053 3147 nomen
3105 3093 3320 3147 Domini
3357 3094 3498 3146 venit
3538 3105 3660 3163 post
3693 3106 3818 3148 lem-

560 3187 878 3254 agnoverit;
928 3186 1022 3240 sed
1071 3185 1216 3254 quod
1253 3205 1272 3239 ι
1316 3185 1600 3240 Dominum
1636 3203 1655 3238 ι
1689 3202 1791 3240 non
1832 3190 2132 3255 agnoverit,

556 3279 611 3330 id
640 3286 746 3341 est,
777 3272 1121 3347 Unigenitutn
1158 3275 1271 3332 Dei.
1310 3277 1374 3332 Et
1407 3277 1601 3331 iterum
1633 3293 1648 3330 :
1691 3295 1710 3328 ι
1747 3277 1918 3331 Radix
1947 3292 2136 3332 eorum

559 3369 718 3440 quasi
747 3370 941 3436 lanugo
969 3366 1074 3424 erit
1109 3383 1124 3422 :
1156 3377 1210 3422 et
1257 3381 1475 3438 germen
1522 3382 1712 3422 eorum
1753 3369 1907 3436 quasi
1961 3369 2139 3438 pulvis

560 3463 831 3516 ascenlet.
847 3459 1170 3525 Ahjeeertmt
1193 3460 1334 3514 enim
1359 3459 1528 3528 legem
1550 3457 1758 3514 Domini
1779 3461 2140 3523 exercituum,

556 3563 611 3608 et
638 3549 907 3622 eloquium
937 3551 1108 3608 sancti
1142 3551 1304 3607 lsrael
1333 3551 1846 3620 blaspltemavernnt
1874 3553 1959 3605 ¹³”.
2004 3570 2026 3604 ι

630 3640 832 3698 Videtis
869 3653 929 3697 ut‘
971 3646 1167 3714 partim
1211 3643 1410 3709 Patris,
1442 3645 1636 3713 partim
1664 3640 1783 3698 Filii
1827 3644 1957 3697 iram
2007 3661 2136 3716 pro-

556 3735 716 3804 pheta
739 3735 1049 3791 describat?
1084 3734 1216 3790 Nam
1247 3735 1533 3788 Dotniunm
1557 3725 1892 3789 exercituum
1923 3733 2134 3790 Patrem

558 3829 810 3899 appellat,
840 3830 971 3899 quin
1003 3843 1222 3884 causam
1252 3828 1402 3882 addit
1433 3829 1548 3890 ira.
1581 3828 1847 3895 siquidem
1882 3825 2135 3881 traditam

557 3935 586 3974 a
622 3922 766 3976 Mose
812 3922 984 3992 legem
1015 3923 1237 3986 exsequi
1290 3919 1595 3976 noluerunt.
1645 3918 1909 3974 (Sa-terum
1951 3918 2135 3971 Domi-

557 4027 690 4066 num
719 4012 1080 4067 lsraelitarum
1111 4011 1309 4078 Deum,
1331 4009 1524 4066 Filium
1564 4008 1852 4079 significat,
1895 4008 2083 4064 dicens
2117 4027 2132 4066 :

561 4119 581 4154 ε
614 4101 718 4157 Sed
743 4103 1017 4172 eloquium
1046 4099 1258 4156 Domini
1295 4101 1648 4156 irritaverunt
1673 4101 1739 4154 “.
1776 4117 1794 4153 ι
1829 4099 2136 4154 Doetrinam

554 4197 699 4250 enim
732 4205 786 4252 et
817 4211 1028 4251 sacrum
1059 4191 1259 4251 Chrlsti
1291 4193 1639 4265 Evangelium
1668 4195 1934 4248 exsecrati
1965 4201 2090 4247 sunt
2117 4207 2134 4248 :

562 4309 581 4338 ι
613 4290 736 4343 ideo
775 4291 949 4345 iratus
977 4299 1059 4343 est
1085 4289 1232 4343 furor
1267 4287 1483 4342 Domini
1509 4287 1562 4341 in
1603 4286 1856 4356 populum
1890 4302 2068 4341 suum.
2112 4305 2131 4339 ι

555 4383 815 4437 incensus
849 4380 1008 4436 Pater
1047 4391 1130 4436 est
1179 4397 1283 4436 non
1334 4381 1599 4435 honorato
1643 4378 1801 4442 Filio,
1851 4395 1914 4433 ac
1957 4380 2036 4433 sic
2071 4395 2138 4433 ne

555 4477 669 4540 ipse
699 4474 917 4545 quidem
946 4475 1260 4538 honoratus;
1281 4487 1402 4526 nam
1424 4473 1515 4542 qui
1540 4469 1733 4526 Filium
1760 4487 1860 4524 non
1888 4475 2141 4536 honorat,

555 4579 676 4620 eum
712 4582 811 4622 nec
845 4561 1057 4621 Patrem
1089 4567 1354 4620 honorare
1390 4576 1475 4620 est
1508 4580 1753 4620 necesse.
1797 4585 1814 4616 ε
1858 4565 1920 4619 Et
1947 4575 2135 4619 exten-

556 4662 635 4716 dit
666 4675 883 4714 manum
916 4675 1068 4714 suam
1095 4674 1256 4726 super
1287 4673 1434 4719 eum,
1464 4668 1517 4710 et
1545 4656 1809 4725 perenSsit
1845 4671 1964 4709 eum
1999 4655 2063 4708 ¹⁶.
2108 4675 2126 4705 ι

557 4754 701 4807 Idem
751 4756 815 4807 de
842 4750 1040 4807 Jntlre'ts
1072 4767 1098 4805 a
1130 4751 1231 4804 tide
1263 4751 1451 4803 alienis
1484 4765 1498 4803 :
1541 4767 1560 4800 ι
1593 4749 1786 4802 Audite
1825 4749 2129 4811 audientes,

555 4855 612 4899 et
637 4845 803 4900 nolite
827 4843 1123 4912 intelligere
1161 4863 1173 4896 :
1209 4852 1263 4896 et
1301 4843 1480 4896 videte
1515 4842 1802 4902 visionem,
1854 4853 1907 4894 et
1963 4841 2129 4894 nolite

559 4957 902 5013 Cognoscere.
971 4942 1330 4994 lnerassattrm
1383 4948 1465 4994 est
1514 4940 1658 4992 enim
1689 4952 1783 4992 om
1821 4939 1996 5006 populi
2030 4939 2135 4990 litt-

558 5039 694 5104 jtts:
738 5034 955 5088 auribus
998 5035 1106 5086 suis
1163 5034 1396 5102 graviter
1441 5031 1727 5084 audierunt
1776 5046 1789 5080 :
1846 5039 1900 5081 et
1948 5031 2132 5084 oeulos

564 5132 1025 5194 compresserunt,
1064 5139 1126 5176 ne
1169 5123 1305 5176 forte
1356 5123 1572 5177 videant
1603 5120 1795 5179 oculis.
1832 5129 1885 5172 ct
1913 5120 2132 5172 auribus

563 5219 801 5282 :tmlinnl,
835 5227 887 5270 et
929 5216 1088 5269 corde
1138 5215 1455 5283 intelligant,
1501 5223 1557 5264 et
1604 5221 1922 5263 convertant
1958 5226 2034 5271 se,
2078 5219 2132 5262 et

564 5326 746 5363 sancnt
774 5325 866 5366 eos
898 5310 957 5365 ‘5.
994 5327 1010 5360 ι
1061 5308 1231 5362 Moses
1261 5309 1370 5360 ait:
1413 5327 1429 5356 ‹
1467 5304 1696 5373 Populus
1736 5304 1926 5357 stultus
1958 5311 2008 5354 et
2046 5303 2132 5356 itt—

563 5403 766 5469 sipiens
795 5405 894 5456 ".i
927 5399 1190 5455 Jeremias
1223 5419 1235 5452 :
1277 5420 1296 5451 r
1322 5399 1521 5468 Popnle
1554 5399 1737 5461 stulte,
1769 5398 1856 5466 qui
1894 5411 1996 5449 non
2028 5397 2128 5450 htt-

567 5496 662 5548 lics
695 5512 826 5548 Mr:
869 5495 955 5560 qui
1014 5493 1266 5547 habentes
1303 5494 1514 5553 oi-ttlcs,
1558 5500 1611 5543 et
1657 5505 1758 5540 non
1809 5487 1998 5540 iiiictis
2030 5505 2043 5541 :
2081 5495 2134 5540 ct

638 5657 678 5684 “
715 5653 937 5708 Malaclt.
972 5672 1006 5712 Ι,
1049 5655 1132 5708 ill.
1172 5655 1252 5706 Η.
1353 5655 1393 5685 ’⁸
1423 5647 1526 5705 lsit.
1557 5669 1610 5719 ς’,
1649 5650 1825 5704 lii-'50.

569 5721 616 5758 ¹⁶
655 5724 836 5782 leam,
871 5728 1017 5779 (Ml,
1099 5727 1138 5754 ¹⁷
1178 5726 1324 5777 Deut.
1363 5741 1528 5780 χχιιι,
1569 5724 1622 5776 (ἱ.

571 5796 733 5860 9,10.
815 5799 856 5826 "
887 5795 1022 5850 Osce
1052 5813 1143 5858 \‘It,
1179 5797 1237 5846 l2
1278 5799 1359 5851 14,
1441 5795 1481 5825 "
1515 5795 1705 5847 Jercni.
1741 5809 1794 5854 ll,
1838 5792 1915 5842 15.

1926 5649 1966 5679 ”
1999 5647 2128 5703 ibid.
2166 5648 2257 5709 l5,
2314 5663 2422 5700 sec.
2467 5644 2625 5701 LXX.

1703 5723 1742 5751 ιι
1798 5723 1964 5755 Ιμπηιιιι
2029 5736 2054 5755 υ
2133 5723 2190 5755 φι

1786 5721 1987 5772 Jeretn.
2029 5736 2076 5775 ν,
2133 5721 2222 5771 Ξε.
2308 5721 2348 5750 ¹⁹
2385 5721 2515 5770 iliitl.
2549 5721 2575 5770 Ξ

1786 5833 1794 5850 ,
1838 5792 1915 5842 15.
1995 5790 2037 5819 ’⁷⁵
2068 5789 2168 5843 Isti.
2202 5805 2328 5850 axx,
2364 5788 2575 5848 25,17.

2245 3205 2345 3259 pus
2399 3199 2504 3242 :et
2546 3186 2784 3242 Soiritus
2842 3187 2959 3254 ejus
3012 3186 3151 3241 sicut
3204 3197 3344 3255 aqua
3403 3185 3454 3239 iu
3511 3188 3651 3239 valle
3709 3199 3813 3240 tra-

2242 3281 2375 3335 hens
2403 3278 2470 3332 “.
2506 3296 2523 3329 ι

2315 3371 2458 3426 Sane
2488 3369 2706 3440 quidem
2762 3378 2816 3422 et
2862 3368 2944 3422 lex
3002 3369 3139 3422 bona
3170 3375 3293 3434 est;
3338 3367 3434 3423 sed
3470 3367 3670 3423 Christi
3716 3366 3815 3419 dis-

2239 3463 2434 3533 ciplina
2491 3464 2607 3517 sine
2676 3462 3082 3530 comparatione
3153 3461 3363 3516 melior.
3438 3461 3630 3530 Neque
3684 3474 3805 3514 vero

2240 3557 2521 3611 audientes
2543 3555 2897 3623 septuplicem
2934 3553 3173 3607 futuram
3205 3553 3334 3608 solis
3370 3552 3570 3616 lucem,
3612 3551 3808 3608 Christi

2241 3648 2580 3718 disciplinam
2645 3647 2744 3717 legi
2803 3647 3049 3714 septuplo
3110 3655 3386 3699 antestare
3448 3660 3575 3697 cum
3639 3643 3810 3698 animo

2238 3752 2444 3811 putate.
2475 3741 2580 3796 Sed
2635 3738 2878 3807 profecto
2932 3737 3120 3798 Isaias,
3175 3741 3265 3806 qui
3322 3737 3514 3806 legalis
3557 3745 3712 3800 esset,
3751 3744 3812 3788 et

2238 3829 2410 3900 legem
2439 3841 2656 3882 servare
2687 3826 2845 3880 vellet
2886 3827 2990 3892 (est
3029 3837 3206 3880 autem
3247 3828 3388 3896 apud
3416 3827 3614 3897 legales
3645 3841 3802 3893 augu-

2238 3934 2357 3980 stus
2387 3922 2777 3991 septenarius),
2807 3937 2868 3976 ea
2893 3920 3161 3977 sententia
3201 3919 3554 3989 septuplicem
3587 3918 3801 3971 futuram

2240 4013 2373 4068 solis
2419 4010 2620 4078 lucem,
2654 4014 3022 4081 septenarium
3072 4012 3471 4064 colionestavit.
3505 4009 3662 4063 Certe
3693 4019 3805 4075 post

2237 4104 2448 4162 Christi
2501 4106 2788 4158 adventum
2835 4103 3056 4156 minime
3105 4102 3420 4157 duraturam
3467 4102 3656 4173 legem,
3698 4103 3802 4169 ipse

2242 4206 2432 4250 auctor
2457 4205 2538 4249 est
2585 4195 2637 4248 in
2673 4197 2785 4248 hac
2831 4196 2972 4248 dicta
3006 4210 3021 4248 :
3060 4213 3076 4244 ι
3120 4192 3257 4248 Ecce
3306 4192 3706 4249 confundantur
3747 4203 3798 4246 et

2243 4287 2562 4342 erubescent
2591 4300 2804 4349 omnes,
2834 4285 2927 4356 qui
2980 4295 3220 4356 pugnant
3266 4285 3558 4340 adversum
3590 4297 3638 4340 te
3671 4287 3731 4349 ",
3772 4301 3791 4336 ι

2244 4379 2464 4434 abibunt
2494 4394 2614 4432 cum
2648 4380 2984 4448 ignominia:
3020 4378 3230 4432 scilicet
3262 4377 3351 4446 qui
3401 4376 3604 4432 Christi
3638 4378 3794 4431 Evan-

2175 4475 2217 4531 υ
2248 4473 2386 4538 απιιὶο
2419 4485 2526 4525 non
2556 4472 2855 4534 adhaerent,
2887 4473 2979 4525 sed
3012 4469 3259 4524 Mosaicae
3313 4469 3439 4540 legi.
3473 4487 3592 4539 quae
3625 4472 3790 4524 umbra

2236 4567 2480 4634 quaedam
2533 4580 2670 4620 vera:
2716 4569 2905 4634 gratiae
2960 4575 3100 4619 crat.
3151 4561 3336 4632 Neque
3390 4565 3627 4618 alienum
3671 4579 3790 4627 esse,

2234 4661 2376 4727 quod
2402 4659 2658 4722 dicimus,
2687 4658 2882 4725 Isaias,
2905 4669 2958 4713 ttt
2991 4667 3114 4712 ante
3143 4661 3505 4723 Ostendimus,
3533 4662 3784 4715 declarat:

2240 4769 2258 4802 ι
2293 4752 2425 4818 Quis
2453 4762 2535 4806 est
2562 4753 2612 4804 itt
2646 4754 2816 4816 vobis,
2851 4753 2940 4821 qui
2973 4755 3159 4807 timeat
3192 4752 3482 4806 Dominum
3508 4753 3532 4807 τ
3562 4754 3787 4807 exaudiat

2234 4859 2419 4898 vui-em
2447 4846 2596 4914 pueri
2621 4845 2740 4914 ejus
2768 4846 2836 4898 ".
2875 4862 2892 4895 ι
2931 4843 3096 4914 igitur
3131 4858 3254 4896 cum
3286 4843 3381 4896 Dei
3429 4844 3673 4896 voiuntas
3707 4843 3783 4902 sit.

2239 4951 2431 4991 omnes
2457 4938 2538 4990 sui
2571 4936 2687 4989 Filii
2721 4951 2906 4989 vocem
2938 4936 3146 4998 audire,
3195 4935 3388 4988 merito
3414 4936 3505 5002 qui
3546 4949 3660 4989 eum
3688 4947 3778 4986 non

2239 5029 2483 5092 audiunt,
2520 5043 2582 5082 ac
2613 5027 2903 5097 repellunt,
2935 5027 3088 5080 ibunt
3117 5025 3486 5090 ignominiosi.

2820 5163 3043 5220 CAPUT
3084 5162 3216 5218 Llll.

2550 5282 2805 5336 Vaticinia
2841 5283 2906 5334 de
2945 5280 3144 5334 Christi
3182 5279 3494 5335 Nntisilate.

2305 5396 2534 5448 Ranum
2566 5409 2661 5462 per
2691 5393 2939 5447 eumdem
2977 5393 3050 5446 ait
3089 5392 3282 5448 Dens.r
3322 5396 3511 5448 Audite
3548 5410 3642 5454 me.
3679 5405 3766 5460 po-

2240 5487 2395 5556 pulus
2433 5500 2579 5538 meus
2615 5501 2630 5537 :
2670 5493 2723 5539 et
2767 5499 2942 5554 reges,
2993 5486 3060 5536 ad
3096 5498 3180 5537 me
3232 5484 3454 5537 auribus
3499 5482 3770 5536 attendite:

2725 5646 2786 5676 ηδ
2809 5641 2936 5698 ibid.
2967 5643 3056 5698 at.
3158 5646 3200 5676 ιι
3231 5643 3361 5699 una.
3475 5643 3516 5677 η
3545 5641 3660 5694 un.
3693 5638 3770 5692 es.

2746 5716 2790 5748 ³⁸
2816 5716 2918 5770 lsa.
2951 5731 3100 5774 ΠΗ,
3139 5717 3220 5776 l3,
3253 5715 3337 5769 Η.
3441 5717 3479 5746 ¹¹
3515 5715 3618 5766 isa.’
3661 5725 3772 5765 nx.

2655 5788 2698 5818 "
2730 5787 2828 5839 ιω.
2866 5801 2973 5852 in,
3007 5787 3087 5839 ιι.
3167 5789 3210 5818 ³⁵
3245 5786 3344 5839 lsa.
3379 5801 3429 5848 ι,
3467 5787 3545 5840 Ιυ.

2308 5719 2348 5750 ¹⁹
2385 5717 2515 5770 illiti.
2549 5718 2634 5771 2⁷2.
