3816 6204
135 265 212 330 889

1124 263 1840 332 DlALOGUSCONTR~t
1880 270 2216 335 ΙυΒίΕΟΞ.

3227 254 3330 319 890

134 385 226 452 quia
266 382 336 438 lex
383 399 411 436 :t
458 398 545 439 me
591 383 916 456 egredietur,
959 391 1014 440 et
1054 385 1316 456 judicium
1369 405 1544 445 meum
1596 391 1652 446 in
1678 390 1730 451 Δ
1752 403 1806 448 et
1837 391 2044 448 tolleris
2074 392 2140 448 de
2163 385 2564 459 dispensatione
2589 392 2679 442 tua
2709 390 2764 439 et
2795 381 2861 439 de.
2889 379 3054 452 gradu
3082 387 3176 433 tuo
3199 377 3262 430 ".
3301 395 3321 428 ι

135 477 265 531 lucem
299 477 558 548 gentium.
594 479 1005 548 Appropinqnat
1055 481 1166 537 cito
1213 482 1422 552 justitia
1482 499 1599 537 mea
1633 501 1648 538 :

132 580 172 619 rt
204 567 484 634 egredietur
512 569 651 624 sicut
675 571 789 637 lux,
822 571 1060 626 salutare
1093 587 1269 627 meum
1300 589 1314 627 :
1350 583 1404 628 et
1443 574 1494 627 in
1529 575 1653 629 bra—

134 662 226 714 rltio
261 665 604 731 menigentes
639 667 931 732 sperabunt
956 665 1023 718 ".
1058 682 1078 715 ι
1117 665 1372 721 Micbaas
1403 666 1471 719 de
1513 683 1652 722 novo

134 749 313 837 trudere,
345 747 658 821 Evangelia,
687 751 928 820 inquam,
962 752 1187 817 Christi,
1217 753 1295 807 ait
1327 769 1343 809 :
1374 771 1392 805 ι
1426 752 1488 807 Et
1513 755 1650 809 erit:

132 837 171 889 In
194 839 689 894 novissimo'dierum
719 842 826 894 erit
861 857 1015 896 mons
1040 841 1234 896 domus
1271 842 1484 896 Domini
1516 858 1655 911 pra:-

130 928 404 1000 paratus-in
463 932 670 988 vertice
725 933 1028 999 montium,
1080 945 1136 990 et
1188 935 1436 991 sublimis
1494 951 1658 1006 super

130 1026 381 1081 c:dles:et
431 1024 601 1082 liuent
652 1027 720 1078 ad
766 1041 890 1081 eum
954 1018 1133 1096 populi
1187 1036 1240 1082 et
1287 1029 1653 1096 properabuat

130 1125 274 1186 gentes
315 1119 516 1183 multas,
568 1127 622 1172 et
671 1116 893 1173 dicent:
928 1116 1136 1184 Venite,
1173 1120 1536 1175 ascendamus
1586 1119 1654 1174 ad

132 1221 320 1263 montem
360 1207 592 1274 Domini,
633 1220 688 1264 et
723 1209 791 1263 ad
819 1210 1038 1264 domum
1076 1207 1167 1263 Dei
1206 1207 1375 1265 Jacob
1396 1209 1458 1262 ⁸⁸.
1493 1227 1514 1262 ι
1551 1209 1654 1266 Ubi

134 1324 146 1353 ι
191 1313 402 1358 montem
455 1301 668 1358 Domini
705 1320 725 1354 ι
765 1313 924 1357 vocat
975 1301 1259 1372 Deiparam
1289 1315 1322 1357 ε.
1353 1321 1374 1355 ι
1433 1305 1654 1358 Domum

131 1395 198 1450 Ιιεὶ
233 1394 382 1451 Iacob
420 1414 443 1448 ι
477 1404 532 1451 et
567 1394 786 1451 Davidis
816 1395 944 1451 dicit
975 1394 1271 1453 Bethleem.
1316 1395 1371 1451 Id
1423 1401 1567 1451 enim
1604 1403 1660 1450 et

128 1487 261 1542 Lucas
286 1487 613 1558 evangelista
645 1489 806 1544 docet
835 1488 889 1542 in
923 1489 1038 1544 haec
1069 1493 1235 1543 verba
1263 1505 1278 1543 :
1319 1508 1339 1542 ε
1395 1490 1657 1544 Ascendit

125 1593 268 1637 autem
315 1594 367 1640 et
408 1583 612 1654 Ioseph
661 1584 879 1640 Galiiza
912 1587 983 1641 de
1027 1587 1250 1641 civitate
1299 1583 1567 1641 Naaaretb
1600 1585 1654 1640 in

122 1672 318 1730 lndzam
354 1675 630 1730 civitatem
680 1676 872 1738 David.
903 1693 1023 1747 quae
1074 1687 1300 1732 vocatur
1335 1677 1607 1732 Bethleem
1639 1696 1653 1732 :

123 1784 170 1822 eo
192 1769 320 1839 quod
343 1782 485 1825 esset
516 1771 585 1826 de
611 1771 774 1827 domo
795 1781 850 1827 et
881 1772 1080 1827 familia
1109 1759 1306 1833 David,
1341 1759 1400 1826 ut
1432 1775 1660 1843 prolltc-

121 1870 241 1917 retur
261 1878 376 1917 cum
407 1863 576 1918 Maria
608 1864 927 1934 desponsata
957 1866 1058 1921 sibi
1085 1882 1252 1921 uxore
1279 1868 1366 1922 η’.
1408 1885 1426 1917 ι

174 1956 265 2010 Sed
287 1957 519 2013 vaticina
550 1956 748 2028 scripta
783 1968 1136 2016 retractemus
1165 1977 1180 2016 :
1211 1978 1230 2012 ι
1266 1961 1658 2028 Ascendamus,

120 2045 321 2118 inquam,
347 2051 411 2102 ad
442 2049 664 2106 domum
698 2051 791 2108 Dei
831 2050 1023 2117 Iacob,
1073 2060 1130 2109 et
1176 2053 1394 2107 docebit
1440 2069 1541 2109 nos
1593 2055 1662 2108 de

119 2142 199 2194 viis
236 2143 354 2200 suis.
393 2151 452 2199 et
496 2144 698 2201 ibimus
753 2143 808 2201 in
851 2146 1058 2202 semitis
1101 2145 1254 2217 ejus;
1297 2166 1316 2197 ο
1357 2147 1456 2201 vim
1498 2152 1663 2217 atque

117 2235 286 2286 semita
332 2250 553 2290 sacrum
604 2237 950 2308 Evangelium
1000 2249 1103 2294 est.
1171 2258 1190 2291 ι
1229 2239 1362 2307 Quia
1414 2243 1481 2295 de
1531 2240 1668 2294 Sion‘

118 2332 390 2398 egredietur
421 2331 532 2393 lex,
561 2338 615 2385 et
652 2331 871 2386 verbum
911 2330 1123 2386 Domini
1146 2334 1211 2388 de
1231 2331 1532 2388 Jerusalem
1555 2335 1657 2388 ".s

116 2420 227 2474 Ecce
255 2423 412 2477 aliam
449 2424 617 2494 legem
652 2438 756 2476 nou
787 2424 856 2477 ab
886 2422 1038 2488 Sina,
1085 2433 1143 2476 ut
1182 2423 1440 2489 Mosaica,
1471 2425 1564 2480 sed
1592 2423 1666 2479 ab

118 2512 451 2586 Hierosolyma
505 2515 851 2585 profectam;
895 2515 1165 2583 siquidem
1224 2517 1314 2569 illa
1371 2527 1558 2584 vetus,
1608 2526 1664 2572 et.

116 2605 302 2677 llichtea
330 2608 608 2678 antiquior
635 2626 649 2662 :
684 2608 798 2661 haec
825 2620 1012 2661 recens
1045 2617 1092 2658 et
1122 2603 1663 2676 Micltmaposterior,

113 2701 164 2749 όν
189 2715 284 2768 qua
335 2699 458 2766 lege
501 2715 566 2752 ac
599 2698 912 2769 legislature
963 2697 1137 2751 Moses
1181 2698 1383 2766 liquido
1417 2698 1615 2754 clamat
1646 2716 1663 2753 :

116 2806 129 2836 ε
165 2787 475 2854 Prophetam
520 2786 802 2841 suscitabit
848 2785 942 2839 tibi
1003 2786 1260 2839 Dominus
1310 2781 1452 2839 sicut
1483 2801 1606 2852 me;
1637 2804 1674 2841 ιν

110 2878 242 2931 alium
268 2878 479 2932 silicet
511 2877 895 2940 legislatorem.
933 2896 951 2928 σ
992 2878 1049 2932 Et
1084 2893 1419 2948 quzecunqtte
1446 2879 1661 2946 dixerit,

112 2963 258 3030 ipsum
291 2967 527 3019 audietis
559 2966 623 3018 ³⁸.
662 2984 681 3017 ι
725 2967 786 3020 Et
812 2965 1080 3021 Jeremias
1108 2983 1123 3022 :
1167 2986 1185 3018 ι
1233 2965 1434 3022 Omnes
1460 2983 1666 3038 cogno-

1752 486 1885 542 Nam
1912 486 2127 541 Sobnas
2152 481 2486 539 tantumdem
2528 488 2615 536 est
2642 480 2651 527 ξ
2678 491 2743 533 ac
2777 475 2823 532 si
2848 476 3005 530 dicas
3037 491 3049 526 :
3089 491 3108 524 ε
3154 470 3330 526 Foras

1757 579 2006 634 abscede.
2045 594 2065 630 ι

1830 716 1898 766 At
1925 712 1993 767 de
2028 724 2166 766 novo
2202 706 2404 765 Christi
2444 704 2648 761 fcedere
2691 701 2882 756 scribit
2917 713 3078 768 porro
3106 695 3273 751 lsains
3313 711 3330 750 :

1761 824 1782 859 ι
1847 805 1914 860 Et
1966 805 2072 858 erit
2130 802 2183 856 in
2236 802 2322 856 die
2370 800 2456 853 illa
2512 815 2530 853 :
2592 794 2814 851 Vocabo
2871 808 3091 847 servum
3154 804 3335 844 meum

1757 896 2007 958 Eliacim,
2047 892 2212 949 lilium
2247 891 2465 956 liclcize,
2493 898 2548 945 et
2571 888 2790 944 induam
2823 885 2972 939 illum
3009 885 3188 938 tunica
3223 892 3334 942 tua,

1756 1000 1812 1043 et
1839 987 2054 1057 cingulo
2083 996 2175 1039 ttto
2201 984 2516 1039 confortabo
2547 995 2692 1046 eum,
2725 988 2780 1033 et
2828 984 3146 1047 potestatem
3187 984 3335 1028 tuam

1758 1080 1900 1134 dabo
1935 1078 1986 1131 in
2016 1093 2178 1132 manu
2209 1074 2324 1142 ejus
2351 1087 2368 1128 :
2392 1083 2446 1128 et
2475 1072 2577 1127 erit
2600 1071 2752 1141 quasi
2781 1079 2931 1135 pater
2966 1066 3338 1122 habitantibus

1757 1171 2076 1235 Jerusalem,
2140 1179 2194 1223 et
2244 1166 2426 1224 domui
2484 1163 2647 1219 Juda.
2693 1163 2759 1218 Et
2813 1163 2954 1216 dabo
3003 1161 3048 1215 ci
3110 1159 3338 1230 gloriam

1761 1263 1953 1327 David,
1979 1272 2031 1318 et
2058 1259 2472 1332 principabitur,
2503 1267 2558 1312 et
2593 1270 2697 1309 non
2725 1255 2827 1308 erit
2854 1253 2944 1322 qui
2973 1249 3338 1306 contradicat.

1759 1356 1826 1411 Et
1859 1365 2090 1412 statuant
2115 1369 2238 1410 eum
2274 1352 2565 1423 principem
2593 1349 2645 1403 in
2681 1349 2808 1402 loco
2841 1346 2982 1401 lldeli
3019 1361 3032 1398 :
3072 1354 3126 1399 et
3154 1345 3255 1398 erit
3286 1343 3337 1396 in

1765 1454 1958 1509 solium
1993 1450 2176 1521 glorias
2207 1448 2398 1503 domus
2433 1442 2606 1517 patris
2633 1441 2780 1510 ejus;
2818 1449 2872 1495 et
2909 1446 3072 1493 erunt
3098 1434 3339 1505 penden-

1763 1551 1843 1599 tes
1893 1543 1964 1598 ab
2002 1555 2069 1596 eo
2116 1541 2166 1593 in
2216 1539 2302 1595 die
2349 1535 2438 1591 illa
2465 1536 2534 1590 ⁸⁸.
2570 1551 2592 1586 ι
2641 1530 2826 1602 Neque
2874 1529 3036 1584 aliter
3084 1527 3154 1583 de
3199 1540 3338 1580 nova

1761 1634 2006 1691 Ecclesia
2039 1633 2188 1688 idem.
2213 1646 2242 1686 a
2281 1630 2392 1684 Deo
2436 1625 2728 1683 denuntiat
2764 1639 2780 1678 :
2819 1642 2839 1676 ι
2883 1619 3129 1676 Dilatabo
3163 1619 3340 1672 locum

1688 1742 1730 1795 Β
1759 1727 1972 1783 tentorii
2001 1725 2098 1789 tui,
2133 1732 2185 1779 et
2212 1721 2364 1793 palos
2388 1729 2508 1775 tuos
2540 1714 2914 1780 consolidabo,
2939 1713 3005 1766 ad
3064 1712 3340 1767 dexteram

1762 1830 1817 1874 et
1854 1819 1920 1874 ad
1953 1818 2232 1873 sinistram
2266 1813 2558 1869 extendam
2603 1820 2657 1865 et
2706 1821 2892 1864 semen
2923 1815 3074 1861 tuum
3108 1801 3340 1858 ltazredio

1763 1914 1895 1970 tabit
1924 1920 2112 1982 gentes
2137 1909 2205 1965 ”.
2241 1925 2264 1961 ι

1832 2050 1898 2105 Et
1927 2048 1995 2104 de
2027 2063 2160 2105 nova
2189 2043 2585 2114 Hierosolyma:
2614 2060 2632 2094 ι
2651 2039 2985 2102 llluminare,
3007 2035 3340 2097 illuminare,

1759 2139 2096 2206 Jerusalem;
2133 2136 2260 2207 quia
2307 2137 2455 2190 venit
2505 2133 2687 2186 lmnen
2725 2139 2912 2194 tuum,
2946 2138 3000 2182 et
3033 2125 3199 2197 gloria
3239 2122 3344 2176 Do-

1732 2255 1735 2260 ·
1763 2235 1892 2291 mini
1917 2248 2078 2304 super
2108 2239 2161 2286 te
2189 2239 2306 2285 orta
2339 2237 2442 2285 est.
2475 2224 2611 2293 Quia
2650 2236 2779 2278 ecce
2813 2222 3052 2276 tenebrae
3096 2218 3343 2286 operient

1764 2338 1989 2392 terram,
2020 2335 2075 2381 et
2104 2323 2280 2394 caligo
2305 2322 2574 2400 populos:
2610 2332 2776 2390 super
2816 2326 2869 2371 te
2908 2326 3086 2368 autem
3138 2314 3345 2367 orietur

1764 2419 2042 2484 Dominus,
2080 2427 2134 2472 et
2168 2416 2337 2486 gloria
2377 2414 2496 2484 ejus
2526 2413 2581 2468 in
2627 2423 2680 2466 te
2721 2407 3019 2464 videbitur;
3052 2404 3120 2458 Et
3146 2403 3341 2458 ambu-

1763 2514 1952 2568 labunt
1979 2519 2166 2582 gentes
2193 2511 2253 2564 in
2275 2508 2480 2563 lumine
2505 2516 2616 2571 tuo,
2649 2513 2703 2561 et
2751 2516 2908 2570 reges
2953 2499 3007 2554 in
3055 2497 3344 2568 splendore

1763 2615 1919 2662 ortus
1972 2602 2068 2657 tui.
2106 2599 2248 2656 Leva
2302 2601 2354 2654 in
2406 2598 2636 2654 circuitu
2680 2593 2870 2651 oculos
2925 2599 3068 2653 tuos,
3117 2598 3173 2645 et
3221 2588 3344 2643 vide

1761 2705 2119 2771 cungregatos
2146 2695 2285 2750 lilios
2314 2703 2469 2757 tuos;
2502 2699 2768 2745 venerunt
2810 2699 3004 2742 omnes
3035 2683 3129 2738 lilii
3166 2683 3243 2737 tui
3275 2682 3344 2735 de

1762 2791 1939 2861 longe.
1968 2798 2024 2844 et
2053 2786 2175 2842 lilia:
2208 2796 2311 2840 tuae
2342 2797 2508 2852 super
2539 2784 2796 2838 humeros
2821 2778 3185 2848 portabuntur
3209 2773 3278 2827 ⁸ο.
3315 2791 3335 2824 ι

1765 2885 1833 2939 Et
1866 2882 2033 2937 David
2063 2882 2131 2936 de
2154 2878 2355 2936 Christi
2387 2871 2623 2932 Ecclesia
2658 2888 2678 2933 :
2720 2891 2740 2924 ι
2780 2871 2941 2936 Audi,
2968 2870 3098 2936 lilia,
3129 2867 3345 2923 ct'vide

1766 2987 1822 3033 et
1870 2974 2068 3030 inclina
2123 2986 2313 3027 aurem
2362 2980 2559 3024 tuam:
2600 2975 2656 3020 et
2704 2963 3034 3021 obliviscere
3087 2958 3343 3030 populum

109 3070 237 3110 scunt
281 3072 364 3109 me
398 3074 425 3110 a
467 3058 692 3112 minimo
737 3073 922 3111 eorum
975 3075 1146 3128 u~qtte
1197 3059 1264 3113 ad
1313 3060 1606 3114 maximum
1643 3080 1658 3117 :

1770 3079 1937 3132 tuum,
1969 3083 1989 3120 ι
2027 3064 2078 3120 id
2098 3073 2202 3126 est,
2238 3060 2433 3132 impios
2466 3058 2699 3131 majores
2723 3067 2864 3121 tuos,
2889 3073 2908 3107 ι
2931 3063 2984 3108 et
3010 3053 3225 3109 domum
3250 3065 3344 3120 pa.

108 3146 206 3197 idco
234 3164 334 3200 non
361 3149 580 3201 docebit
606 3150 746 3202 ultra
782 3149 867 3203 vir
901 3151 1203 3219 proximum
1233 3167 1414 3214 suum,
1436 3150 1622 3207 dicens
1644 3171 1663 3209 τ

110 3240 353 3307 Cognosce
383 3241 674 3296 Dominum
696 3243 764 3297 “.
791 3261 810 3295 ι
835 3241 933 3298 Cui
961 3244 1130 3298 lsaias
1162 3245 1328 3310 probe
1358 3257 1620 3311 restagnat
1647 3264 1661 3300 :

116 3350 130 3381 ο
161 3333 315 3387 Erunt
344 3349 543 3390 omnes
569 3335 824 3392 docibiles
853 3338 949 3394 Dei
983 3338 1048 3392 ³².
1091 3358 1111 3391 ν
1143 3338 1207 3391 Et
1245 3338 1414 3393 David
1449 3356 1463 3392 :
1501 3357 1520 3390 ο
1555 3340 1666 3393 flo-

111 3426 179 3480 die
198 3429 235 3481 si
270 3443 458 3483 vocem
495 3427 612 3497 ejus
657 3428 963 3492 audieritis,
995 3430 1468 3486 nolite-obdurare
1499 3431 1662 3487 corda

110 3528 253 3570 vestra
300 3537 315 3574 :
370 3520 514 3575 sicut
580 3521 632 3573 itt
687 3521 1105 3577 exacerbalione
1163 3524 1460 3578 secundum
1524 3525 1664 3581 diem

110 3613 396 3668 temrionis
448 3613 502 3667 in
549 3615 801 3678 deserto;
835 3596 923 3669 ubi
972 3624 1320 3672 tentaverunt
1359 3632 1447 3674 me
1485 3629 1665 3686 patres

108 3703 342 3758 vestri".
404 3722 426 3757 ι
490 3706 555 3758 Et
606 3705 803 3760 iterum
833 3719 852 3761 ε
885 3723 906 3757 r
971 3705 1143 3773 Quam
1191 3707 1370 3762 dulcia
1420 3707 1666 3764 faucibus

108 3794 220 3847 meis
251 3796 470 3867 eloquia
518 3805 634 3862 tua,
662 3812 828 3867 super
868 3799 970 3852 mel
1003 3800 1084 3852 ori
1139 3815 1255 3854 meo
1283 3800 1349 3853 “.
1390 3818 1409 3852 ι
1450 3799 1511 3854 Et
1552 3799 1661 3856 alio

108 3885 242 3941 loco:
279 3907 300 3942 ι
344 3889 577 3958 Eloqula
611 3891 842 3955 Domini,
892 3891 1104 3962 eloquia
1137 3903 1292 3947 easta
1327 3911 1339 3948 :
1376 3904 1663 3964 argentum

109 3979 206 4049 igne
252 3983 678 4049 examinatum,
747 3985 1030 4055 probatum
1103 3993 1303 4048 teme,
1381 3998 1664 4056 purgatum

108 4077 388 4146 septuplum
421 4077 492 4143 ³³,
533 4097 552 4130 ι
590 4079 642 4133 id
671 4078 776 4143 est,
812 4078 1094 4146 ejusmodi,
1121 4094 1245 4149 qua:
1287 4079 1536 4135 Mosaicm
1565 4083 1664 4150 legi

109 4169 418 4238 praecellant,
459 4171 919 4237 quemadmodum
962 4169 1141 4228 Moses
1179 4173 1408 4240 ipsemet
1447 4187 1510 4226 ex
1573 4174 1663 4227 Dci

107 4271 308 4323 persona
367 4263 697 4315 contlrmat:
737 4276 754 4311 t
785 4258 887 4326 Qui
939 4269 1117 4314 autem
1150 4261 1314 4316 verba
1361 4263 1500 4331 ejus,
1549 4279 1667 4330 qum

110 4351 334 4423 loqui-tur
364 4355 420 4409 in
457 4353 675 4408 nomine
705 4368 847 4418 meo,
887 4354 1074 4408 audire
1099 4355 1366 4422 noluerit;
1400 4371 1499 4425 ego
1522 4356 1668 4410 ultor

1769 3157 1866 3212 tris
1898 3158 1996 3220 lui,
2034 3173 2054 3207 ι
2108 3154 2163 3208 id
2213 3163 2315 3216 est,
2368 3151 2584 3205 nidores
2636 3156 2690 3203 et
2741 3145 2929 3202 altaria
2971 3144 3342 3199 obliviscere:

1768 3265 1892 3304 nam
1941 3249 1984 3303 si
2035 3248 2150 3302 haec
2201 3244 2393 3300 feceris
2422 3283 2441 3307 ,
2491 3262 2508 3295 ι
2544 3240 2901 3308 Concupiscet
2947 3252 3040 3291 rex
3093 3236 3343 3290 decorem

1767 3348 1922 3395 tuum
1954 3357 1967 3394 :
2009 3339 2263 3409 quoniam
2297 3335 2414 3405 ipse
2445 3343 2530 3388 est
2557 3333 2817 3388 Dominus
2855 3329 2997 3386 Deus
3032 3338 3191 3396 tuus;
3227 3344 3248 3379 ι
3291 3335 3345 3382 et

1768 3428 2019 3486 adorabis
2087 3441 2236 3484 eum.
2297 3425 2476 3495 Atque
2530 3432 2590 3478 ttt
2649 3420 2968 3492 explicatius
3035 3417 3346 3473 ostenderet

1765 3522 1913 3593 loqui
1951 3537 2008 3576 se
2032 3520 2098 3575 de
2125 3518 2367 3591 gentium
2384 3515 2646 3581 Ecclesia,
2679 3513 2830 3568 addit
2858 3527 2873 3569 :
2915 3530 2935 3565 ‹
2967 3510 3033 3566 Et
3063 3509 3185 3566 illim
3214 3507 3344 3579 Tyri

1767 3616 1820 3669 in
1853 3614 2168 3670 muneribus
2193 3613 2238 3645 “
2263 3628 2281 3682 ;
2309 3630 2329 3665 ι
2364 3609 2538 3683 Tyrus
2562 3608 2758 3679 quippe
2786 3607 3026 3674 gentium
3059 3604 3216 3660 sedes
3241 3612 3347 3657 est.

1766 3709 1911 3764 Idem
1947 3721 2160 3762 rursum
2193 3722 2207 3759 :
2247 3721 2266 3756 t
2293 3703 2532 3757 Laudate
2553 3700 2864 3765 Dominum,
2891 3713 3083 3752 omnes
3119 3702 3343 3766 gentes:

1769 3802 1984 3855 laudate
2014 3814 2162 3863 eum,
2195 3811 2387 3854 omnes
2411 3795 2623 3866 populi,
2657 3811 2678 3846 ι
2716 3793 2766 3848 id
2809 3800 2916 3857 est,
2939 3789 3098 3845 simul
3131 3802 3344 3852 omnes,

1766 3892 1961 3958 Judaei,
1993 3891 2236 3959 Graecus,
2289 3891 2382 3945 sed
2415 3904 2605 3944 omnes
2651 3885 2870 3941 omnino
2901 3892 3089 3955 gentes
3121 3899 3138 3938 :
3179 3881 3349 3948 siqui—

1768 3987 1889 4040 dem
1925 3998 2028 4039 non
2066 3982 2177 4052 jam
2226 3997 2388 4053 porro
2433 3977 2776 4037 circumcisio
2857 3985 2951 4030 aut
3002 3974 3342 4044 prxputium,

1770 4093 1873 4134 non
1902 4077 2136 4134 servitus
2164 4085 2257 4130 aut
2286 4076 2509 4131 libertas
2537 4082 2640 4129 est.
2674 4091 2694 4124 ί
2729 4068 2993 4138 Quoniam
3026 4067 3347 4123 conlirmata

1768 4184 1854 4232 est
1903 4188 2070 4242 super
2129 4185 2228 4226 nos
2275 4169 2647 4225 misericordia
2705 4166 2858 4234 ejus;
2905 4180 2924 4214 ›
2981 4176 3104 4215 nam
3163 4159 3345 4215 omnia

1767 4269 1991 4336 Christi,
2021 4275 2076 4320 et
2123 4267 2176 4320 in
2225 4264 2474 4320 omnibus
2521 4262 2812 4330 Christus;
2844 4277 2861 4314 t
2897 4269 2951 4315 et
2995 4255 3197 4309 veritas
3243 4252 3348 4305 Do-

1774 4364 1905 4418 mini
1945 4367 2126 4416 manet
2156 4358 2207 4412 in
2245 4365 2508 4412 aeternum
2526 4355 2614 4409 δίε
2649 4373 2667 4405 υ
2721 4356 2812 4408 Dei
2870 4351 3150 4405 veritatem
3189 4343 3348 4397 Chri-

107 4447 338 4502 exsistant
373 4447 444 4502 ³⁸.
488 4466 508 4500 ι
544 4445 606 4500 Et
641 4461 737 4515 per
769 4445 961 4501 Isaiam
1001 4446 1180 4502 Deus:
1222 4466 1240 4499 ε
1284 4447 1448 4510 Vade,
1485 4449 1662 4519 ingre-
1698 4431 1742 4488 θ
1771 4463 1910 4511 stum
1947 4450 2198 4523 appellat,
2228 4464 2324 4503 ceu
2375 4446 2542 4502 Deum
2567 4461 2754 4501 verum
2783 4461 2812 4500 ε
2844 4445 2953 4500 Deo
2982 4452 3130 4505 vero,
3158 4451 3350 4507 quem-

109 4540 214 4593 dere
235 4543 297 4594 ad
333 4542 598 4611 eum,qni
634 4540 840 4595 habitat
865 4543 916 4594 in
947 4541 1396 4605 tabernaculo,ad
1426 4543 1662 4597 Subnum

107 4636 430 4702 prepositum
469 4633 672 4704 templi.
710 4643 760 4688 et
793 4632 942 4687 dices
969 4633 1034 4685 ad
1066 4650 1190 4688 eum
1223 4652 1237 4688 :
1276 4635 1414 4700 Quid
1455 4635 1548 4687 tibi
1579 4645 1664 4690 est

109 4723 218 4777 hic?
251 4729 373 4792 quia
409 4724 663 4780 excidisti
696 4724 792 4779 tibi
829 4725 914 4780 hic
943 4730 1273 4794 sepulcrum,
1323 4724 1568 4779 excidisti
1609 4725 1660 4778 in

107 4816 293 4870 excelso
334 4815 656 4870 memoriale
691 4815 999 4881 diligenter,
1034 4816 1087 4868 in
1134 4827 1284 4884 petra
1338 4816 1662 4870 tabernacu-

109 4905 196 4957 Itt-u
229 4908 359 4962 tibi?
405 4908 546 4962 Ecce
581 4907 838 4962 Dominus
901 4908 1138 4962 Sabamh
1201 4908 1377 4976 ejiciet
1406 4919 1457 4962 et
1486 4918 1670 4963 conlc-

111 5013 175 5054 rct
222 5005 438 5067 virum;
479 5014 533 5056 et
591 5001 801 5055 auferet
858 5000 1050 5055 stolam
1105 5014 1274 5070 tuam,
1329 5013 1384 5056 et
1442 5002 1665 5057 iufulam

111 5101 254 5158 luam,
287 5108 340 5150 et
373 5109 635 5150 coronam
682 5103 824 5147 tuam
865 5092 1155 5163 gloriosam
1189 5110 1205 5148 :
1245 5103 1300 5148 et
1339 5096 1586 5164 projiciet
1616 5105 1668 5151 te

111 5185 148 5236 in
194 5188 464 5257 regionem
522 5198 768 5254 magnam
837 5193 890 5237 et
934 5184 1291 5252 immensam;
1327 5195 1383 5239 et
1432 5187 1500 5239 ibi
1555 5202 1670 5240 mo-

112 5278 279 5333 rieris:
325 5291 380 5332 et
411 5277 906 5348 projicietcurrum
945 5283 1092 5328 tuum
1125 5276 1389 5345 optimum
1426 5277 1477 5330 in
1514 5278 1664 5345 igno-

111 5370 325 5438 miniam,
359 5382 418 5426 et
440 5355 663 5424 domum
687 5367 945 5440 principis
969 5367 1043 5421 tui
1068 5369 1118 5421 in
1149 5370 1609 5424 concitlcatiuncnt
1648 5390 1661 5425 :

168 5558 208 5589 "
238 5559 342 5615 lsa.
371 5575 450 5621 ιι,
478 5558 534 5611 ι.

113 5629 146 5660 δ
173 5631 264 5683 ιςει.
294 5645 409 5693 Liv,
438 5620 722 5694 l5;Joan.
751 5643 824 5686 vt,
850 5624 936 5678 85.
1012 5623 1058 5694 f‘
1089 5620 1231 5676 Psal.
1273 5638 1413 5682 χειν,
1459 5624 1511 5694 8,
1549 5626 1602 5680 ll.

129 5702 196 5752 19.
269 5703 310 5732 ⁸⁷
340 5701 449 5753 ἰςει.
480 5712 613 5758 aut,
649 5700 716 5754 l5
744 5699 826 5751 l6.

114 5789 246 5826 cm.
275 5772 327 5833 Ι,
355 5770 416 5826 2.

611 5557 657 5590 ³³
688 5555 847 5610 Mirb.
873 5570 945 5613 tv.
978 5553 1027 5605 l.
1087 5553 1152 5585 ’δ’
1185 5552 1312 5606 an.
1349 5569 1407 5615 ll,
1442 5555 1490 5614 ιι,
1527 5554 1577 5606 5.
1623 5555 1669 5585 "
1704 5553 1866 5608 Mich.
1896 5567 1966 5612 ιν,
1991 5551 2046 5603 2.

1679 5624 1722 5656 ³δ
1755 5625 1895 5677 Pani.
1925 5638 2112 5683 οτι-ιιι,
2154 5619 2279 5671 H33.

913 5695 958 5726 ³⁸
990 5688 1119 5747 ibid.
1149 5695 1334 5747 (ΞΟ-ἐι.
1380 5696 1424 5724 ³⁸
1461 5693 1559 5748 litt.
1597 5711 1706 5748 t-IV.
1733 5695 1785 5748 ‘3-

501 5739 728 5825 "1.0M.
758 5760 953 5830 κη..ιᾶ
1029 5765 1072 5796 ⁸⁸
1113 5765 1212 5819 Ιδιη
1259 5780 1444 5828 xxvm,
1483 5738 1581 5828 l6';
1626 5765 1641 5819 Ι
1679 5738 1818 5822 lic-tr.
1857 5780 1913 5828 tt,

1771 4547 2059 4602 admodum
2104 4542 2352 4600 Christus
2400 4540 2515 4610 ipse
2570 4537 2639 4594 de
2688 4553 2747 4593 se
2791 4538 3123 4609 coulirmat;
3155 4552 3172 4584 ι
3241 4529 3351 4600 Ego

1769 4657 1886 4696 sum
1936 4639 2047 4700 via,
2097 4636 2300 4692 veritas
2339 4644 2396 4689 et
2435 4634 2548 4688 vita
2574 4630 2679 4695 ⁸⁸.»
2707 4630 2772 4685 de
2814 4644 2987 4698 eoque
3033 4638 3247 4682 rursum
3284 4621 3349 4674 ad

1771 4748 1968 4789 novam
2002 4732 2130 4788 Sion
2173 4733 2248 4785 ait
2289 4727 2497 4784 Isaias:
2533 4742 2554 4778 ι
2596 4724 2733 4779 Ecce
2759 4738 2858 4793 ego
2886 4723 3092 4774 mittam
3123 4718 3176 4771 in
3229 4714 3356 4768 l‘nn-

1770 4823 2039 4878 damentis
2069 4821 2201 4877 Sion
2235 4820 2463 4889 lapidem
2504 4817 2811 4888 probatum,
2851 4815 3160 4881 angularem
3189 4846 3203 4870 ,
3230 4819 3353 4875 pro-

1774 4916 2010 4969 tiosum:
2053 4924 2106 4968 et
2159 4913 2247 4983 qui
2303 4910 2594 4967 crediderit
2644 4909 2698 4962 in
2743 4922 2862 4983 eum
2912 4919 3015 4956 non
3051 4897 3346 4954 confunde-

1772 5014 1859 5059 tur
1882 5005 1927 5036 “
1963 5023 1981 5056 ι
2021 5007 2074 5059 in
2106 5014 2388 5059 aeternum.
2416 4999 2563 5054 idem
2593 4999 2657 5052 ad
2689 4971 2934 5050 eamdem
2975 5010 2989 5048 :
3028 5010 3046 5044 ι
3081 4990 3218 5045 Ecce
3252 5002 3352 5057 ego

1773 5111 2016 5163 praeparo
2047 5095 2140 5147 tibi
2169 5091 2563 5148 carbunculum
2609 5089 2844 5159 lapidem
2880 5096 3051 5148 tuum,
3079 5092 3131 5137 et
3167 5082 3353 5133 fundu-

1774 5199 1956 5241 menta
2015 5197 2102 5239 tua
2139 5185 2448 5256 sapphirum
2480 5202 2493 5236 :
2526 5193 2579 5237 et
2601 5197 2793 5251 ponam
2834 5175 3230 5248 protingnacula
3263 5184 3351 5225 tua

1767 5279 1946 5348 jzlspilt
2003 5294 2017 5330 :
2055 5285 2107 5330 et
2140 5286 2323 5344 portas
2357 5284 2473 5328 tuas
2511 5272 2714 5342 lapides
2741 5269 3013 5341 chrystalli
3051 5286 3066 5321 :
3101 5276 3153 5320 et
3183 5265 3352 5318 ambi-

1783 5383 1890 5424 tum
1937 5387 2143 5422 murum
2191 5378 2340 5422 tuum
2387 5367 2588 5435 lapides
2638 5365 2862 5424 electos,
2901 5371 2951 5414 et
2989 5373 3178 5413 omnes
3215 5357 3352 5410 lilios

2128 5548 2172 5579 ³ο
2207 5548 2358 5601 Deut.
2412 5564 2563 5608 xvm,
2611 5548 2691 5601 I3.
2773 5548 2815 5579 ³⁸
2846 5544 3047 5600 δείνηό
3089 5557 3237 5603 πῖθ’
3291 5542 3344 5594 4·

2404 5619 2448 5649 ⁸⁵
2479 5621 2623 5674 Pam.
2659 5618 2837 5680 κυνὶ.
2935 5617 2977 5646 ³⁸
3012 5616 3162 5668 Deut.
3199 5628 3349 5670 κνιυ.

1869 5695 1913 5723 δ’
1954 5699 2053 5746 Ιςςῐ.
2092 5682 2181 5753 Π,
2214 5691 2262 5751 ι,
2303 5686 2359 5740 2.
2439 5690 2481 5719 δ’
2517 5690 2656 5743 Psal.
2689 5705 2832 5751 πων,
2869 5687 3045 5748 11,15.
3123 5685 3169 5714 ⁵³
3202 5682 3346 5736 Psal.
