3816 6204
483 210 584 278 891

1645 221 2078 285 ANDRONICI
2101 217 2452 286 COMNENI

3621 211 3710 276 392

487 339 610 382 tuos
639 328 930 400 discipulos
959 332 1051 388 Dei
1086 349 1099 387 :
1137 343 1190 388 et
1221 334 1274 389 iu
1311 333 1473 388 multa
1510 350 1640 405 pace
1671 338 1760 392 lilii
1793 339 1890 405 tui,
1919 352 1972 395 et
1999 341 2127 401 ιιι-Α
2158 338 2387 393 filiorum
2426 334 2595 392 Isra’oI
2632 332 2687 392 in
2728 349 2931 392 escam.
2963 334 3029 391 Et
3069 343 3130 389 ut
3169 331 3298 404 quid
3342 330 3616 400 respexisti
3665 334 3706 384 in

481 423 688 490 iustitia
718 425 1088 492 adiﬁcabcris,
1121 430 1312 483 recede
1339 428 1404 483 ab
1435 429 1618 498 iniquo
1651 431 1713 485 ".
1761 452 1780 484 ι

563 537 770 594 Videtis
795 548 849 594 ut
873 541 1108 610 gentium
1139 544 1437 600 Ecclesiam
1476 547 1738 615 propheta
1765 549 2066 617 significet?

491 646 610 683 nam
648 646 768 685 cum
803 631 1223 705 Hierosolymam
1256 649 1458 702 monet,
1488 639 1753 694 abstineat
1783 656 1811 693 a
1843 643 2067 697 sceleri-

499 721 616 787 bus,
650 722 957 780 Juda'orum
1006 727 1344 784 calamitates
1382 739 1435 783 et
1475 731 1918 798 interuetionem,
1949 752 2066 804 qua:

495 828 589 866 cos
620 814 893 876 manebat,
928 832 955 869 a
988 818 1279 875 sceleribus
1312 837 1416 875 non
1451 823 1809 886 abstinentes,
1843 825 2014 880 innuit
2051 843 2065 881 :

497 924 515 954 ι
555 905 618 958 Et
646 913 822 960 terror
851 923 957 962 non
989 911 1442 982 appropinquabit
1471 916 1562 968 libi
1585 916 1650 980 “,
1687 933 1720 966 )-
1742 919 1792 969 id
1827 927 1929 980 est,
1954 934 2069 974 scc-

493 996 1018 1072 leribusyabstinens
1061 1018 1256 1071 expers
1302 1007 1526 1061 terroris
1567 1008 1817 1078 agitabis.
1861 1028 1879 1061 ι
1931 1009 2068 1066 Ecce

494 1091 750 1161 [trnselyti
787 1093 1045 1149 accedent
1081 1097 1145 1148 ad
1183 1106 1234 1151 te
1270 1112 1364 1165 per
1399 1115 1512 1164 tne;
1558 1119 1578 1152 ι
1621 1116 1716 1172 per
1751 1115 1858 1168 me,
1893 1103 2068 1174 inquit

494 1181 769 1250 Christus,
798 1197 985 1254 gentes
1019 1197 1070 1241 et
1102 1188 1332 1246 diversis
1369 1191 1564 1261 linguis
1601 1193 1879 1258 loquentes
1916 1198 1979 1250 ad
2019 1207 2069 1253 te

494 1278 898 1334 commeabunt.
938 1298 957 1332 ι
999 1279 1058 1334 Ει
1092 1281 1269 1337 coloni
1305 1297 1463 1339 erunt
1497 1289 1591 1352 tui,
1625 1299 1679 1343 ct
1706 1288 1769 1342 ad
1800 1297 1852 1345 te
1882 1292 2071 1346 confu-

493 1369 721 1435 gient“.
753 1391 773 1423 ι
806 1370 938 1425 Nam
971 1375 1022 1428 in
1052 1375 1329 1430 Dominico
1356 1378 1622 1448 supplicio
1649 1392 1858 1436 cunctae
1885 1398 2069 1454 gentes

497 1460 922 1532 Hierosolymam
971 1465 1246 1533 profectae,
1282 1484 1343 1522 ac
1385 1474 2063 1546 contprecatm;hodieque

499 1563 865 1610 revertuntur.
897 1553 1003 1611 Sed
1034 1557 1138 1612 erit
1169 1559 1257 1614 hic
1284 1560 1424 1630 lapis
1451 1561 1698 1630 gentibus
1727 1566 1792 1618 ad
1828 1581 2071 1622 resurre-

497 1644 754 1702 ctinncm.
790 1645 986 1703 Judteis
1023 1652 1341 1731 adruinam
1394 1672 1407 1709 :
1453 1656 1650 1711 etenim
1692 1673 1756 1735 ex
1800 1663 2072 1732 propheta:

507 1744 684 1786 tuente
715 1749 852 1800 unus
889 1726 1134 1811 idemque
1171 1742 1305 1813 lapis
1337 1748 1439 1799 erit
1471 1727 1802 1814 nlI'ension'is,
1835 1759 1886 1804 el
1919 1763 2070 1820 petra
2107 1719 2148 1773 Β

498 1828 732 1880 ειτίιιιιΙιιΙί
753 1827 818 1881 ⁸⁸.

573 1937 712 2005 Quid
767 1942 933 2012 igitur
975 1947 1155 2004 dicent
1202 1955 1517 2022 ternmnosi,
1553 1972 1675 2012 cum
1729 1959 1990 2018 illustrem
2041 1979 2074 2020 e

499 2032 655 2087 caelis
699 2034 1077 2097 adventantem
1119 2041 1394 2100 Christum
1436 2049 1713 2118 videlmnt,
1744 2055 2073 2126 audieutqne

499 2125 554 2178 in
604 2142 811 2183 summa
863 2134 1145 2203 majestate
1193 2139 1442 2197 aﬂ‘antem
1497 2144 1646 2212 illos,
1683 2150 1772 2217 qui
1823 2165 1882 2206 se
1928 2153 2073 2207 velut

505 2232 789 2289 augustum
843 2235 894 2280 et
946 2229 1257 2299 angularem
1309 2234 1535 2304 lapidem
1585 2250 1709 2294 sunt
1753 2243 2074 2310 amplcxati?

507 2327 529 2363 ι
562 2310 769 2380 Venite,
821 2316 1091 2376 benedicti
1144 2321 1317 2381 Patris
1363 2329 1791 2399 tnci,'possidcte
1829 2347 2070 2404 paratum

502 2405 651 2460 vobis
678 2422 898 2478 regnum
919 2411 983 2465 δ’.
1013 2431 1031 2463 ι
1075 2415 1324 2474 Sinistris
1348 2436 1498 2488 vero,
1523 2423 1613 2492 qui
1647 2427 1696 2478 in
1727 2441 1915 2480 saxum
1945 2429 2072 2484 illud

501 2503 842 2572 impegerunt
872 2515 925 2562 et
957 2507 1321 2578 offenderunt,
1351 2515 1652 2574 dicentem?
1689 2541 1706 2573 ι
1751 2522 2015 2578 Discedite
2045 2541 2073 2578 a

503 2608 590 2647 me
631 2596 900 2654 maledicti
951 2601 1002 2655 in
1048 2603 1225 2672 ignem
1275 2617 1558 2676 alternum,
1595 2612 1683 2680 qui
1727 2622 1952 2682 paratus
1994 2626 2076 2671 est

504 2684 719 2741 diabolo
767 2698 820 2743 et
863 2693 1070 2762 angelis
1119 2692 1234 2765 ejus
1256 2697 1325 2753 '°.
1378 2717 1398 2752 ι
1453 2700 1736 2767 Quomodo
1788 2717 1899 2761 tum
1951 2709 2076 2765 lacti

509 2780 834 2844 pmniteutes
875 2801 983 2855 pra
1025 2789 1187 2843 animi
1232 2794 1476 2863 angustia
1519 2805 1756 2865 gletnent,
1794 2809 1846 2853 et
1882 2800 2075 2855 iterum

504 2872 667 2938 atque
699 2873 892 2929 iterum
927 2889 1172 2948 repetent
1205 2901 1220 2937 :
1266 2902 1285 2935 ‹
1324 2881 1428 2940 Hic
1460 2869 1562 2949 est,
1594 2903 1754 2957 quem
1793 2890 2078 2960 aliquando

507 2960 790 3022 habuimus
813 2969 863 3022 in
889 2970 1146 3036 derisum,
1163 2984 1216 3030 et
1240 2976 1292 3031 in
1317 2978 1716 3035 similitudinem
1742 2983 2074 3054 improperii.

509 3055 615 3114 Nos
649 3058 898 3116 insensati
932 3071 1069 3120 vtam
1104 3068 1243 3123 illius
1271 3071 1676 3130 acstimabamus
1707 3076 1993 3146 insaniam,
2024 3087 2076 3134 et
2106 3072 2152 3132 ϐ

505 3149 662 3205 finem
683 3153 822 3209 illius
836 3157 951 3211 sine
969 3158 1187 3215 honore.
1207 3161 1343 3217 Ecce
1361 3167 1625 3232 quomodo
1641 3180 1978 3237 computatus
1997 3181 2080 3226 cst

506 3241 646 3298 inter
670 3245 804 3304 filios
832 3247 949 3316 Dei.
970 3261 1023 3307 et
1053 3252 1194 3309 inter
1225 3268 1440 3312 sanctos
1473 3273 1592 3312 sors
1625 3260 1763 3314 illius
1795 3264 1908 3316 est?
1946 3265 2082 3331 Ergo

506 3337 808 3394 erravimus
856 3357 883 3395 a
939 3343 1022 3398 via
1071 3347 1350 3414 veritatis,
1383 3361 1436 3403 et
1477 3351 1705 3420 iustitia:
1750 3353 1929 3410 lumen
1978 3373 2081 3412 non

508 3424 643 3480 luxit
677 3430 851 3485 nobis.
881 3435 1089 3490 Lassali
1114 3451 1298 3493 sumus
1333 3439 1383 3492 in
1416 3441 1498 3493 via
1534 3441 1831 3511 iniquitatis
1871 3455 1925 3501 et
1952 3463 2078 3517 per-

505 3516 725 3575 ditionis
759 3540 773 3579 :
807 3524 944 3579 viam
979 3536 1156 3582 autem
1190 3527 1398 3585 Domini
1435 3531 1800 3602 ignoravimus
1817 3537 1882 3592 ".
1918 3516 2082 3594 tISed

512 3623 619 3665 tnnt
647 3613 725 3666 eis
750 3615 958 3671 inutilis
984 3622 1088 3674 erit
1113 3621 1291 3678 ﬂetus.
1316 3622 1448 3678 Nam
1477 3641 1676 3696 sponso
1704 3628 1755 3682 in
1790 3630 2081 3686 thalamum

513 3703 782 3772 ingresso,
803 3710 1163 3780 omnibusque
1193 3715 1437 3771 convivis
1466 3731 1587 3771 cum
1615 3732 1681 3773 eo
1708 3721 2082 3788 gaudentibus,

512 3794 733 3850 thalami
770 3798 911 3856 rores
946 3799 1144 3857 clausa:
1177 3815 1337 3860 erunt
1370 3821 1555 3875 porro,
1589 3818 1645 3863 ut
1676 3809 1806 3865 olim
1849 3813 2082 3880 paradisi

513 3886 758 3945 flammeo
794 3907 925 3947 ense
965 3895 1252 3951 custoditm
1268 3897 1337 3954 υ.
1370 3899 1452 3952 Ab
1489 3903 1702 3970 quoties
1737 3904 1924 3960 miseri
1962 3921 2082 3960 cum

514 3984 768 4052 lasaymis
815 3986 1179 4043 inclamabunt
1224 4007 1238 4044 :
1288 4009 1307 4043 ι
1359 3992 1611 4060 Domine,
1645 3994 1898 4064 Domine,
1937 4000 2083 4067 aperi

514 4075 698 4140 nobis;
734 4093 752 4126 ι
791 4077 1057 4146 siquidem
1091 4089 1144 4135 ct
1172 4095 1298 4138 caro
1328 4098 1388 4138 es
1418 4085 1482 4139 de
1511 4101 1676 4143 carne
1707 4099 1916 4154 nostra,
1943 4100 1993 4146 et
2024 4107 2087 4146 os

519 4166 586 4221 de
612 4169 827 4224 ossibus
859 4173 1082 4239 nostris,
1107 4175 1196 4243 qui
1223 4178 1440 4245 quidem
1471 4192 1534 4233 ex
1568 4180 1862 4249 majoribus
1891 4184 2087 4238 nostris

510 4271 662 4316 ortus
697 4261 897 4318 fueras.
931 4262 1036 4320 Sed
1068 4282 1162 4323 eos
1197 4269 1332 4329 Rex.
1368 4271 1614 4340 idemque
1650 4273 1789 4326 Dens
1834 4274 2080 4344 alloque-

514 4361 601 4405 tur
628 4369 642 4407 :
679 4370 697 4404 ι
735 4354 902 4408 Amen
935 4357 1055 4411 dico
1083 4359 1254 4422 vobis,
1280 4360 1463 4416 nescio
1491 4376 1582 4417 vos
1604 4363 1671 4417 ".
1709 4382 1727 4415 ι
1756 4395 1819 4406 -
1853 4384 1870 4416 ι
1906 4364 2089 4422 Disce—

512 4445 620 4499 dite
659 4460 690 4500 a
732 4463 817 4501 me
864 4449 956 4516 qui
998 4452 1297 4518 operamini
1349 4453 1682 4524 iniquitatem
1704 4458 1770 4513 “.
1808 4477 1828 4511 ι
1875 4458 2083 4514 Etenim
2121 4435 2162 4488 θ

513 4550 607 4588 vos
643 4547 769 4596 ante
805 4549 1036 4596 testatus
1065 4558 1182 4597 sum
1222 4561 1235 4597 :
1280 4563 1298 4597 ‹
1339 4545 1437 4610 Qui
1475 4552 1748 4619 negaverit
1783 4566 1867 4605 me
1901 4568 2084 4607 coram

519 4631 846 4698 hominibus,
883 4635 1093 4705 negabo
1132 4647 1187 4693 et
1221 4653 1321 4710 ego
1359 4655 1482 4695 eum
1523 4655 1708 4696 coram
1746 4643 1908 4698 Patre
1943 4660 2084 4710 meo,

512 4723 601 4789 qni
635 4724 685 4778 in
717 4728 868 4782 caelis
900 4731 1062 4784 est".
1102 4750 1122 4784 ι
1157 4731 1335 4801 Atque
1361 4735 1475 4791 haec
1501 4738 1718 4806 quidem
1751 4739 1830 4792 sic
1861 4738 2085 4793 habent.

581 4814 846 4873 C:eterum
883 4820 1188 4890 Regnorum
1219 4828 1425 4897 primus
1454 4831 1527 4884 ait
1562 4847 1577 4885 :
1620 4850 1638 4882 ι
1676 4829 1831 4886 Venit
1863 4833 1945 4886 vir
1981 4832 2072 4889 Dei

517 4909 582 4961 ad
616 4909 732 4965 lleli
767 4917 1126 4984 sacerdotem,
1157 4929 1211 4974 et
1245 4921 1320 4974 ait
1350 4923 1418 4976 ad
1452 4937 1572 4977 eum
1612 4945 1622 4980 :
1663 4925 1783 4979 Ηςρο
1817 4925 1947 4981 dicit
1977 4925 2083 4978 Do-

521 5001 699 5057 minus
742 5005 1058 5076 :Numquid
1094 5027 1195 5065 non
1230 5024 1414 5082 aperte
1450 5018 1712 5073 revelatus
1749 5034 1864 5070 sum
1899 5019 2082 5072 domui

518 5103 688 5168 patris
718 5104 832 5156 tui?
858 5115 909 5158 et
940 5106 1072 5177 elegi
1107 5123 1225 5160 eum
1252 5122 1316 5162 ex
1349 5110 1598 5165 omnibus
1634 5111 1879 5165 tribubus
1914 5110 2081 5166 Israel

523 5193 653 5247 mihi
689 5195 740 5248 in
776 5199 1131 5264 sacerdotem,
1159 5207 1217 5252 ut
1242 5201 1560 5255 ascenderet
1590 5201 1653 5255 ad
1685 5201 1855 5255 altare
1890 5216 2088 5271 memn,

521 5297 576 5356 et
601 5287 839 5342 adoleret
876 5290 1000 5343 mihi
1033 5291 1336 5353 incensum.
1361 5302 1416 5346 et
1442 5303 1678 5361 portaret
1706 5294 1878 5360 ephnd
1910 5309 2089 5348 coram

524 5379 648 5433 me?
677 5378 739 5433 Et
766 5380 884 5435 dedi
918 5383 1097 5436 domui
1127 5382 1297 5452 patris
1327 5382 1400 5436 tui
1431 5385 1634 5448 Omnia,
1660 5399 1777 5452 qua:
1809 5393 1930 5436 sunt
1958 5385 2092 5454 ignis

594 5565 639 5599 ⁵⁸
663 5565 766 5621 Isa.
795 5584 901 5632 Ltv,
937 5568 1117 5623 Il-l3.

524 5639 618 5694 41.
693 5640 734 5669 ⁸³
770 5645 892 5707 Sap.
925 5657 974 5702 ιι,
1003 5642 1115 5695 3-7.

530 5725 593 5777 tt,
618 5709 805 5768 27-51.

1221 5570 1266 5601 ⁸⁸
1291 5571 1418 5625 ibid.
1455 5571 1534 5625 Η.
1614 5571 1655 5603 ³⁵⁷
1686 5572 1813 5625 ibid.
1850 5571 1929 5626 15.

1193 5644 1236 5674 ⁵³
1267 5641 1401 5696 Gen.
1435 5658 1516 5702 III,
1547 5642 1635 5695 24.

882 5713 927 5744 ⁵⁷
953 5712 1093 5770 I‘sal.
1119 5730 1284 5778 stn,
1316 5715 1406 5770 i7.
1481 5716 1527 5748 ⁵⁸
1555 5714 1697 5769 Psal.
1725 5728 1939 5776 cxxxvt,
1968 5712 2028 5779 4;
2063 5727 2167 5777 αγι,

2009 5571 2052 5600 ⁸⁸
2081 5569 2180 5622 lsa.

1711 5644 1757 5674 ⁵³
1791 5643 1955 5695 Matth
2008 5655 2130 5702 xxv,
2163 5639 2362 5704 H.112.

2174 432 2452 485 incensum
2486 444 2686 492 meum,
2715 436 2769 482 et
2795 429 2848 482 in
2881 426 3207 482 sacrificium
3241 440 3416 478 meum
3449 422 3707 491 impudenti

2173 520 2361 577 oculo?
2390 517 2448 576 Et
2472 520 2784 591 glorificasti
2811 521 2950 576 filios
2978 531 3096 575 tuus
3121 535 3280 584 super
3305 532 3409 580 mc,
3429 516 3706 571 benedicere

2177 616 2240 668 de
2284 613 2578 681 primordio
2619 613 2799 667 omnis
2843 612 3097 667 sacrificii
3142 608 3311 666 Israel
3357 609 3409 662 in
3454 618 3704 676 conspectu

2179 705 2330 758 meo?
2362 704 2588 776 Propter
2618 706 2719 761 hoc
2752 704 2867 760 hzec
2903 705 3032 760 dicit
3065 705 3325 759 Dominus
3357 701 3500 756 Deus
3531 699 3706 756 Israel:

2179 795 2317 854 Dixi.
2355 797 2546 851 domus
2594 806 2704 862 tua,
2738 808 2792 851 et
2840 798 3033 853 domus
3081 794 3259 850 Patris
3312 797 3388 849 tui
3441 791 3711 847 transibunt

2175 903 2353 942 coram
2400 903 2484 944 me
2537 903 2707 957 usque
2755 889 2806 942 in
2855 888 3262 958 sempiternum.
3297 885 3366 940 Et
3411 899 3557 938 nunc
3601 882 3713 936 dicit

2180 981 2435 1034 Dominus
2480 998 2496 1034 :
2535 979 2884 1051 Nequaquam
2926 998 2942 1035 :
2985 980 3240 1049 quoniam
3283 987 3496 1032 tantum
3538 973 3711 1046 glorifi-

2177 1083 2361 1128 cantes
2405 1089 2492 1129 nte
2532 1074 2867 1143 gloriflcabo,
2905 1083 2960 1129 et
3004 1072 3096 1143 qni
3144 1071 3354 1142 spernit
3397 1086 3504 1135 me,
3546 1070 3717 1124 honore

2178 1146 2497 1236 privabitur.
2522 1165 2660 1225 Ecce
2685 1169 2800 1223 dies
2827 1170 3069 1231 veniunt,
3091 1177 3145 1223 et
3165 1165 3544 1224 exterminabo
3565 1179 3715 1219 semen

2179 1269 2349 1327 tuum,
2382 1273 2435 1317 et
2477 1277 2662 1318 semen
2705 1263 2898 1319 domus
2941 1263 3113 1332 patris
3151 1260 3253 1326 tui,
3290 1269 3344 1316 et
3379 1274 3489 1315 non
3522 1259 3619 1312 erit
3647 1259 3717 1310 tibi

2176 1368 2338 1408 senex
2368 1356 2419 1409 in
2451 1357 2610 1411 domo
2640 1371 2757 1412 mea
2788 1357 3039 1411 omnibus
3084 1354 3293 1410 diebus.
3319 1352 3382 1407 Et
3410 1351 3554 1407 viros
3577 1363 3721 1406 exter-

2177 1447 2394 1503 minaho
2429 1449 2498 1504 ab
2527 1449 2684 1504 altari
2722 1464 2861 1514 meo,
2896 1458 2957 1503 ut
2990 1447 3249 1504 deficiant
3283 1445 3426 1502 oculi
3465 1460 3657 1507 eorum,
3682 1454 3722 1496 et

2177 1539 2375 1594 defluat
2418 1541 2598 1596 anima
2651 1557 2860 1596 eorum.
2899 1539 2962 1596 Et
3004 1541 3181 1596 omnis
3229 1539 3322 1612 qui
3377 1538 3639 1607 supererit
3671 1552 3724 1590 ex

2180 1633 2340 1687 domo
2374 1643 2485 1700 tua,
2513 1633 2708 1691 cadent
2743 1635 2792 1688 in
2829 1634 3098 1704 romphaea
3135 1633 3392 1688 virorum.
3422 1630 3493 1684 Et
3525 1629 3619 1683 hoc
3649 1628 3724 1683 tibi

2177 1725 2414 1797 signum,
2440 1729 2583 1798 quod
2623 1729 2802 1784 veniet
2844 1744 3007 1798 super
3051 1730 3184 1782 duos
3225 1725 3364 1780 filios
3405 1735 3549 1790 tuos,
3579 1723 3724 1795 Oplnti

2175 1829 2228 1875 et
2259 1821 2490 1876 Phinees
2518 1840 2532 1876 ε
2565 1836 2669 1876 una
2701 1822 2786 1878 die
2815 1823 3116 1877 morientur
3139 1821 3303 1877 ambo
3323 1821 3391 1875 ".
3431 1839 3451 1872 ι

2252 1938 2376 1997 Jun.
2411 1939 2524 1995 Non
2562 1939 2614 1994 in
2649 1940 2895 2009 quemvis
2932 1937 3214 1997 Israelitici
3253 1939 3470 2005 generis
3502 1939 3724 1993 sacerdoo

2175 2044 2306 2100 tem,
2335 2037 2427 2089 sed
2461 2036 2511 2089 in
2548 2034 2666 2088 lleli
2697 2035 2895 2099 solum,
2922 2033 3029 2088 hoc
3058 2032 3292 2087 edictum
3323 2033 3550 2100 expetit.

2247 2127 2468 2180 Cuntsr.
2525 2124 2744 2178 Minime
2793 2126 3054 2194 gentium.
3103 2122 3239 2178 Male
3289 2138 3477 2180 sacras
3527 2123 3728 2178 Litteras

2176 2220 2495 2291 intelligitis.
2523 2217 2656 2273 Nam
2689 2219 2733 2274 si
2769 2220 2821 2274 in
2855 2219 2972 2274 lleli
3006 2219 3176 2275 solum
3205 2220 3531 2288 expetebat;
3558 2219 3728 2272 dictum

2175 2315 2408 2382 oportuit
2443 2329 2457 2367 :
2497 2331 2515 2365 ι
2553 2311 2940 2367 Esterminabo
2968 2328 3150 2369 semen
3183 2327 3354 2367 tuum.
3392 2332 3410 2365 ι
3450 2312 3601 2368 Nunc
3627 2327 3730 2365 vero

2177 2408 2327 2460 addit
2357 2425 2368 2461 :
2410 2426 2427 2458 ‹
2465 2407 2529 2462 Et
2556 2422 2741 2461 semen
2775 2407 2971 2461 domus
3002 2408 3170 2476 patris
3202 2407 3275 2462 tui
3313 2425 3327 2460 :
3363 2429 3379 2460 ι
3414 2404 3728 2476 ιενίοριοςυι

2178 2500 2342 2555 dubio
2379 2509 2570 2555 notans
2614 2510 2821 2570 patrem
2865 2501 3056 2556 domus
3097 2500 3234 2555 Heli.
3267 2499 3394 2554 Ideo
3439 2501 3732 2570 praedixerat

2178 2593 2261 2644 vir
2291 2592 2378 2645 Dei
2413 2609 2428 2649 :
2470 2610 2490 2644 ο
2526 2592 2670 2662 Elegi
2706 2585 2924 2647 domum
2962 2597 3130 2662 patris
3167 2594 3243 2647 tui
3277 2609 3341 2648 ex
3378 2595 3628 2647 omnibus
3658 2593 3735 2643 tri-

2179 2683 2350 2737 bubus
2390 2685 2552 2738 Israel
2596 2685 2727 2739 mihi
2774 2686 2825 2739 in
2868 2685 3228 2740 saCerdotem.
3262 2703 3281 2737 ι
3318 2685 3500 2751 Quare
3533 2700 3624 2753 pro
3655 2686 3731 2737 de-

2181 2776 2321 2832 lectu
2354 2776 2554 2831 editum
2589 2794 2802 2847 quoque
2834 2788 2918 2833 est
2950 2779 3184 2833 edictum
3211 2798 3226 2847 ;
3263 2780 3529 2849 siquidem
3563 2782 3695 2835 addit
3723 2801 3732 2832 :

2187 2889 2205 2922 ι
2259 2869 2648 2924 Extcrutinabo
2675 2885 2883 2926 .semcu
2934 2871 3125 2927 domus
3172 2873 3372 2941 patris,
3404 2883 3459 2926 ct
3502 2889 3606 2927 non
3648 2875 3734 2926 eris

2180 2964 2439 3034 propheta
2477 2967 2530 3018 in
2566 2963 2726 3019 domo
2762 2979 2879 3018 mea
2913 2964 3163 3021 omnibus
3187 2965 3392 3020 diebus.
3443 2985 3460 3017 ι
3498 2966 3609 3032 Qua
3632 2981 3734 3019 seu.

2190 3057 2350 3111 tentia
2383 3057 2748 3112 omnimodam
2777 3057 3119 3111 sacerdotum
3153 3058 3562 3129 abrogationem
3593 3058 3734 3127 signi-

2187 3153 2343 3219 ficat;
2375 3167 2604 3223 eamque
2633 3152 2988 3222 prrcsenticns
3014 3162 3064 3207 et
3092 3152 3256 3207 David
3289 3153 3362 3207 ait
3391 3171 3404 3209 :
3440 3172 3459 3206 ι
3494 3155 3551 3208 ιιι
3581 3154 3730 3207 Ecde-

2183 3243 2280 3298 siis
2327 3243 2631 3298 benedicite
2673 3243 2780 3297 Deo
2824 3241 3052 3297 Domino
3072 3243 3139 3298 ⁸⁷.
3187 3262 3205 3295 ι
3251 3242 3387 3298 Nam
3429 3245 3481 3298 in
3525 3243 3731 3299 Mosaici

2183 3335 2300 3403 lege
2340 3347 2448 3388 non
2496 3334 2751 3390 sacerdos
2791 3345 2911 3390 erat
2951 3347 3104 3390 extra
3147 3336 3404 3405 templum
3449 3333 3732 3404 Hierosoly-

2186 3426 2310 3490 mis,
2334 3441 2441 3480 non
2474 3425 2741 3494 pontifex,
2769 3442 2875 3481 non
2907 3426 3226 3493 immolatio,
3257 3443 3364 3482 non
3395 3426 3623 3491 sumtus,
3649 3443 3733 3479 non

2185 3513 2563 3582 libamentum,
2594 3517 2724 3587 quin
2759 3527 2814 3572 et
2845 3516 3114 3590 Babylone
3141 3518 3472 3585 exsulantes,
3503 3519 3553 3573 in
3585 3518 3734 3573 aliena

2192 3616 2334 3662 terra
2378 3607 2488 3662 Deo
2519 3610 2768 3664 carmina
2798 3609 2997 3667 olIerrc
3024 3611 3277 3681 religioni
3313 3611 3659 3669 habebant".
3683 3615 3734 3666 At

2186 3715 2328 3755 nunc
2370 3701 2438 3754 ab
2482 3712 2602 3756 ortu
2647 3711 2701 3757 et
2744 3719 2964 3767 occasu,
3003 3705 3072 3758 ab
3114 3705 3367 3774 aquilone
3412 3713 3571 3777 atque
3618 3707 3733 3760 mari

2183 3802 2369 3847 coacta
2421 3803 2472 3848 et
2520 3795 2864 3850 constabilita
2918 3807 3003 3852 est
3046 3795 3314 3852 Ecclesia.
3365 3796 3573 3867 Ubique
3609 3797 3734 3852 enim

2186 3886 2418 3952 tetnpla,
2452 3887 2798 3955 patriarchae,
2833 3890 3145 3958 pontifices,
3177 3892 3488 3946 sacerdotes
3522 3906 3586 3945 ac
3653 3888 3732 3942 Le-

2187 3977 2314 4031 vita:
2346 3979 2657 4046 frequentes
2686 3997 2701 4033 :
2732 3979 2784 4033 in
2813 3980 3065 4036 omnibus
3095 3995 3198 4049 qua
3230 3980 3388 4043 vicis,
3413 3995 3514 4050 qua
3541 3978 3735 4033 urbibus

2184 4068 2404 4123 assidue
2437 4071 2775 4124 incruentam
2807 4070 3041 4125 hostium
3075 4071 3351 4125 immolari
3384 4086 3592 4133 cernas,
3619 4080 3727 4124 toto

2185 4176 2288 4229 que
2332 4161 2462 4216 orbe
2508 4170 2772 4216 terrarum
2813 4163 2904 4218 Dei
2943 4178 3138 4218 nomen
3174 4163 3382 4218 laudari
3415 4173 3575 4231 atque
3607 4162 3733 4219 cele-

2187 4254 2357 4307 brari.

2779 4369 3006 4429 CAPUT
3047 4370 3176 4426 LIV.

2191 4486 2490 4558 PrOp/tefitv
2536 4487 2599 4541 de
2657 4486 2861 4558 objecta
2918 4488 3061 4570 plebe
3117 4488 3382 4553 Iudaica,
3434 4488 3729 4560 ﬁngentium

2831 4570 3121 4614 vocaftone.

2265 4650 2471 4722 Quippe
2517 4650 2593 4704 ait
2634 4666 2732 4722 per
2772 4649 3067 4707 Jeremiam
3107 4651 3251 4708 Deus
3296 4668 3312 4708 :
3361 4671 3382 4705 ι
3435 4652 3571 4708 Dabo
3607 4649 3727 4702 vobis

2193 4752 2443 4813 pastores
2467 4741 2616 4810 juxta
2650 4756 2746 4796 cor
2773 4758 2970 4808 meum,
2999 4753 3052 4799 et
3081 4753 3300 4811 pascent
3332 4758 3429 4799 vos
3463 4743 3667 4799 scientia
3691 4753 3728 4790 ct

2194 4831 2441 4887 dat-trina
2465 4833 2530 4887 ”.
2571 4850 2589 4884 ι
2625 4829 2689 4884 Ει
2719 4847 2815 4901 per
2844 4832 3072 4888 Isaiam:
3106 4852 3123 4885 ι
3155 4833 3302 4888 Dabo
3339 4835 3597 4902 principes
3630 4841 3726 4884 tuus

2193 4927 2244 4980 in
2280 4942 2432 4996 pace,
2459 4936 2512 4982 et
2547 4927 2832 4997 episcopos
2870 4937 2990 4981 tuos
3020 4927 3072 4980 in
3102 4927 3402 4997 iustitia“.
3442 4946 3460 4979 ι
3498 4926 3723 4980 Rursum-

2190 5032 2295 5086 que
2324 5017 2389 5071 de
2416 5017 2764 5072 credentibus
2795 5015 2995 5071 Judaeis
3024 5031 3038 5070 :
3064 5033 3095 5069 tt
3135 5014 3281 5070 Vivet
3317 5017 3370 5070 in
3405 5017 3548 5072 bonis
3574 5014 3725 5068 anima

2195 5111 2394 5166 vestra,
2424 5114 2476 5156 et
2507 5104 2836 5159 constituam
2870 5104 3022 5158 vobis
3057 5113 3438 5160 testamentum
3472 5116 3724 5159 aeternum.

2192 5206 2381 5250 sancta
2423 5195 2592 5250 David
2631 5197 2804 5252 fidelia
2824 5197 2893 5252 ⁸⁸.
2935 5212 2954 5247 ι
3001 5196 3141 5251 Idem
3177 5196 3372 5252 iterum
3415 5215 3428 5250 :
3471 5216 3490 5249 σ
3525 5195 3722 5261 Qumritt

2195 5288 2513 5353 Dominum,
2559 5301 2611 5344 et
2658 5291 2711 5343 in
2764 5289 3082 5344 inveniendo
3132 5289 3380 5345 invocate
3428 5305 3580 5356 eum;
3620 5287 3722 5353 quia

2203 5384 2426 5436 multum
2473 5383 2700 5436 dimittet
2744 5391 2963 5451 peccata
3003 5389 3200 5436 vestra.
3232 5381 3416 5450 Neque
3455 5381 3586 5435 enim
3618 5386 3720 5432 sunt

2209 5585 2327 5631 vttt,
2360 5569 2454 5632 Ii;
2503 5569 2653 5621 Rottt.
2688 5583 2741 5626 tt.
2767 5566 2857 5622 35.

2440 5641 2485 5670 ⁸⁵
2513 5638 2700 5692 Matth.
2730 5654 2824 5700 vn,
2851 5637 2939 5692 ετ».

2911 5710 2952 5740 ⁸³
2981 5707 3081 5763 lsa.
3109 5722 3196 5773 LX,
3229 5706 3315 5762 Π.

2933 5565 2976 5596 ⁵9
3010 5565 3194 5619 Matth.
3228 5579 3356 5628 xxv,
3389 5563 3476 5618 54.
3546 5558 3585 5589 ε’
3611 5555 3718 5606 ibid.

2933 5680 2938 5681 γ
3017 5637 3060 5669 ⁸⁵
3094 5635 3222 5681 Luc-
3258 5651 3353 5681 xu-
3383 5635 3436 5681 9-
3508 5632 3548 5662 ⁸⁸
3573 5624 3718 5681 chg.

3017 5637 3060 5669 ⁸⁵
3093 5635 3222 5689 Luc.
3258 5651 3355 5697 xu,
3383 5635 3436 5690 9.
3508 5635 3548 5662 "
3573 5635 3719 5692 Hice.

3017 5722 3081 5761 sa.
3109 5722 3196 5763 ιιι.
3229 5706 3315 5762 Π.
3391 5705 3430 5738 ⁶¹
3465 5706 3557 5761 lsa.
3581 5712 3651 5763 tv,
3674 5692 3718 5751 (Ξ.

2198 5710 2250 5766 ϐ.

2328 5712 2374 5744 ⁸⁵
2403 5709 2600 5765 Jercm.
2639 5725 2717 5773 ιιι,
2751 5708 2830 5766 15.
