4004 6206
316 315 422 380 893

1348 322 1740 386 DIALOGUS
1769 320 2082 386 CONTRA
2115 316 2446 384 IUDIEOS.

3481 292 3590 370 εει

318 434 680 506 cogitationes
712 450 874 504 meae,
903 436 1048 494 sicut
1078 435 1435 508 cogitationes
1463 447 1690 506 vestrae;
1728 453 1904 508 neque
1932 442 1979 500 Α
2007 453 2072 494 eo
2128 436 2416 510 portabilis
2469 431 2736 506 primitias
2799 433 2855 487 et
2903 423 3175 486 sacriﬁcia
3226 430 3411 481 vestra
3431 423 3502 492 ",
3561 432 3585 469 ο

317 531 428 585 τίω.
465 537 684 592 vestrm,
725 528 828 587 vim
875 544 1043 598 mea,
1088 530 1217 586 dicit
1269 530 1551 589 Dominus.
1605 530 1710 585 Sed
1764 529 1906 586 sicut

323 624 491 680 distat
539 622 739 681 omium
791 639 823 680 ι
870 632 1048 693 terra,
1084 625 1165 680 sic
1212 625 1382 680 distat
1420 624 1508 679 via
1560 639 1677 680 mea
1728 638 1758 677 a
1806 623 1910 677 viis

333 717 555 786 vestris,
583 725 641 774 et
669 716 1027 791 cogitationes
1057 732 1191 774 mete
1223 732 1251 772 a
1281 717 1537 773 cordibus
1564 716 1841 773 vestris“.
1882 734 1903 767 ι

328 808 397 862 Ει
427 825 640 865 rursum
674 826 691 864 :
725 827 749 861 ι
785 808 912 866 Haec
943 810 1076 864 dicit
1100 810 1365 866 Dominus
1404 827 1418 866 :
1455 809 1736 865 Custodite
1765 809 1910 877 judi-

324 903 497 967 cium,
525 910 581 958 et
615 901 776 958 facito
800 902 1096 972 justitiam,
1126 905 1250 973 quia
1283 904 1435 975 juxta
1472 913 1554 958 est
1587 903 1732 958 salus
1765 917 1909 956 mea.

325 993 535 1050 Domus
593 1007 716 1050 mea
776 995 972 1052 domus
1031 996 1295 1051 orationis
1356 995 1640 1051 vocabitur
1698 993 1910 1050 cunctis

321 1086 534 1159 populis
549 1086 618 1144 “.
651 1106 672 1142 ι

399 1203 478 1259 De
508 1203 646 1276 legis
669 1217 802 1261 vero
835 1202 1192 1275 abrogatione
1219 1204 1410 1258 Oscam
1442 1203 1762 1275 prophetam
1794 1216 1912 1257 mo-

322 1297 445 1353 nuit
478 1297 644 1365 Deus,
675 1295 730 1353 in
765 1298 906 1353 hanc
935 1296 1259 1353 sententiam
1297 1315 1313 1351 :
1361 1315 1381 1349 t
1424 1294 1594 1360 Vade,
1623 1311 1777 1352 sume
1812 1295 1911 1353 tibi

326 1407 554 1449 uxorem
596 1391 1052 1459 fornicationom;
1101 1399 1156 1447 et
1203 1390 1289 1448 fac
1335 1391 1429 1446 tibi
1480 1390 1619 1446 ﬁlios
1665 1389 1911 1445 fornica-

329 1483 564 1548 tionum,
594 1483 722 1554 quia
755 1482 1037 1540 fornicans
1071 1482 1429 1538 fornicabitur
1459 1483 1816 1556 (SynagOga).
1847 1481 1913 1537 Et

327 1576 482 1641 abiit,
509 1584 565 1632 et
595 1576 803 1646 accepit
833 1575 1037 1633 Gomer
1067 1577 1234 1632 ﬁliam
1267 1576 1540 1632 Debelaitn
1579 1593 1596 1635 :
1631 1587 1684 1632 et
1710 1591 1914 1633 conce-

331 1672 432 1740 pit,
461 1680 514 1727 et
547 1673 756 1741 peperit
781 1673 828 1728 ei
859 1673 1027 1728 illium
1058 1691 1075 1730 :
1104 1682 1160 1730 et
1185 1672 1322 1728 dixit
1354 1672 1616 1728 Dominus
1637 1662 1711 1725 ad
1740 1684 1864 1726 eum
1900 1691 1913 1726 :

337 1767 485 1821 Voca
519 1781 718 1822 nomen
751 1765 869 1837 ejus
898 1763 1146 1822 Jezrahei
1184 1787 1198 1822 :
1239 1765 1492 1834 quoniam
1529 1762 1706 1818 adhuc
1741 1759 1914 1817 modi-

332 1872 482 1923 cum,
515 1868 569 1913 et
607 1856 842 1912 ulciscar
885 1857 1205 1928 sanguinem
1249 1853 1460 1910 Jezrael
1499 1868 1662 1924 super
1703 1852 1921 1908 domum

332 1950 472 2005 Juda
515 1969 531 2007 :
567 1961 622 2007 et
654 1951 760 2007 erit
794 1951 850 2007 in
887 1951 973 2007 die
1011 1951 1128 2018 illa,
1151 1950 1433 2020 quiescere
1469 1947 1660 2002 iaciam
1699 1960 1922 2017 regnum

341 2043 543 2100 domus
578 2042 747 2098 israel
792 2061 808 2100 :
849 2054 904 2099 et
942 2051 1223 2098 conteram
1265 2054 1450 2097 arcum
1493 2038 1660 2097 israel
1700 2038 1753 2093 in
1789 2036 1928 2092 valle

336 2135 640 2193 Jezraei“.
697 2155 717 2189 ι
772 2134 984 2194 Jezrael
1034 2144 1212 2191 autem
1268 2133 1414 2190 ultor
1463 2132 1727 2190 redditur.
1785 2149 1804 2182 ι
1857 2130 1926 2186 Ει

337 2231 599 2302 concepit
633 2231 830 2297 adhuc,
858 2239 910 2284 et
945 2229 1157 2300 peperit
1184 2229 1371 2294 tiliam,
1400 2235 1454 2284 et
1482 2226 1618 2282 dixit
1645 2225 1694 2281 ei
1734 2243 1748 2280 :
1779 2222 1925 2280 Voca

339 2340 536 2381 nomen
567 2324 686 2394 eius
732 2325 953 2390 Absque
1013 2321 1382 2378 misericordia
1408 2339 1423 2378 :
1447 2320 1570 2391 quia
1602 2335 1704 2374 non
1735 2319 1925 2375 addam

341 2417 484 2470 ultra
515 2415 766 2472 misereri
796 2415 978 2471 domui
1007 2413 1196 2481 Israel,
1224 2415 1316 2469 sed
1349 2413 1644 2469 adversans
1672 2414 1929 2467 adversa-

345 2511 450 2565 bor
478 2510 552 2566 ei.
584 2509 653 2565 Et
683 2509 978 2564 ablactavit
1003 2524 1147 2577 eam,
1176 2523 1295 2580 qua
1322 2516 1435 2564 erat
1467 2507 1684 2577 Absque
1719 2506 1929 2562 miseriv

345 2601 568 2667 cordia;
603 2609 657 2658 et
686 2600 934 2672 concepit
960 2599 1138 2656 adhuc
1170 2610 1221 2654 et
1249 2598 1454 2671 peperit
1480 2598 1672 2654 ﬁlium.
1702 2599 1768 2654 Et
1795 2599 1931 2653 dixit

343 2694 486 2750 Deus
520 2713 535 2749 :
565 2693 711 2750 Voca
773 2709 968 2750 nomen
1020 2694 1139 2764 ejus
1193 2693 1306 2747 Non
1341 2691 1568 2763 populus
1595 2703 1774 2759 meus;
1805 2692 1930 2762 quia

343 2802 442 2844 vos
493 2803 601 2841 non
653 2786 882 2857 populus
934 2800 1108 2853 mens,
1145 2796 1198 2840 et
1245 2801 1343 2857 ego
1393 2801 1498 2842 non
1551 2801 1648 2841 ero
1689 2786 1930 2841 vester”

346 2880 561 2950 (Deus).
593 2897 612 2932 ι
662 2878 814 2934 Idem
859 2880 926 2933 de
965 2877 1248 2951 Syttagoga
1287 2896 1301 2934 :
1345 2896 1364 2930 ι
1405 2876 1652 2935 iudicate
1701 2888 1930 2935 matrem

345 2984 612 3036 vestram,
638 2970 879 3042 iudicate
910 2987 926 3026 :
958 2972 1215 3042 quoniam
1250 2972 1368 3042 ipsa
1403 2987 1508 3028 non
1540 2989 1677 3028 uxor
1706 2989 1850 3042 mea,
1879 2986 1934 3030 et

349 3082 450 3136 ego
495 3081 602 3120 non
635 3065 721 3119 vir
752 3064 870 3134 ejus
892 3066 960 3120 “.
1001 3083 1022 3118 υ
1063 3065 1288 3135 Aliaque
1331 3080 1438 3120 non
1482 3081 1651 3136 pauca
1695 3069 1796 3124 sub
1837 3067 1931 3125 Dei

2013 532 2322 589 Salomonis
2364 526 2622 599 templum
2665 537 2889 596 prorsus
2931 521 3187 578 innuens.
3217 518 3286 575 At
3321 518 3414 574 ubi
3446 531 3593 575 nunc

2011 623 2173 680 hodie
2231 621 2490 694 templum
2543 618 2714 674 illud?
2763 616 2856 673 ubi
2913 611 3234 686 pontiﬁces?
3280 611 3595 669 sacerdotes

2013 718 2147 773 ubi?
2181 715 2272 772 ubi
2307 714 2399 784 qui
2435 712 2747 769 sacerdotes
2789 715 2991 781 ungant
3020 715 3076 764 et
3107 705 3466 776 inaugurent?
3499 702 3595 759 ubi

2012 827 2179 869 cornu
2221 808 2363 865 olei?
2397 807 2527 875 Quae
2557 805 2644 860 lex
2681 801 2918 858 Mosaica
2956 799 3217 870 profanos
3251 799 3503 868 permisit
3537 796 3592 849 in

2012 905 2326 960 sacerdotes
2384 898 2732 964 consecrari,
2781 895 3058 965 illegitime
3118 902 3272 948 extra
3336 889 3596 959 templum

2018 996 2576 1067 liierosoiymitanum
2601 992 2655 1048 in
2681 989 3057 1047 communibus
3082 986 3286 1043 aedibus
3309 982 3600 1040 collectos?

2013 1089 2240 1148 Habetis
2279 1102 2407 1145 ecce
2446 1084 2672 1160 proiecti
2717 1081 3011 1140 sacerdotii
3053 1086 3390 1149 argumenta.
3424 1075 3604 1143 Quare

2015 1183 2063 1238 si
2115 1181 2368 1237 sacerdos
2414 1193 2519 1234 non
2572 1187 2690 1242 est,
2725 1187 2914 1230 omnes
2961 1171 3123 1243 igitur
3166 1168 3341 1224 Judaei
3387 1166 3602 1222 adulte-

2014 1283 2225 1339 rantur,
2263 1282 2425 1342 atque
2467 1285 2533 1326 ex
2579 1267 2846 1323 adulterio
2895 1270 3215 1326 nascuntur,
3247 1275 3377 1330 ergo
3420 1257 3598 1327 spurii

2013 1381 2233 1432 omnes,
2270 1375 2326 1421 at
2370 1362 2589 1434 spurius
2635 1376 2704 1416 ex
2745 1359 2864 1429 iege
2906 1356 3073 1412 Mosis
3119 1355 3184 1408 ad
3232 1351 3602 1409 sacerdotium

2017 1473 2122 1514 non
2170 1458 2478 1514 asciscitnr.
2515 1456 2578 1510 Et
2609 1453 2812 1524 alioqui
2845 1451 3101 1508 sacerdos
3136 1449 3294 1520 plane
3329 1446 3531 1501 dicitur
3565 1460 3595 1499 a

2017 1552 2189 1609 sacris
2234 1549 2524 1615 faciundis,
2561 1548 2614 1604 id
2661 1555 2766 1614 est,
2801 1542 3128 1600 mactandis.
3165 1542 3261 1598 Sin
3313 1541 3488 1595 hostia
3539 1549 3598 1590 et

2018 1661 2172 1704 sacra
2214 1659 2320 1700 non
2362 1643 2500 1709 sint,
2534 1657 2635 1698 nec
2673 1639 2928 1695 sacerdos
2967 1635 3184 1707 quidem
3226 1642 3331 1694 est.
3378 1632 3484 1687 nisi
3518 1628 3609 1700 qui

2022 1741 2157 1797 falso
2196 1739 2453 1796 sacerdos
2491 1736 2595 1791 diei
2633 1733 2891 1806 postulet.
2923 1730 3110 1800 itaque
3143 1728 3187 1785 si
3224 1726 3388 1792 Ozias,
3423 1740 3612 1795 quam-

2033 1834 2116 1890 vis
2164 1832 2312 1904 regie
2359 1831 2604 1896 ittttncto,
2639 1825 2973 1883 thurihulum
3022 1820 3277 1878 tractanti
3321 1821 3462 1874 Deus
3506 1833 3610 1872 non

2033 1921 2364 1998 pepercit",
2394 1931 2602 1976 tantum
2633 1917 2776 1989 quod
2806 1914 3160 1973 sacerdotalis
3188 1926 3293 1967 non
3325 1916 3492 1976 esset,
3518 1907 3612 1963 sed

2035 2029 2087 2076 et
2115 2020 2320 2090 icpram
2355 2013 2603 2081 immisit,
2633 2021 2688 2069 et
2715 2009 3032 2084 prophetiae
3063 2021 3130 2063 eo
3161 2003 3450 2076 superstite
3483 2017 3615 2056 cou-

2037 2117 2225 2182 tinuit;
2261 2130 2380 2185 quae
2415 2120 2727 2183 quantaque
2759 2107 2903 2163 mala
2937 2120 3033 2162 eos
3066 2118 3171 2159 non
3207 2108 3492 2162 maneant,
3524 2097 3614 2168 qui

2035 2220 2318 2263 sacrorum
2392 2212 2656 2266 exsortes,
2692 2201 2747 2256 in
2795 2214 2951 2257 sacra
2998 2195 3275 2259 invadant,
3310 2203 3364 2248 et
3411 2188 3615 2244 Pascha

2037 2309 2199 2372 atque
2247 2300 2380 2355 festa
2430 2301 2638 2368 agitare
2684 2304 2837 2351 extra
2887 2288 3433 2362 Hierosolymitanum
3477 2295 3615 2339 tem-

2037 2391 2181 2463 plum
2219 2390 2512 2458 inceptent,
2551 2389 2722 2457 legem
2755 2383 3028 2443 Custodire
3061 2382 3128 2454 (si
3167 2378 3377 2451 superis
3414 2375 3611 2447 placet)

2038 2485 2253 2540 interim
2283 2499 2343 2539 se
2366 2483 2664 2554 jactantcs?

2107 2598 2230 2657 Jun.
2263 2601 2519 2669 Ereptum
2557 2596 2714 2654 nobis
2743 2594 3080 2667 pontificium
3108 2590 3262 2663 juxta
3294 2603 3359 2645 ac
3392 2602 3614 2660 regnum

2039 2695 2384 2760 conﬁtemur,
2419 2693 2528 2762 jam
2584 2692 2710 2748 inde
2757 2692 2825 2746 ab
2875 2704 2942 2746 eo
2989 2697 3260 2758 tempore,
3299 2700 3408 2756 quo
3455 2683 3618 2738 tantis

2041 2802 2295 2858 urgemur
2340 2787 2499 2842 malis
2543 2803 2569 2839 a
2614 2784 2740 2840 Tito
2782 2781 3149 2838 Romanorum
3196 2780 3439 2848 principe
3487 2774 3620 2830 sub.

2041 2885 2178 2951 acti;
2208 2894 2261 2940 et
2291 2884 2517 2940 omnino
2554 2883 2786 2937 fortasse
2819 2887 2934 2946 est,
2967 2889 3027 2933 ut
3061 2891 3160 2932 nos
3204 2873 3337 2945 legis
3370 2872 3621 2928 custodes

2043 2979 2344 3050 decipiant,
2381 2994 2445 3032 ne
2475 2974 2829 3046 praerogativa
2862 2971 3084 3027 honoris
3112 2967 3482 3025 deturbentttr.
3512 2963 3620 3018 Sed

2041 3087 2281 3134 oramus,
2313 3082 2361 3125 et
2396 3069 2603 3125 Christi
2644 3066 2904 3138 supplicia
2953 3065 3106 3121 nobis
3147 3063 3410 3125 edissere,
3441 3066 3494 3112 et
3525 3054 3618 3124 qui

354 3173 584 3240 persona
635 3157 920 3224 iracunda,
953 3158 1210 3229 propheta
1256 3156 1576 3225 denuntiat,
1631 3160 1790 3230 quale
1835 3160 1935 3216 hoc
1963 3172 2008 3233 α
2041 3164 2108 3218 de
2150 3165 2257 3229 his,
2285 3163 2458 3234 deque
2496 3159 2617 3230 ejus
2655 3157 3062 3216 resurrectione
3097 3154 3459 3210 vaticinentur
3489 3163 3618 3219 pro-

355 3260 440 3305 est
471 3269 488 3306 :
525 3270 544 3304 ‹
578 3248 678 3306 Vir
703 3265 812 3306 non
841 3250 986 3306 eruit
1009 3266 1127 3305 eam
1156 3250 1221 3305 de
1249 3265 1409 3305 manu
1441 3266 1555 3306 mea
1594 3269 1608 3306 :
1639 3259 1693 3306 et
1719 3267 1941 3332 cessare
2040 3257 2243 3328 pheta.

357 3345 555 3401 faciam
610 3360 772 3403 omne
823 3344 1076 3418 gaudium
1133 3345 1284 3412 ejus,
1335 3347 1733 3403 solemnitatem
1792 3349 1938 3418 ejus,

355 3438 896 3508 neomeniam-ejus,
936 3437 1231 3493 Sabbatum
1283 3439 1430 3505 ejus,
1469 3448 1522 3492 et
1567 3441 1751 3495 omnia
1803 3441 1940 3497 festa

359 3533 604 3600 tempora
656 3530 776 3603 ejus
824 3549 840 3586 :
890 3540 944 3589 et
990 3531 1222 3586 visitabo
1272 3547 1436 3603 super
1472 3547 1589 3588 eam
1636 3533 1750 3590 dies
1792 3535 1941 3590 Baa—

355 3624 446 3677 lim
465 3624 534 3679 θ.
576 3642 595 3676 ι

425 3739 493 3794 Ει
518 3739 584 3796 de
608 3738 910 3795 incredulis
931 3736 1135 3795 Judaeis
1158 3738 1407 3796 Christus
1436 3757 1451 3797 ε
1486 3759 1504 3794 ‹
1537 3741 1742 3796 Mittam
1771 3758 1941 3812 super

353 3837 451 3889 eos
479 3832 596 3887 rete
630 3833 804 3886 'meutn
843 3848 861 3888 :
895 3841 954 3886 ut
986 3832 1231 3887 volatilia
1269 3834 1415 3898 C(Bli,
1444 3835 1728 3891 detraham
1765 3836 1888 3892 illos
1921 3854 1935 3891 :

360 3915 658 3993 corripiant
685 3917 779 3978 eos
807 3923 857 3976 in
887 3923 1070 3978 auditu
1097 3925 1460 3982 tribulationis
1489 3942 1700 3983 eorum.
1721 3927 1811 3984 Va:
1837 3931 1936 3997 eis,

357 4015 616 4084 quoniam
648 4008 957 4071 resilierunt
986 4031 1016 4070 a
1043 4031 1152 4073 me.
1178 3998 1492 4074 Meticuiosi
1511 4030 1654 4086 sunt,
1681 4022 1936 4091 quoniam

353 4108 522 4184 impie
560 4111 790 4183 egerunt
832 4110 885 4165 in
925 4127 1032 4167 me.
1064 4113 1177 4183 Ego
1222 4127 1351 4169 vero
1395 4115 1599 4170 redemi
1639 4131 1733 4172 eos
1778 4133 1792 4171 :
1837 4117 1936 4187 ipsi

357 4222 486 4262 vero
545 4207 706 4262 locuti
766 4213 893 4263 sunt
940 4217 1128 4261 contra
1185 4222 1272 4263 me
1322 4207 1600 4264 mendacia
1652 4225 1667 4264 :
1731 4217 1785 4264 ct
1831 4226 1936 4265 non

355 4288 828 4355 clama'iliiunt‘ad
864 4314 950 4355 me
985 4299 1148 4355 corda
1181 4315 1370 4357 eorum
1404 4319 1419 4369 ;
1453 4301 1547 4358 sed
1578 4301 1714 4356 mala
1748 4312 1936 4357 contra

360 4409 446 4449 me
478 4394 894 4465 cogitaverunt:
923 4392 1126 4450 idcirco
1158 4393 1441 4449 tradentur
1467 4394 1518 4449 in
1548 4394 1882 4464 gentibus“.
1911 4413 1929 4447 ι

357 4489 527 4541 Amos
579 4487 692 4541 haec
748 4487 985 4542 minatur
1030 4503 1047 4544 ς
1110 4498 1129 4541 ‹
1192 4485 1332 4543 Ecce
1389 4486 1655 4542 mandabo
1705 4501 1836 4555 ego,
1885 4496 1938 4540 et

2645 3384 2872 3444 CAPUT
2911 3383 3024 3440 LV.

2117 3528 2419 3598 Prophetiw
2449 3527 2512 3581 de
2542 3524 2739 3581 Christi
2765 3532 2931 3578 morte
2960 3528 3117 3591 atque
3148 3517 3541 3574 resurrectione.

2117 3643 2341 3700 Cunts'r.
2375 3641 2668 3696 Sciendum
2701 3639 2755 3694 in
2791 3635 2984 3708 primis
3019 3643 3121 3699 est,
3156 3633 3298 3703 quod
3332 3647 3476 3699 smpe
3506 3629 3616 3698 jam

2045 3738 2321 3803 diximus,
2370 3743 2621 3790 naturam
2656 3732 2889 3786 divinam
2927 3742 3239 3799 oppressum
3277 3725 3559 3795 tyrannide
3591 3741 3620 3775 ει

2043 3825 2261 3882 diabolo
2289 3826 2474 3879 videre
2501 3837 2655 3878 suum
2686 3823 3002 3892 iigmentum
3037 3815 3434 3886 non'potuisse,
3460 3813 3625 3885 igitur

2043 3918 2220 3974 visum
2267 3924 2350 3970 est
2395 3913 2568 3978 Patri,
2607 3920 2665 3966 ut
2707 3925 2840 3966 suus
2889 3909 2989 3964 sibi
3023 3905 3346 3975 Unigenitus
3391 3904 3623 3959 animam

2045 4018 2209 4079 atque
2251 4021 2447 4076 corpus
2493 4019 2559 4060 ex
2605 4017 2820 4072 semper
2851 4000 3070 4068 Virgine
3103 3998 3268 4053 Maria
3304 3994 3624 4065 susciperet,

2046 4105 2460 4172 impermutatus
2495 4109 2657 4166 atque
2687 4094 3027 4158 inconfusus,
3063 4091 3309 4161 citraque
3343 4097 3624 4160 peccatum

2045 4195 2317 4266 perlecuts
2382 4192 2544 4246 homo
2605 4187 2794 4252 ﬁeret,
2853 4201 2960 4242 non
3033 4184 3232 4239 amisso
3295 4180 3438 4251 quod
3505 4188 3625 4234 erat

2046 4269 2320 4360 (videlicet
2342 4280 2742 4352 immutabilis),
2767 4278 2860 4335 sed
2891 4283 3170 4348 assumpto
3196 4273 3336 4345 quod
3371 4287 3476 4326 non
3507 4281 3622 4325 erat

2047 4386 2259 4454 (utpote
2304 4372 2619 4446 humanus),
2650 4387 2757 4443 quo
2791 4386 2887 4441 per
2923 4378 3172 4424 naturam
3211 4375 3451 4421 nostram
3489 4365 3623 4419 mori

2048 4482 2256 4547 posset,
2284 4480 2339 4526 et
2368 4484 2465 4539 per
2493 4467 2821 4522 ineffabilem
2854 4474 2908 4520 et
2947 4459 3451 4533 incompreitensam
3486 4457 3624 4513 divi-

365 4577 672 4633 concutiant
706 4576 756 4629 in
783 4574 1035 4632 Omnibus
1065 4575 1316 4646 gentibus
1347 4574 1562 4630 domum
1595 4552 1780 4637 israel,
1806 4573 1944 4628 sicut
1976 4553 2021 4611 θ
2051 4571 2298 4629 nitatem.
2328 4578 2517 4620 omnes
2549 4561 2876 4622 viviﬁcaret,
2905 4567 3068 4626 atque
3099 4569 3128 4609 a
3161 4553 3360 4608 diaboli
3398 4552 3623 4606 nexibus

360 4673 667 4727 concutitur
696 4655 934 4725 triticum
967 4670 1019 4725 itt
1053 4666 1235 4725 cribro
1273 4685 1288 4723 :
1321 4677 1373 4723 et
1401 4685 1505 4723 non
1539 4669 1697 4723 cadet
1727 4667 1942 4738 lapillus

361 4780 522 4836 super
547 4773 768 4819 terram.
795 4762 848 4817 in
874 4761 1050 4832 gladio
1077 4758 1376 4817 morientur
1398 4775 1596 4815 omnes
1631 4770 1942 4830 peccatores

365 4856 546 4927 populi
585 4854 775 4913 mei”.
809 4874 828 4909 ι
867 4853 1086 4910 Davidis
1115 4867 1329 4925 quoque
1360 4853 1474 4908 haec
1507 4853 1776 4907 sententia
1810 4859 1892 4907 est
1926 4869 1938 4906 :

367 4971 388 5004 ι
428 4951 764 5007 Sacerdotes
805 4950 880 5005 tui
920 4949 1216 5004 induentttr
1244 4946 1529 5017 justitiam,
1565 4960 1616 5001 et
1651 4946 1824 5000 sancti
1863 4948 1938 5000 tui

363 5043 802 5100 exsultabunt".
837 5061 856 5095 ι
893 5042 946 5097 id
976 5043 1118 5112 quod
1150 5043 1212 5095 de
1243 5039 1485 5111 gentium
1515 5039 1757 5094 Ecclesia
1784 5039 1939 5100 dixit,

363 5147 420 5193 ut
449 5137 709 5192 futurum.
741 5135 872 5190 Nam
905 5136 949 5190 si
978 5135 1044 5188 de
1075 5132 1357 5206 Synagoga
1392 5151 1407 5189 :
1445 5151 1464 5185 ι
1504 5131 1680 5187 induti
1714 5140 1856 5194 sunt,
1889 5142 1942 5187 et

363 5231 657 5295 exsultant,
693 5246 712 5280 ι
746 5228 949 5282 dictum
982 5227 1293 5297 oportebat.

431 5320 551 5376 Jam
602 5335 760 5386 vero,
796 5319 884 5374 ubi
935 5332 1078 5372 nunc
1124 5316 1431 5372 Judteorttm
1487 5331 1574 5370 res
1624 5315 1835 5374 divina,
1878 5329 1940 5369 ac
1996 5360 2003 5369 .

368 5413 582 5470 libatio?
611 5412 888 5482 Siquidem
921 5409 1366 5474 Deuteronomio,
1395 5407 1527 5462 Mosi
1560 5409 1700 5464 Deus
1735 5424 1940 5478 praece-

373 5511 442 5571 jtit
472 5524 486 5562 :
523 5525 542 5558 ‹
575 5505 686 5559 Non
716 5502 882 5559 facies
912 5503 1080 5557 altare
1112 5503 1162 5557 itt
1197 5503 1342 5557 omni
1379 5502 1517 5566 loco,
1545 5518 1716 5571 neque
1750 5499 1941 5554 uﬂ‘erc-

371 5601 436 5654 tis
469 5598 759 5659 sacriﬁcia;
792 5596 884 5650 sed
922 5597 972 5649 in
1003 5579 1126 5649 loco
1161 5611 1318 5665 quem
1361 5595 1583 5665 elegerit
1619 5594 1878 5648 Dominus
1918 5612 1930 5646 :

2047 4662 2372 4720 absolveret.
2399 4657 2535 4713 Nam
2565 4665 2621 4712 et
2648 4655 2754 4710 vivi
2787 4669 2881 4722 per
2915 4651 3036 4721 ejus
3061 4664 3130 4704 ex
3163 4647 3384 4718 Virgine
3418 4655 3621 4706 ortum,

2022 4736 2158 4806 'non
2204 4749 2408 4820 peccati
2457 4746 2634 4803 solum
2681 4742 3043 4813 chirographo
3090 4738 3326 4801 liberati,
3360 4739 3451 4792 sed
3493 4736 3624 4790 adu-

2048 4844 2233 4914 ptione
2285 4841 2448 4895 etiam
2502 4849 2630 4894 sunt
2677 4834 2881 4900 affecti,
2916 4845 2971 4890 et
3023 4841 3356 4887 mortuorum
3407 4829 3624 4890 animae.

2054 4949 2173 5004 qua:
2210 4934 2351 5002 apud
2387 4930 2592 4985 inferos
2628 4928 2973 4989 tenebantur,
2999 4940 3094 4995 per
3129 4924 3246 4994 ejus
3277 4923 3624 4976 resurrectio-

2053 5041 2208 5090 nem,
2245 5043 2275 5080 e
2322 5024 2516 5078 diaboli
2568 5021 2817 5075 manibus
2865 5022 3093 5088 elapsae,
3131 5031 3358 5087 regnum
3404 5014 3625 5071 cculeste

2052 5119 2426 5175 obtinuerunt.
2458 5115 2524 5172 Ut
2565 5116 2709 5171 enim
2753 5115 2856 5171 duo
2899 5123 3026 5169 sunt
3063 5120 3238 5176 ortus,
3270 5112 3350 5167 sic
3395 5111 3622 5164 duorum

2052 5213 2218 5276 salus,
2253 5212 2522 5275 vivorum,
2559 5209 2797 5278 inquam,
2833 5223 2896 5262 ac
2939 5216 3296 5270 mortuorum,
3333 5213 3621 5274 proettrata

2047 5317 2149 5363 est.
2182 5306 2308 5361 Haec
2338 5306 2607 5374 passionis
2640 5304 2936 5358 necessitas
2970 5300 3105 5367 fuit;
3141 5315 3264 5354 nam
3302 5299 3406 5355 nisi
3442 5298 3622 5367 passio

2046 5398 2261 5464 fuisset,
2288 5414 2432 5453 mors
2461 5406 2644 5452 secuta
2681 5413 2784 5450 non
2812 5406 2979 5458 esset,
3008 5409 3129 5466 quae
3155 5394 3199 5449 si
3235 5392 3378 5448 haud
3409 5393 3622 5448 evenis-

2047 5503 2150 5559 set,
2182 5493 2488 5547 immanitas
2519 5492 2698 5546 outnis
2727 5506 2788 5545 ex
2820 5490 3014 5544 diaboli
3051 5495 3316 5559 potestate
3348 5487 3480 5558 eripi
3513 5502 3617 5541 non

2042 5595 2274 5658 poterat.
2309 5584 2588 5655 Siquidem
2627 5594 2682 5638 ut
2716 5593 2993 5654 peccatum
3029 5583 3196 5638 veteri
3237 5584 3442 5637 Adanto
3475 5582 3617 5652 justo

442 5783 485 5814 ”
536 5795 595 5833 sa
641 5793 731 5846 ιν,
765 5779 814 5842 7,
842 5776 893 5829 8.
970 5776 1014 5806 ”
1045 5778 1141 5830 isa.
1175 5790 1279 5840 Lvt,
1313 5774 1363 5835 l,
1393 5774 1444 5826 7.
1484 5773 1566 5846 _“
1595 5770 1721 5826 Ose.
1751 5788 1790 5846 ι)
1820 5772 1929 5824 i-Si.

2038 5771 2168 5826 ibid.
2194 5769 2408 5846 δοθλ-οι
2447 5768 2670 5846 95991.,
2707 5770 2792 5846 tu.
2870 5770 2913 5802 ιτ
2950 5768 3320 5846 ibid.ii,15.
3398 5768 3439 5798 σε
3478 5766 3615 5822 05cc

379 5869 471 5918 ιιι,
502 5851 587 5918 i2,
623 5839 726 5906 itif
781 5839 824 5881 ‘7’
856 5851 1020 5902 Amos
1061 5862 1136 5912 ts,
1164 5846 1218 5900 9.
1295 5846 1338 5875 ⁷ο
1372 5843 1513 5898 Psai.
1549 5857 1733 5905 cum,
1759 5842 1813 5897 9.
1891 5844 1933 5875 ⁷⁸
1961 5843 2115 5897 Deut.
2153 5858 2247 5908 xit,
2277 5840 2368 5894 27.
2447 5842 2492 5871 τ’
2529 5839 2569 5893 ii
2603 5839 2779 5895 Pat'al.
2817 5857 2959 5906 xxvi,
2995 5841 3056 5896 ιϐ
3088 5843 3237 5911 seqq.
