3816 6204
414 254 520 322 895

1575 254 1914 316 ANDRONI
1927 254 1997 315 CI
2031 253 2176 319 COM
2192 255 2377 317 NENI

3560 249 3653 314 8‘36

419 372 650 419 mortem
681 365 945 420 concivit:
981 364 1052 419 ita
1075 351 1132 420 et
1157 378 1291 418 noro
1316 363 1762 426 Adamo,insonti
1791 379 1853 416 ac
1881 362 1997 415 sine
2027 370 2068 422 Α
2103 365 2249 420 ribus
2296 365 2438 420 misit
2483 378 2585 431 me,
2621 378 2816 420 sanare
2855 361 3118 420 contritos
3158 361 3350 428 corde,
3379 363 3655 432 prtedicm

418 457 588 518 vitio,
631 457 865 526 irrogata
922 471 1068 511 mors
1109 457 1254 526 juste
1304 454 1524 509 admissi
1571 455 1996 523 chirographum

424 548 696 601 dissolvit.
732 549 917 616 Itaque
961 548 1224 616 benignus
1272 547 1360 600 ille
1413 546 1574 611 Dens,
1606 549 1671 600 de
1719 547 1995 600 hominum

419 640 588 690 salute
631 655 844 706 semper
879 638 1168 698 sollicitus.
1201 655 1306 692 non
1371 648 1626 692 aeternam
1677 645 1833 690 modo
1867 637 1989 690 uni-

425 731 590 798 gcniti
629 731 748 786 Filii
782 749 844 787 ex
883 741 1037 787 utero
1072 743 1196 786 ante
1231 731 1536 786 Luciferum
1569 733 1994 802 generationem.

422 838 516 888 per
564 827 854 891 prophetas
907 825 1123 894 praedici
1173 842 1234 878 ac
1284 825 1543 894 divulgari
1599 824 1855 888 indulsit,
1903 827 1995 878 sed

420 916 582 967 etiam
634 918 1090 986 quemadmodum
1143 934 1369 988 corpore
1413 935 1476 972 ex
1522 933 1734 988 semper
1777 917 2000 987 Virgine

425 1008 591 1060 Maria
636 1020 948 1079 assumpto,
987 1011 1120 1065 duas
1169 1024 1390 1065 naturas
1437 1013 1668 1074 unierit.
1705 1014 2000 1079 miracula,

422 1099 723 1161 ingressum
756 1103 1019 1156 illustrem
1049 1113 1101 1156 et
1133 1106 1420 1159 adventum
1452 1104 1876 1177 Hierosolymam
1908 1123 2000 1160 su-

424 1209 522 1259 ιιι-ι·
556 1194 723 1247 asina:
761 1194 930 1262 pullo,
965 1197 1346 1264 proditionem,
1382 1198 1727 1266 supplicium,
1761 1213 2000 1265 crucem,

423 1285 793 1354 sepulturam,
845 1289 1335 1354 resurrectionem,
1389 1291 1686 1344 inferorum
1740 1293 2000 1360 direptio-

428 1393 573 1439 nem,
606 1380 794 1432 mortis
824 1380 1121 1445 interitum,
1153 1382 1205 1435 in
1240 1384 1404 1437 cmlos
1436 1398 1744 1448 ascensum,
1773 1385 2002 1452 denique

429 1483 455 1517 a
493 1467 699 1520 dextris
729 1484 1072 1536 consessum;
1106 1483 1162 1523 ιιι
1191 1473 1240 1525 in
1275 1488 1380 1540 quo
1411 1474 1524 1527 haec
1551 1474 1729 1526 omnia
1764 1472 2000 1542 perfecta

424 1560 703 1624 videretis,
729 1578 853 1616 eum
898 1563 1230 1631 unigenitum
1262 1581 1383 1620 esse
1413 1566 1503 1620 Dei
1535 1567 1731 1621 Filium
1765 1568 2000 1632 sciretis,

425 1654 515 1720 qui
567 1666 617 1708 et
661 1655 772 1723 jam
821 1661 1051 1722 venerit,
1088 1669 1140 1712 et
1188 1677 1400 1713 rursum
1453 1661 1683 1730 gloriose
1733 1662 2002 1717 rediturus

2102 457 2333 528 captivis
2373 457 2770 519 remissionem,
2799 467 2850 511 et
2881 456 3039 512 cacis
3072 456 3338 510 visum".
3377 472 3394 506 ι
3431 454 3568 510 Idem
3601 456 3652 509 de

2103 551 2361 618 apostolis
2391 568 2405 603 :
2441 570 2458 602 ι
2497 550 2550 603 In
2583 550 2771 604 diebus
2802 550 2926 613 illis,
2957 549 3007 602 in
3041 549 3236 616 quibus
3268 547 3654 617 apprehendeat

2104 647 2288 700 decem
2342 644 2584 698 homines
2635 660 2698 698 ex
2755 643 3006 698 omnibus
3055 642 3253 707 linguis
3307 642 3575 710 gentium.
3615 649 3652 694 et

2055 737 2515 808 ‘apprehendent
2580 737 2844 791 ﬁmbriam
2914 735 3013 789 viri
3079 733 3288 797 Judaei,
3349 734 3584 787 dicentes
3640 751 3652 786 :

2105 830 2302 884 ibimus
2348 831 2658 893 vobiscum;
2712 826 3012 881 audivimus
3050 825 3193 880 enim
3238 826 3494 894 quoniam
3538 822 3649 876 Βρυ-

2105 923 2378 976 Vobiscum
2428 923 2592 976 est".
2638 939 2654 970 ι
2705 922 2768 974 Et
2808 919 2926 988 quis
2973 929 3052 973 est
3093 928 3271 972 autem
3321 919 3401 971 Vir
3442 914 3653 974 .Iudavns,

2106 1016 2204 1068 nisi
2243 1015 2380 1067 Deus
2411 1014 2572 1067 homo
2599 1011 2794 1066 Jesus?
2824 1023 3007 1066 necem
3042 1025 3169 1064 vero
3203 1009 3476 1074 homines,
3509 1009 3653 1063 divini

2105 1106 2333 1174 apostoli
2365 1116 2487 1159 sunt
2543 1122 2604 1159 ac
2634 1105 2902 1174 discipuli.

2173 1197 2293 1256 Jun.
2337 1199 2400 1252 Et
2449 1215 2546 1252 cur
2589 1205 2766 1252 autem
2819 1213 2923 1250 non
2956 1196 3092 1251 dixit
3133 1212 3146 1248 :
3187 1194 3382 1250 Decem
3434 1193 3632 1249 homine

2105 1309 2167 1348 ex
2206 1293 2446 1345 tribubus
2477 1291 2675 1345 Israel?
2706 1291 2796 1346 sed
2826 1307 2840 1344 :
2877 1308 2895 1341 ι
2937 1306 3003 1345 ex
3039 1290 3289 1343 omnibus
3325 1287 3522 1356 linguis
3548 1301 3657 1355 gen-

2108 1383 2274 1437 tium?
2303 1403 2320 1436 ι
2354 1385 2592 1454 Apostoli
2622 1384 2762 1436 cnim
2789 1397 2976 1438 omnes
3002 1397 3066 1437 ex
3099 1382 3345 1435 tribubus
3371 1377 3657 1433 Jndzeorum

2105 1488 2281 1532 crant.

2169 1572 2402 1630 Cuntsr.
2460 1570 2675 1627 Scilicet
2740 1570 2998 1639 praescius
3060 1577 3242 1630 vates,
3301 1566 3567 1628 futurum,
3616 1573 3664 1615 ut

2109 1641 2350 1734 neglecta
2402 1663 2710 1720 Iudaeorum
2771 1663 3087 1733 Synagoga,
3138 1673 3415 1726 prmcones
3473 1656 3662 1709 cunctis

426 1746 516 1809 sit,
550 1746 640 1802 Dei
677 1749 918 1812 nomine,
955 1750 1130 1806 Patris
1162 1755 1390 1817 scilicet,
1419 1754 1555 1808 vivis
1584 1767 1747 1825 atque
1775 1755 2001 1809 mortuis
2039 1741 2079 1796 Β
2111 1760 2360 1829 gentibus
2403 1758 2618 1818 ﬂerent,
2650 1759 2748 1810 hoc
2796 1768 3000 1809 tantum
3045 1769 3179 1823 opus
3220 1751 3458 1822 prmtnlit
3499 1749 3660 1802 tribui.

424 1835 606 1901 iudex,
633 1837 772 1891 idem
807 1838 1061 1894 DOrninns
1090 1854 1141 1895 ct
1169 1854 1486 1913 pratpotens,
1513 1853 1566 1899 et
1598 1845 1733 1909 Rex,
1755 1857 1805 1900 et
1839 1846 1998 1913 Dens,

425 1927 708 2012 divinitate
740 1939 902 1999 atque
935 1949 1097 2001 regno
1130 1934 1287 1988 finem
1321 1938 1612 1991 nesciente.

499 2021 666 2089 Igitur
712 2033 876 2078 testes
916 2041 1128 2090 eorum,
1163 2044 1279 2096 qua!
1327 2030 1577 2094 diximus,
1608 2032 1903 2098 prophetas
1944 2035 1998 2088 in

428 2115 665 2168 medium
712 2117 1078 2174 conferamus.
1131 2121 1204 2173 De
1251 2122 1530 2175 immensis
1576 2123 1780 2179 Christi
1833 2128 2000 2180 mira—

430 2207 566 2259 culis
609 2207 758 2262 velut
805 2209 857 2262 in
908 2221 1220 2268 transcursu
1265 2214 1464 2268 clamat
1511 2216 1674 2270 Isaias
1717 2233 1731 2269 :
1784 2236 1804 2270 ι
1853 2219 2004 2273 Tunc

437 2299 749 2367 aperientur
777 2303 917 2356 oculi
949 2319 1237 2372 crccorum,
1270 2317 1320 2358 ct
1353 2320 1508 2361 aures
1535 2310 1818 2364 surdorum
1851 2323 2003 2380 pate-

427 2391 563 2446 bunt
606 2410 620 2448 :
671 2402 799 2450 tunc
841 2397 1000 2452 saliet
1039 2398 1177 2452 sicut
1219 2415 1410 2455 cervus
1447 2402 1693 2464 claudus,
1726 2414 1779 2458 et
1820 2417 2002 2474 aperta

431 2485 535 2537 erit
561 2484 742 2555 lingua
776 2497 1044 2543 mutorum
1062 2491 1132 2544 ⁷³.
1169 2510 1184 2540 ι
1220 2522 1287 2532 -
1321 2512 1338 2543 ι
1374 2493 1531 2555 Tum,
1573 2513 1591 2546 ι
1629 2495 1723 2559 ait,
1756 2498 2006 2565 quando?

433 2577 593 2642 Cum,
626 2588 682 2634 ut
715 2579 935 2636 Davidis
974 2583 1133 2636 verba
1175 2582 1354 2638 ferunt
1391 2602 1407 2639 :
1450 2604 1467 2637 ι
1512 2585 1722 2641 Veritas
1757 2587 1822 2642 de
1863 2599 2008 2643 terra

433 2679 551 2724 orta
604 2671 886 2740 incritbct
925 2673 1132 2742 iustitia
1179 2676 1243 2730 de
1289 2679 1442 2731 caelis
1493 2681 1927 2748 prospexerit";
1984 2701 2002 2735 ι

436 2762 668 2824 scilicet,
704 2763 842 2819 Deus
873 2765 1032 2819 homo
1064 2766 1241 2830 Jesus,
1275 2778 1332 2822 nt
1362 2769 1467 2824 alio
1500 2770 1616 2825 luco
1648 2773 1784 2827 idem
1819 2775 2011 2841 pra'di-

438 2868 566 2911 cat:
608 2875 626 2908 ι
662 2856 880 2911 Orietnr
912 2859 964 2912 in
1000 2859 1187 2914 diebus
1217 2859 1334 2928 ejus
1363 2861 1568 2931 iustitia
1601 2875 1653 2918 ct
1679 2869 2006 2923 abundantia

437 2946 670 3016 pacis".
727 2967 747 3000 ›
803 2947 972 3019 Ergo,
1020 2965 1140 3004 cum
1192 2965 1253 3004 ex
1309 2951 1524 3008 Davtdis
1571 2959 1867 3019 sententia,
1917 2961 2006 3014 Dei

438 3040 675 3101 'ustitia,
714 3042 1022 3109 unigenitus
1063 3043 1180 3112 ejus
1244 3043 1444 3111 Filius,
1480 3061 1509 3101 e
1553 3047 1706 3102 caelis
1754 3051 1977 3106 exsistet

439 3142 551 3186 tmn
595 3143 645 3187 et
697 3132 908 3188 Veritas
955 3149 983 3188 e
1038 3145 1177 3189 terra
1224 3137 1460 3205 orietur,
1497 3139 1547 3192 id
1598 3152 1711 3203 est,
1741 3142 2007 3199 divinitati

437 3227 583 3278 unita
637 3243 731 3296 pr-r
775 3229 1018 3282 eamdem
1068 3228 1401 3301 hypostasim
1456 3248 1612 3296 caro,
1649 3244 1706 3287 ιιι
1757 3237 2009 3292 universa

437 3329 620 3369 vatum
658 3319 915 3387 prmsagia
953 3318 1005 3371 in
1042 3319 1215 3373 lucem
1255 3319 1626 3388 proferantur,
1661 3337 1812 3379 certo
1854 3338 2013 3397 atque

441 3410 721 3478 explorate
754 3410 1016 3478 completa
1047 3426 1108 3466 ac
1141 3410 1400 3482 perfecta.
1429 3411 1562 3468 Nam
1596 3425 1652 3469 ιιι
1686 3417 1878 3472 risibili
1915 3421 2015 3476 hoc

444 3501 667 3555 lucifero
695 3514 906 3566 exorto,
936 3504 1116 3558 omnia
1152 3505 1204 3558 in
1240 3507 1478 3561 tenebris
1513 3514 1720 3562 occulta
1753 3511 2016 3581 detegun-

447 3606 552 3658 tur,
585 3595 665 3648 sic
699 3595 923 3661 iustitia:
965 3597 1090 3651 Sole
1131 3598 1342 3652 cmlitus
1386 3600 1661 3670 degresso,
1692 3613 1886 3657 cuncta
1929 3605 2013 3658 illa

449 3697 626 3740 vatum
675 3688 912 3742 involuta
963 3691 1100 3742 dicta
1143 3691 1294 3744 fuere
1340 3693 1627 3758 iilnstrata,
1659 3705 1712 3749 et
1759 3706 2014 3766 tanquam

442 3796 600 3833 suum
635 3791 832 3834 statum
867 3782 1133 3846 prredictre
1160 3783 1403 3837 veritatis
1433 3799 1689 3852 accepere
1716 3787 1851 3857 (44).

519 3870 574 3924 ld
610 3872 740 3924 adeo
775 3873 935 3925 David
974 3872 1024 3926 in
1056 3871 1169 3927 ltmc
1197 3874 1358 3927 verba
1400 3893 1412 3929 :
1459 3894 1478 3927 ε
1515 3877 1720 3931 Etenim
1761 3880 2016 3934 Dominus

450 3966 595 4017 dabit
656 3965 1059 4034 benignitatem.
1119 3984 1136 4016 ι
1204 3965 1372 4019 Porro
1437 3967 1646 4022 Domini
1706 3970 2015 4040 benignitas

449 4058 669 4110 omnino
713 4057 1020 4126 unigenitus
1062 4060 1248 4111 :elerni
1290 4058 1465 4113 Patris
1512 4059 1678 4114 Filius
1721 4074 1801 4116 cst
1845 4080 1858 4116 :
1909 4083 1926 4115 ι
1967 4076 2018 4118 et

453 4162 594 4202 terra
625 4159 812 4204 nostra
843 4149 991 4203 dabit
1024 4150 1253 4204 fructum
1283 4168 1436 4207 suum
1458 4153 1520 4208 ".
1560 4173 1577 4205 ι
1611 4155 1955 4220 Assumptum
1988 4174 2017 4211 a

453 4245 587 4299 Filio
629 4257 693 4297 cx
738 4244 879 4298 lutea
926 4258 988 4297 ac
1031 4245 1273 4297 terrestri
1318 4255 1503 4298 natura
1547 4263 1746 4317 corpus
1788 4251 2019 4304 fructum

447 4339 596 4396 edet,
654 4337 919 4390 luculenta
976 4337 1227 4390 miracula
1289 4353 1302 4389 :
1367 4355 1385 4388 ι
1446 4337 1658 4392 .Iustitia
1717 4351 1841 4395 ante
1895 4359 2014 4397 eum

1992 3091 2081 3152 TC

2108 1850 2242 1906 Nam
2272 1850 2724 1919 quemadmodum
2758 1848 2846 1917 qui
2878 1845 3030 1899 fratri
3072 1858 3256 1898 semen
3290 1842 3532 1900 suscitat,
3561 1851 3665 1907 pro-

2111 1943 2214 1997 lem
2247 1943 2661 2011 haudquaquam
2696 1955 2850 1994 suam
2878 1939 3098 2006 deputat
3128 1954 3144 1989 ς
3178 1950 3356 2002 neque
3383 1933 3522 1986 enim
3555 1930 3663 1990 sibi,

2110 2035 2205 2089 sed
2240 2045 2365 2088 ante
2396 2049 2454 2090 se
2483 2032 2635 2087 fratri
2668 2032 2890 2101 stirpem
2921 2031 3206 2091 instaurat,
3234 2027 3335 2079 etsi
3371 2041 3434 2078 ex
3473 2039 3532 2077 eo
3557 2035 3665 2088 pro-

2109 2125 2188 2180 Ies
2231 2134 2478 2190 suscepta
2513 2138 2621 2176 non
2655 2123 2723 2176 sit
2758 2137 2771 2173 :
2809 2121 2878 2172 ita
2916 2128 2970 2173 ct
2999 2121 3052 2173 in
3101 2116 3363 2187 apostolis
3402 2112 3663 2185 praplteta,

2111 2221 2260 2275 illam
2327 2220 2394 2272 ab
2453 2215 2657 2272 Iudaeis
2724 2214 2969 2282 stirpitus
3034 2212 3299 2282 originem
3363 2223 3461 2278 pro
3518 2206 3665 2259 nihilo

2113 2315 2336 2379 ducens,
2365 2325 2552 2366 eorum
2598 2308 2776 2377 potius
2814 2322 2941 2377 erga
2983 2316 3192 2375 gentes,
3223 2311 3282 2356 ut
3313 2302 3394 2356 sic
3427 2301 3660 2360 dixerim,

2114 2408 2493 2477 paternitatem
2523 2414 2776 2472 tanquam
2813 2401 3080 2454 illustrem
3105 2405 3187 2452 est
3213 2394 3514 2463 amplexus.
3538 2393 3663 2446 Sane

2113 2499 2411 2556 Corinthiis
2458 2497 2740 2551 scribens.
2789 2493 2988 2549 clamat
3041 2490 3241 2546 Paulus
3299 2507 3313 2543 :
3374 2507 3392 2539 ι
3447 2485 3573 2540 Nam
3619 2484 3663 2536 in

2115 2594 2332 2648 Christo
2363 2591 2492 2646 Jesu
2529 2605 2623 2659 per
2657 2585 3005 2656 Evangeliutn
3047 2599 3147 2652 ego
3188 2596 3284 2636 vos
3325 2579 3508 2652 genui.
3537 2579 3665 2647 Rogo

2114 2701 2243 2754 ergo
2275 2700 2389 2748 vos,
2419 2684 2719 2736 imitatores
2752 2678 2855 2733 mei
2886 2686 3054 2732 estote
3070 2676 3138 2729 “.
3175 2694 3194 2728 ι

2192 2776 2393 2832 Deinde
2434 2791 2541 2828 non
2582 2775 2866 2846 ignorabat
2909 2771 3204 2839 propheta,
3244 2765 3387 2830 fore,
3425 2774 3481 2817 ιιι
3521 2762 3664 2816 Para-

2119 2865 2241 2920 cleti
2273 2864 2509 2932 Spiritus
2540 2863 2712 2917 sancti
2745 2861 2978 2914 adventu
3030 2866 3085 2910 et
3113 2855 3470 2926 inspiratione
3500 2864 3666 2904 omnes

2119 2958 2359 3012 omnium
2395 2957 2632 3027 gentium
2661 2953 2866 3022 linguas
2897 2959 3060 3018 atque
3085 2946 3428 3016 disciplinam
3461 2942 3664 3013 apostoli

2126 3064 2344 3118 repente
2375 3047 2573 3110 edocti,
2600 3045 2711 3099 suis
2743 3045 2938 3114 linguis
2967 3059 3154 3099 omnes
3180 3044 3455 3098 erndirent
3479 3053 3664 3115 gentes.

2185 3138 2305 3194 Jun.
2337 3140 2401 3193 At
2428 3155 2524 3192 cur
2555 3154 2655 3191 non
2685 3136 2966 3191 duodecim
2991 3135 3146 3199 dixit,
3176 3137 3267 3190 sed
3299 3154 3313 3190 z
3363 3152 3383 3187 ι
3413 3134 3619 3190 decem?
3647 3151 3663 3183 ι

2118 3235 2393 3302 Siquidem
2440 3229 2640 3285 Christi
2676 3229 2948 3299 apostolos
2982 3228 3266 3283 duodecim
3299 3242 3421 3282 esse
3453 3243 3547 3298 pro
3579 3243 3666 3280 nu-

2118 3340 2267 3379 mero
2298 3323 2729 3394 patriarcharum
2763 3320 3068 3376 didicimus.

2188 3416 2411 3471 Cunts'r.
2467 3414 2662 3476 Recte,
2711 3421 2767 3466 et
2815 3421 2872 3465 ut
2931 3427 3028 3481 par
3072 3419 3182 3473 est,
3233 3410 3533 3464 dubitastis.
3577 3406 3666 3460 Sed

2121 3510 2397 3579 explorate
2423 3507 2577 3561 vobis
2609 3505 2895 3560 tenendum
2924 3512 3006 3558 est
3036 3520 3050 3556 :
3086 3501 3276 3558 Isaiam
3307 3501 3418 3573 (45)
3449 3518 3512 3556 ex
3545 3502 3665 3554 tribu

2119 3603 2394 3670 Bcnjamin
2456 3608 2508 3655 ct
2543 3599 2655 3652 Dan
2688 3597 2949 3653 oriundos
2984 3595 3256 3666 apostolos
3294 3595 3394 3650 hoc
3427 3609 3519 3650 suo
3548 3593 3666 3647 vati-

2121 3698 2262 3752 cinio
2307 3711 2410 3750 non
2453 3693 2773 3762 prodidisse.
2807 3691 2886 3744 Ac
2921 3691 3120 3744 tribum
3156 3689 3373 3758 quidem
3409 3685 3664 3756 Beniamin

2123 3788 2358 3848 reticuit,
2394 3783 2535 3856 quod
2581 3798 2731 3837 mens
2777 3781 3030 3835 Salvator
3062 3782 3115 3835 in
3158 3795 3382 3848 corpore
3417 3779 3549 3847 apud
3582 3791 3666 3830 nos

2121 3880 2345 3946 degens,
2377 3891 2474 3946 pro
2513 3888 2574 3930 se
2616 3874 2841 3942 loquens
2880 3887 2965 3935 os,
2994 3886 3244 3940 magnum
3285 3871 3429 3924 illum
3463 3868 3664 3922 Paulum

2122 3984 2226 4022 non
2275 3965 2582 4035 conspexit.
2620 3963 2734 4017 Dan
2781 3977 2907 4017 vero
2949 3963 3144 4018 tribum
3188 3961 3403 4016 silentio
3442 3959 3664 4018 transiit,

2121 4062 2190 4114 ob
2229 4059 2562 4114 nasciturum
2601 4071 2665 4111 ex
2703 4071 2762 4108 ea
2798 4053 2988 4110 Judam
3032 4055 3384 4125 proditorem,
3417 4056 3487 4108 uti
3530 4068 3664 4107 nicas

2125 4155 2292 4207 Deum
2334 4153 2524 4208 videns
2563 4152 2689 4205 olim
2732 4148 2994 4204 divinavit
3032 4150 3084 4202 in
3131 4149 3269 4203 hanc
3313 4147 3614 4202 sententiam
3653 4160 3664 4196 :

2129 4266 2148 4297 ι
2189 4246 2308 4300 Fiet
2340 4245 2451 4298 Dan
2485 4245 2706 4298 coluber
2737 4243 2789 4297 in
2820 4241 2927 4306 via,
2957 4252 3191 4297 cerastes
3224 4242 3276 4294 in
3309 4242 3512 4303 semita,
3545 4253 3667 4290 rnor-

2125 4339 2257 4394 dens
2297 4336 2526 4406 ungulas
2561 4337 2718 4407 equi;
2767 4354 2786 4388 ›
2837 4333 3196 4406 corporalem,
3229 4348 3293 4388 eo
3339 4343 3472 4404 typo,
3503 4344 3663 4383 nerctn

451 4431 776 4494 ambulabit,
811 4447 829 4476 ι
860 4428 909 4482 id
940 4440 1017 4481 cst
1039 4469 1052 4493 ,
1102 4431 1394 4495 immensa,
1440 4441 1493 4484 et
1543 4433 1795 4500 opinione
1851 4435 2020 4502 major
2048 4440 2100 4500 Ῑ)
2128 4429 2281 4482 nobis
2308 4428 2538 4482 innuens
2576 4445 2589 4481 :
2633 4446 2650 4480 ι
2688 4425 2760 4482 Ut
2787 4428 2941 4481 cadat
2971 4439 3228 4480 ascensor
3258 4423 3376 4490 ejus
3407 4435 3539 4478 retro
3557 4423 3616 4481 ",
3648 4438 3660 4467 ι

451 4525 811 4585 buunmitas,r
838 4533 886 4576 et
919 4534 1078 4593 ponet
1109 4526 1158 4577 in
1193 4527 1272 4575 via
1307 4539 1520 4594 gressus
1552 4526 1778 4594 ejus".r
1817 4525 2022 4583 Videtis

449 4632 610 4670 unum
648 4618 698 4669 in
732 4617 937 4669 duabus
970 4617 1176 4669 naturis
1208 4617 1526 4686 personam?
1557 4618 1656 4673 I’er
1685 4638 1704 4671 ι
1739 4622 2020 4676 veritatem

451 4721 504 4762 et
527 4709 791 4777 justitiam
830 4728 847 4759 ι
882 4709 1143 4779 Propheta
1179 4721 1421 4763 naturam
1458 4712 1742 4765 humanam
1772 4715 1928 4765 simul
1961 4731 2023 4767 ac

452 4803 682 4855 divinam
700 4803 1033 4872 SigillﬁCﬂllS,
1053 4817 1155 4855 non
1176 4804 1306 4855 dixit
1331 4820 1377 4856 ε(
1404 4803 1566 4856 Ponet
1590 4807 1640 4857 in
1661 4805 1798 4868 vin,»
1820 4806 2026 4862 scilicet

453 4896 856 4953 miraculorum,
878 4913 896 4945 ι
929 4910 1148 4960 gressus
1174 4909 1420 4956 earum,»
1449 4896 1539 4949 sed
1570 4896 1620 4948 in
1659 4911 1761 4949 una
1789 4911 2020 4965 persona

459 5003 479 5037 ι
512 5003 728 5054 greSSuS
760 4987 895 5055 ejus.
934 5004 951 5037 ι

534 5083 673 5137 Idem
713 5101 925 5138 rursum
966 5101 980 5137 :
1024 5103 1040 5134 ι
1081 5082 1221 5136 Misit
1254 5081 1481 5136 \‘erhum
1519 5096 1695 5145 suum,
1729 5090 1778 5134 et
1814 5082 2024 5136 sanavit

458 5192 550 5230 cos
597 5193 612 5233 :
661 5187 709 5232 et
749 5178 943 5246 eripuit
985 5192 1081 5231 eos
1125 5179 1190 5231 de
1234 5174 1632 5229 interitionibus
1675 5189 1862 5228 eorum
1882 5174 1949 5228 ⁷⁸.
1997 5192 2016 5226 ι

460 5271 626 5326 Isaias
667 5285 798 5326 vero
835 5272 1035 5326 clamat
1077 5289 1090 5325 :
1141 5289 1158 5323 t
1201 5269 1438 5338 Spiritus
1475 5267 1683 5322 Domini
1725 5284 1887 5337 super
1920 5284 2024 5332 me,

457 5380 523 5420 eo
556 5365 696 5436 quod
732 5365 942 5419 unxerit
977 5365 1234 5421 Dominus
1267 5377 1370 5416 me.
1405 5359 1787 5430 Evangelizarc
1821 5377 2025 5432 paupe-

1061 5549 1106 5581 ⁷⁵
1132 5547 1274 5602 Psal.
1308 5564 1526 5611 uxxw,
1558 5546 1642 5602 12.

1114 5621 1158 5652 ⁸ο
1190 5619 1420 5674 Zachar.
1455 5634 1577 5686 vni,
1608 5621 1697 5674 25.

533 5550 578 5583 ⁷³
608 5549 713 5603 Isa.
742 5564 902 5612 xxxv,
933 5549 984 5604 5.

460 5623 551 5681 20.
627 5622 673 5652 "
707 5620 810 5674 lsa.
843 5637 953 5683 th,
985 5619 1035 5674 I.

539 5738 652 5813 (44)
703 5738 1172 5792 Ἀποκατεέστισιν
1195 5734 1408 5791 ἔλαϐον.

1721 5547 1769 5579 ⁷³
1798 5545 1938 5601 Psal.
1968 5561 2114 5611 Lxxt,
2150 5542 2202 5598 7.

1778 5619 1818 5651 ⁸¹
1854 5619 1870 5672 ι
1904 5620 2032 5672 Cor.
2066 5633 2138 5678 Iv,
2170 5615 2257 5681 15,
2290 5615 2376 5669 16.

2131 4522 2411 4576 divinitate
2447 4521 2694 4574 allectum
2733 4535 2927 4586 corpus
2955 4519 3006 4572 in
3040 4532 3229 4572 recens
3255 4515 3464 4586 Iosephi
3496 4530 3664 4568 tuonu-

2131 4626 2368 4670 mentmn
2403 4614 2626 4668 salutem
2663 4621 2985 4681 exspectans
3022 4610 3265 4678 Domini;
3305 4611 3541 4665 nimirum
3582 4606 3662 4658 tri-

2131 4710 2362 4763 duanam
2398 4707 2871 4761 resurrectiOnem.

2203 4801 2352 4867 Quod
2391 4815 2519 4853 vero
2550 4814 2734 4852 omnes
2769 4798 2984 4853 Christo
3013 4798 3189 4852 obitas
3231 4797 3519 4851 functiones
3560 4803 3662 4858 pro-

2132 4895 2305 4961 pltetre
2344 4894 2659 4954 nuntiarint,
2693 4892 2924 4946 Ostendit
2963 4891 3064 4945 mci
3102 4891 3403 4945 Servatoris
3435 4887 3656 4940 Ιῐιρτοδοο

2134 4988 2329 5058 lymam
2383 4990 2667 5052 adventus,
2703 4987 2768 5041 de
2813 5002 2920 5057 quo
2964 4988 3201 5039 omnium
3248 4989 3483 5054 princeps
3526 4976 3661 5032 Israel

2133 5083 2207 5136 ait
2233 5099 2247 5140 :
2281 5101 2297 5134 t
2332 5082 2569 5152 Alligans
2594 5082 2657 5135 ad
2685 5081 3072 5136 vitemasinam
3099 5091 3350 5143 suam,et
3378 5079 3438 5132 ad
3466 5073 3658 5129 belicent

2135 5175 2336 5246 pullum
2368 5177 2532 5229 asinae.
2561 5191 2674 5231 suae
2691 5175 2759 5228 ⁸³.
2797 5193 2815 5226 ι

2207 5268 2434 5334 Videtis,
2469 5280 2525 5322 ut
2554 5270 2812 5339 abrogata
2847 5269 2962 5339 lege
2995 5268 3426 5338 propagationem
3459 5261 3656 5332 gentium

2136 5364 2398 5435 propheta
2427 5362 2736 5431 significet?
2766 5362 2898 5417 Nam
2926 5377 3048 5417 cum
3077 5360 3227 5421 dicit,
3273 5379 3291 5413 ι
3322 5359 3514 5414 asinam
3537 5350 3612 5402 viti
3639 5366 3652 5396 ι

2945 5521 2990 5574 τί
3019 5540 3146 5595 ibid.
3182 5539 3268 5594 ιι,
3345 5539 3386 5571 τε
3414 5535 3539 5592 Psal.
3565 5544 3653 5588 cu.

3039 5613 3084 5644 ⁸³
3119 5613 3248 5666 ibid.
3283 5611 3368 5667 ll.

2278 5544 2323 5576 ⁷⁸
2356 5543 2500 5597 l‘sai.
2530 5559 2749 5604 Lxxxw.
2784 5544 2869 5598 I5.

2452 5615 2495 5646 "
2528 5616 2662 5668 Gen.
2696 5630 2842 5677 χιιι,
2876 5613 2963 5668 17.

2211 5729 2668 5801 (45)Ζαιῖιιιιιὶιιιιι.
