3816 6204
188 405 266 468 897
1193 399 1580 463 DlAL‘OGUS
1614 398 1915 462 CONTRA
1965 400 2292 461 JUDEOS.

191 514 473 587 (alligatam)
508 515 920 585 temporariam,
949 529 1010 568 ac
1036 530 1171 585 pene
1203 515 1402 568 nullam
1436 514 1728 585 Synagogzc
1763 535 1804 589 Α

187 608 498 664 stabilitatem
527 617 711 674 notat;
741 622 914 676 neque
937 608 1080 662 enim
1111 607 1244 677 legis
1266 609 1546 677 disciplina
1578 609 1723 662 orbis

187 711 412 756 terrarum
443 699 878 764 administratur,
905 699 999 752 sed
1028 697 1214 754 Judma
1245 701 1444 761 solum,
1469 699 1722 766 exiguum

183 793 277 860 ejus
311 803 661 860 segmentum.
696 790 762 843 At
788 781 910 846 cum
959 791 1076 844 ait:
1139 810 1157 842 ‹
1205 790 1367 843 asina:
1410 790 1612 858 pullum
1661 790 1726 843 ad

185 881 372 937 belie'em
413 881 561 946 vitis,
603 899 620 933 ι
674 896 766 935 seu
812 881 878 939 ad
923 880 1145 936 brachia
1195 882 1408 944 vitium,
1441 891 1724 947 :eternum,

183 991 234 1032 ac
267 976 514 1041 sublime,
551 987 609 1030 et
658 983 768 1031 toto
816 975 948 1030 orbe
996 986 1342 1045 pervagatum
1397 978 1725 1043 praeconium

183 1069 414 1139 designat,
437 1067 705 1137 siquidem
735 1066 893 1122 helici
926 1085 1018 1123 seu
1045 1067 1237 1122 vitium
1266 1069 1506 1123 brachiis
1535 1069 1730 1122 similis

182 1171 248 1218 est
270 1161 351 1216 illa
382 1161 533 1217 orbis
565 1160 872 1215 conversio.
904 1161 981 1214 Ac
1012 1161 1078 1213 de
1108 1160 1190 1214 bis
1218 1161 1481 1215 Servator
1509 1177 1730 1230 quoque

181 1254 234 1308 ad
260 1252 592 1325 Syuagogam
626 1253 942 1322 respiciens,
973 1267 1133 1321 quam
1170 1253 1339 1306 asinae
1369 1256 1726 1322 comparavit,

181 1359 258 1415 per
303 1344 716 1399 similitudinem
783 1352 1014 1399 testatur
1073 1361 1087 1397 :
1157 1362 1176 1396 ι
1241 1341 1415 1398 liortro
1471 1344 1731 1413 plantavit

181 1439 384 1505 vineam,
421 1457 441 1490 ι
479 1447 536 1494 et
565 1453 686 1508 qua
713 1432 1018 1508 sequuntur
1035 1435 1082 1468 “

237 1576 306 1631 Ad
341 1575 550 1646 pullum
586 1590 716 1632 vero
757 1577 1005 1645 loquens,
1035 1576 1124 1646 qui
1163 1584 1245 1629 est
1275 1590 1448 1630 novus
1481 1576 1728 1645 populus,

179 1670 240 1723 ait
274 1686 289 1724 :
331 1687 348 1722 ι
394 1667 508 1740 Εεο
549 1684 671 1725 sum
708 1670 857 1734 vitis,
886 1683 983 1725 vos
1027 1669 1280 1739 palmites
1322 1686 1336 1722 :
1381 1667 1541 1722 Pater
1578 1684 1728 1722 meus

178 1759 388 1829 agricola
433 1770 518 1815 est
563 1761 632 1815 ⁸⁸.
691 1778 710 1813 ι
764 1758 822 1815 Id
867 1761 1003 1816 adeo
1049 1774 1232 1813 verum
1281 1773 1432 1824 esse,
1466 1759 1728 1828 majorum
1765 1773 1807 1828 Β

176 1863 452 1907 vestrorum
484 1867 799 1923 responsum
827 1853 1180 1914 demonstrat,
1201 1848 1333 1905 Nam
1365 1865 1396 1906 a
1424 1852 1534 1907 Deo
1564 1853 1729 1906 inter-

177 1944 322 2014 rogati
357 1961 375 1999 :
423 1963 440 1996 ι
486 1943 618 1998 Cum
653 1944 860 1999 venerit
895 1945 1154 1999 Dominus
1182 1945 1373 2010 vinem,
1407 1945 1533 2015 quid
1567 1945 1730 2000 faciet

175 2037 404 2104 agricolis
449 2035 591 2090 illis?
630 2037 798 2091 Aiunt
837 2035 911 2089 illi
956 2054 972 2091 :
1020 2033 1190 2092 Malos
1232 2037 1373 2091 male
1415 2036 1630 2106 perdet;
1673 2045 1727 2090 et

175 2129 363 2181 rint-am
402 2145 552 2182 suam
594 2128 792 2183 Iocabit
829 2127 951 2182 aliis
992 2128 1268 2198 agricolis,
1297 2129 1387 2197 qui
1423 2130 1646 2183 reddent
1678 2131 1727 2185 ei

175 2219 385 2276 fraetum
445 2222 782 2290 temporibus
838 2219 952 2273 suis
973 2219 1040 2275 ".
1098 2237 1118 2272 ι
1178 2220 1465 2290 Sophortiae
1514 2236 1728 2291 quoque

176 2314 268 2366 haec
289 2323 412 2366 sunt
445 2314 653 2366 verba:
700 2329 719 2364 ι
759 2309 966 2377 Gaude,
1004 2310 1111 2365 ﬁlia
1147 2309 1300 2378 Sion,
1327 2313 1584 2380 praedicat,
1621 2314 1727 2368 tilia

172 2403 470 2468 Jerusalem,
504 2404 738 2468 exsulta,
770 2413 825 2458 et
867 2403 1133 2458 delectare
1172 2402 1238 2458 de
1280 2411 1391 2458 t0to
1417 2405 1579 2460 corde
1611 2415 1721 2472 tuo,

174 2497 262 2549 ﬁlia
293 2495 618 2551 Jerusalem.
657 2495 896 2551 Abstulit
930 2493 1194 2550 Dominus
1232 2495 1544 2565 iniquitates
1585 2506 1724 2564 tuas,

172 2590 374 2643 redemit
412 2599 466 2643 te
500 2590 568 2644 de
605 2604 767 2644 rnanu
804 2587 1152 2643 inimicorum
1198 2594 1438 2656 tuorum,
1473 2589 1730 2660 regnabit

171 2678 414 2738 Dominus
445 2684 499 2737 in
528 2682 704 2737 medio
734 2679 896 2737 tui".
935 2697 956 2733 ι

225 2821 510 2877 Zacharias
539 2820 688 2875 addit
715 2837 761 2876 τι
798 2819 982 2877 Gaude
1013 2821 1382 2888 vehementer,
1409 2817 1516 2877 tilia
1545 2820 1708 2887 Sion,

174 2913 407 2980 νικῶσι,
441 2911 546 2965 lilia
575 2909 873 2966 Jerusalem
906 2927 921 2967 :
950 2924 1077 2967 ecce
1127 2909 1244 2965 Rex
1275 2921 1398 2966 tuus
1451 2912 1597 2968 venit
1628 2913 1724 2970 tibi

165 3003 356 3070 justus,
393 3011 448 3058 et
500 3002 748 3069 salvans,
783 3003 899 3071 ipse
949 3010 1294 3063 mansuetus.
1328 3012 1382 3057 et
1424 3003 1726 3060 ascendens

171 3111 317 3166 super
347 3094 688 3163 subjrrgalem
722 3106 775 3149 et
803 3094 1005 3163 pullum
1041 3109 1237 3148 novum
1256 3093 1324 3148 ⁸⁸.
1360 3112 1379 3146 ι
1413 3094 1587 3164 Atque
1615 3097 1727 3150 lucc
1753 3121 1799 3184 ρ

167 3191 365 3258 quidem
414 3187 707 3243 Zacharias
756 3190 822 3241 ad
868 3185 1201 3250 Jerusalem,
1237 3188 1304 3241 ad
1353 3186 1547 3242 Filium
1591 3203 1721 3243 vero

169 3283 314 3338 David
361 3300 377 3341 :
434 3300 454 3334 ι
510 3282 681 3336 Sedes
727 3291 841 3347 tua,
875 3280 1034 3342 Deus,
1065 3280 1122 3335 in
1167 3279 1421 3336 saculum
1468 3284 1650 3338 smeuli
1701 3297 1718 3338 :

167 3379 295 3446 virga
315 3375 652 3438 dircctionis,
682 3373 828 3442 virga
864 3373 1013 3443 regni
1048 3372 1244 3428 tui".s
1283 3373 1346 3428 Et
1374 3376 1439 3428 ad
1478 3391 1672 3443 pueros
1704 3392 1718 3430 :

169 3487 185 3519 ι
207 3467 460 3530 Laudare,
479 3469 650 3536 pueri,
675 3467 952 3519 Dominum
970 3466 1037 3519 '°.
1064 3483 1083 3517 ι
1111 3463 1179 3519 At
1201 3467 1351 3533 pueri
1377 3483 1392 3520 :
1427 3484 1444 3517 ι
1471 3464 1720 3523 llosanna

168 3561 284 3616 Filio
311 3562 478 3616 David
514 3579 530 3617 :
566 3559 882 3614 benedictus
907 3557 996 3628 qui
1033 3559 1176 3612 venit
1209 3559 1259 3611 in
1291 3559 1507 3613 nomine
1541 3559 1720 3612 Domi-

170 3656 293 3707 ni".
334 3675 353 3706 ι
408 3656 537 3707 inde
583 3653 647 3705 ad
692 3649 992 3715 Dominum
1017 3649 1210 3704 iterum
1248 3648 1455 3705 Psaltes
1492 3651 1669 3721 regius
1704 3668 1719 3706 :

168 3767 188 3798 ι
219 3747 288 3800 lix
318 3764 413 3800 ore
449 3743 735 3798 infantium
771 3754 824 3796 et
856 3742 1164 3795 lactentium
1202 3740 1474 3809 perfecisti
1511 3741 1720 3795 laudem

165 3842 378 3893 tuam".
412 3858 432 3891 ι
466 3837 723 3891 Βοιιιίιιιιε
753 3837 816 3886 ad
853 3833 1107 3903 populum
1140 3849 1155 3885 :
1192 3851 1210 3883 ι
1247 3832 1417 3886 Sinite
1446 3835 1718 3901 parvulos,

161 3942 208 3984 et
236 3932 394 3984 nol.te
424 3946 521 3984 eos
551 3929 837 3998 prohibere
866 3926 930 3978 ad
965 3940 1048 3977 me
1076 3924 1258 3978 venire
1278 3925 1344 3977 ”.
1387 3943 1405 3975 ι
1443 3923 1721 3994 Siquidem

159 4021 476 4076 Elisabethae
531 4034 716 4072 vocem
783 4027 912 4070 sunt
970 4015 1174 4079 secuti;
1237 4029 1363 4066 nam
1427 4015 1513 4068 illa
1574 4016 1650 4068 ait
1704 4033 1718 4069 :

169 4133 184 4163 ι
220 4113 539 4169 Benedictus
571 4113 776 4164 fructus
803 4108 1006 4163 ventris
1042 4107 1199 4161 tui”.
1242 4125 1260 4158 ι
1302 4106 1361 4160 lli
1396 4123 1459 4161 ex
1498 4123 1560 4162 ea
1596 4119 1723 4162 nato

165 4209 450 4260 at-clamant
505 4222 520 4257 :
586 4221 606 4254 ι
670 4201 989 4256 Benedicms
1047 4199 1136 4270 qui
1189 4199 1338 4252 venit
1391 4201 1442 4253 in
1503 4201 1724 4255 nomine

161 4297 377 4352 Domini.
415 4315 436 4349 ι
484 4294 528 4353 Ο
569 4306 856 4364 parentum
898 4292 1370 4363 ingratitudinem!
1413 4306 1447 4346 0
1493 4293 1720 4347 [illorum

160 4390 567 4459 gratitudincml
633 4387 727 4440 lilii
789 4397 964 4439 vestes
1033 4398 1160 4438 suas
1227 4383 1644 4438 substernebant
1704 4401 1720 4438 :

163 4494 400 4552 parentes
436 4483 557 4551 ejus
589 4487 768 4534 restes
805 4476 1200 4547 partiebantur.
1234 4475 1309 4529 llli
1353 4494 1371 4527 ι
1410 4474 1661 4532 llosauna
1698 4494 1717 4527 ι
1752 4483 1805 4543 Ῑ)
1833 4477 1920 4531 ille
1968 4477 2368 4546 inaspectabilis
2404 4479 2575 4530 lactus
2612 4476 2712 4530 fuit
2741 4477 3089 4547 aspectabilis
3133 4498 3147 4533 :

162 4577 449 4642 cauebant;
508 4574 562 4628 hi
617 4592 636 4624 ι
693 4571 1055 4641 Crucltigatur
1106 4589 1126 4622 ι
1191 4569 1517 4625 clamabant.
1570 4568 1721 4639 Sapit

163 4668 325 4723 infans
360 4678 523 4732 a'tas;
564 4677 616 4719 et
652 4665 742 4735 qui
780 4665 977 4717 stultos
1018 4676 1140 4716 esse
1184 4676 1382 4731 pueros
1431 4662 1720 4730 perhibue-

165 4773 305 4827 tltnt,
348 4757 757 4815 stultescebant.
805 4753 1041 4822 Eratque
1094 4762 1204 4806 tum
1265 4752 1537 4818 insolens,
1590 4761 1643 4805 et
1688 4767 1720 4805 a

162 4864 335 4907 natura
386 4856 689 4906 abhorrens
743 4847 1111 4919 spectaculum
1163 4846 1378 4911 videre,
1425 4844 1715 4912 lactentes,

163 4956 377 4996 matrum
416 4941 559 4995 ulnis
592 4948 778 4994 vectos
816 4935 1072 5000 infantes,
1105 4935 1228 4989 hinc
1269 4934 1559 4988 mamillam
1607 4940 1719 4987 tra-

163 5050 317 5100 Ctare,
345 5037 490 5088 illinc
526 5043 659 5087 nato
693 5047 721 5086 e
760 5030 980 5099 Virgine
1019 5029 1124 5082 Deo
1157 5026 1344 5096 palmte
1382 5042 1560 5081 ramos
1593 5043 1720 5096 pro-

163 5130 393 5196 tendere;
420 5138 475 5182 et
499 5126 591 5195 qui
620 5125 702 5178 lac
729 5132 1031 5176 maternum
1060 5121 1358 5182 traherent,
1380 5117 1716 5172 Dominicnm

161 5233 466 5292 praeceptum
505 5219 698 5274 tenello
730 5233 824 5272 ore
857 5214 1168 5278 cﬂundere;
1205 5213 1520 5282 priusquam
1554 5212 1716 5265 verba

159 5316 294 5372 citari
336 5325 576 5387 possent,
616 5314 724 5367 Deo
769 5309 934 5364 verbo
980 5306 1245 5375 explicate
1290 5303 1653 5358 acclamantes
1695 5318 1712 5356 :

165 5426 179 5458 ι
230 5409 471 5464 llosanna
514 5408 566 5461 in
611 5402 933 5466 excelsis";
984 5417 1002 5450 ι
1051 5398 1206 5468 quasi
1253 5395 1514 5460 dicerent,
1554 5392 1711 5448 Salva

163 5515 266 5571 nos,
295 5505 379 5575 qui
413 5504 468 5557 iu
503 5500 627 5555 altis
655 5496 888 5558 habitas,
919 5501 974 5547 et
1000 5489 1221 5545 humilia
1255 5487 1562 5556 respicis".

219 5684 261 5717 ⁸⁸
291 5682 414 5740 Luc.
451 5696 541 5744 xx,
574 5678 638 5744 9;
666 5675 858 5744 Matth.
890 5687 1003 5744 ut,
1035 5669 1137 5744 55,-
1173 5667 1246 5744 ῌ⁸³
1275 5665 1430 5744 δοειι.
1461 5681 1552 5744 xv.
1585 5667 1638 5722 i.

161 5737 476 5818 char.7txi,v9.
530 5737 597 5782 ’⁸³
625 5737 768 5818 Psal.
796 5760 941 5805 xmv,
1078 5741 1142 5818 λθ
1173 5739 1474 5818 Psalz‘cxn,
1507 5737 1556 5790 1.

159 5823 200 5856 ’⁵
225 5823 344 5881 Luc.
374 5810 410 5886 ι’,
441 5822 529 5877 42.
607 5821 654 5852 ⁸⁸
685 5817 848 5873 Mare.
880 5830 953 5880 at,
983 5813 1035 5880 9,
1073 5810 1158 5866 10.

165 5895 178 5924 ⁸
201 5894 333 5954 Pal.
371 5910 528 5956 cur.
558 5892 646 5949 10.

1738 5666 1786 5698 ⁸⁸
1815 5667 2002 5723 Matth.
2034 5680 2146 5731 ut,
2180 5666 2268 5735 ιο,
2302 5666 2390 5722 ei.

1664 5738 1710 5770 ἰ
1743 5735 1936 5795 Matth.
1990 5754 2103 5803 ut,
2133 5739 2188 5795 9.

1234 5811 1279 5842 "
1303 5807 1445 5865 Psal.
1478 5823 1611 5876 exn,
1642 5807 1695 5875 ὅ,
1727 5807 1784 5865 6.

3279 385 3388 451 898

2425 508 2653 568 CAPUT
2690 509 2823 568 LVI.

2177 605 2420 660 Paulinus
2467 608 2727 659 secundus
2776 607 3073 672 exponitur.

1909 698 2016 754 Sed
2051 700 2302 767 quoniam
2336 714 2502 766 super
2531 699 2692 751 asina:
2726 699 2868 766 pullo
2903 701 3198 758 Sedentem,
3229 707 3278 746 et
3315 695 3405 750 Dei

1831 791 2025 846 Filium
2078 809 2230 855 esse,
2268 803 2324 846 et
2376 793 2541 845 Deum
2587 808 2809 853 verum,
2850 800 2902 845 et
2951 792 3125 844 turmis
3175 791 3407 845 universi

1836 899 2047 953 regem,
2088 885 2335 938 taticinis
2387 884 2468 937 usi
2523 885 2835 948 sententiis,
2873 885 3239 942 ostendimus.
3279 897 3408 952 age,

1840 974 2104 1043 supplicia
2129 990 2344 1044 quoque
2371 975 2573 1028 Christi
2603 973 3048 1042 contemplemur,
3069 982 3119 1027 et
3141 972 3407 1040 ﬂagitiosa

1835 1066 1886 1117 in
1925 1080 2047 1118 eutn
2085 1065 2307 1118 consilia
2345 1079 2499 1133 aeque
2540 1079 2570 1117 e
2606 1072 2786 1117 vatum
2830 1063 3046 1132 scriptis
3090 1063 3408 1131 cetnprobe-

1836 1171 1974 1220 mus,
1999 1172 2029 1210 a
2058 1156 2258 1212 Davide
2285 1156 2487 1211 exorsi.
2515 1155 2685 1224 Igitur
2711 1155 2952 1209 futurum
2990 1165 3240 1226 tanquam
3274 1172 3408 1226 pra:-

1832 1263 1957 1302 seris
2003 1248 2373 1317 prospiciens,
2408 1249 2478 1300 ait
2518 1247 2782 1314 Propheta
2824 1261 2838 1300 :
2885 1266 2902 1299 r
2946 1248 3126 1314 Quare
3161 1248 3405 1302 fremue—

1833 1350 1958 1394 ruut
2004 1349 2222 1410 gentes;
2274 1351 2329 1395 et
2377 1343 2557 1411 populi
2610 1345 2821 1411 (gentes
2867 1341 3140 1396 Romanos
3187 1358 3404 1403 vocans,

1837 1432 2087 1500 populos,
2114 1432 2424 1486 intimorum
2463 1434 2654 1502 tribus)
2695 1435 2933 1487 meditati
2972 1446 3094 1488 sunt
3129 1435 3343 1488 inania?
3383 1455 3401 1486 ι

1834 1525 2065 1579 Otrmino
2117 1542 2269 1588 sane,
2312 1526 2504 1594 inquit,
2542 1529 2825 1578 adversum
2878 1526 3157 1580 Christum
3208 1528 3407 1581 [rustra

1835 1615 2225 1668 tumultuantur
2287 1626 2448 1685 atque
2493 1620 2749 1686 Cogitant.
2817 1636 2834 1667 ι
2906 1619 3205 1671 Astitcrunt
3252 1633 3408 1686 reges

1836 1717 1994 1761 terra:
2038 1707 2260 1774 (Pilatus
2317 1709 2521 1762 scilicet
2577 1719 2740 1778 atque
2811 1707 3092 1773 Herodes),
3124 1719 3175 1763 et
3206 1711 3409 1778 princi-

1836 1814 1930 1869 pes
1959 1809 2334 1853 convenerunt
2365 1799 2417 1853 in
2455 1815 2648 1865 unum;
2692 1820 2708 1850 ι
2749 1800 3027 1868 pontifices
3058 1818 3121 1853 ae
3153 1802 3409 1854 sarculo-

1835 1903 1936 1959 tes,
1967 1895 2191 1961 pariter,
2224 1893 2406 1958 simul,
2440 1893 2628 1947 eadem
2678 1906 2855 1948 metue
2898 1902 2950 1944 et
2985 1895 3212 1947 consilio
3249 1912 3269 1945 ι
3306 1899 3404 1947 ad-

1833 1997 2020 2038 versus
2057 1983 2342 2037 Dominum
2400 1995 2456 2038 et
2493 1987 2748 2037 adversus
2786 1984 3062 2038 Chrisrum
3104 1985 3241 2054 ejus,
3283 2004 3300 2035 ι
3351 1995 3408 2038 ut

1828 2091 1952 2132 eum
1987 2075 2334 2131 interﬁciant.
2370 2095 2388 2128 ι
2432 2076 2812 2144 Dirnmpamus
2848 2077 3053 2130 vincula
3088 2093 3278 2131 eorum
3301 2120 3315 2142 ,
3354 2090 3408 2133 et

1829 2168 2382 2239 projiciatnusanobis
2405 2170 2590 2240 juguru
2622 2170 2948 2240 ipsorum":
2986 2189 3004 2221 ι
3045 2181 3405 2226 Consentanea

1833 2260 2088 2319 Mosaieis
2117 2262 2277 2318 dictis
2305 2260 2472 2316 David
2501 2262 2769 2332 loquitur;
2804 2280 2926 2316 nam
2963 2274 3019 2315 ut
3047 2265 3136 2317 ille
3162 2266 3227 2317 de
3255 2266 3408 2332 opiﬁ-

1829 2354 1914 2409 eio
1938 2353 2234 2418 disserens,
2256 2368 2417 2408 unam
2446 2353 2778 2408 voluntatem
2813 2351 2912 2407 SS.
2935 2353 3210 2407 Trinitatis
3239 2355 3409 2422 signi-

1830 2447 2001 2501 ﬂcans
2035 2445 2208 2516 inquit
2243 2462 2258 2499 :
2300 2462 2319 2497 ι
2361 2443 2648 2500 Faciamus
2693 2444 2963 2499 hominem
3008 2444 3073 2497 ad
3119 2444 3402 2514 imaginem

1830 2549 1884 2595 et
1918 2539 2327 2595 similitudinem
2371 2539 2712 2606 nostram";
2763 2557 2783 2590 ι
2831 2538 2902 2591 ita
2944 2549 2998 2593 et
3037 2538 3125 2593 bic
3167 2538 3403 2609 gentium

1829 2647 1894 2687 ac
1926 2633 2247 2702 populorum
2282 2631 2521 2702 cogitata
2553 2642 2606 2686 et
2639 2632 2924 2696 tumultus,
2954 2639 3196 2686 astantes
3230 2646 3404 2698 reges,

1829 2728 2152 2796 optimatum
2188 2726 2392 2790 pariter
2419 2734 2766 2791 conventum,
2795 2725 2929 2786 haec,
2959 2725 3198 2792 inquam,
3225 2728 3406 2780 omnia

1828 2816 2030 2872 docens
2060 2817 2389 2882 consentire,
2417 2815 2491 2868 ait
2524 2833 2539 2869 :
2581 2834 2598 2866 ‹
2642 2815 3022 2885 Dirumpamus
3055 2818 3265 2870 vincula
3310 2833 3405 2870 eo-

1829 2925 1969 2974 rum,
1999 2920 2054 2963 et
2082 2908 2430 2978 projiciamos
2460 2923 2487 2960 a
2521 2909 2676 2961 nobis
2702 2906 2884 2977 jugum
2917 2907 3176 2976 ipsorum.
3213 2928 3232 2960 ο
3265 2909 3404 2974 (μία

1830 3013 1887 3055 ut
1921 3002 2120 3057 clarius
2161 3013 2329 3065 esset,
2363 3012 2525 3068 atque
2563 3002 2799 3067 apertius
2836 3005 2977 3068 quod
3016 3000 3170 3064 dicit,
3202 3003 3348 3054 addit
3383 3023 3399 3056 ι

1837 3114 1854 3145 ι
1891 3093 1992 3159 Qui
2026 3095 2232 3148 habitat
2264 3095 2315 3147 in
2349 3094 2522 3158 oculis,
2559 3112 2576 3144 ι
2610 3095 2775 3149 Pater
2805 3093 3071 3161 videlicet,
3103 3114 3121 3146 ι
3161 3096 3408 3151 irridebit

1829 3204 1920 3242 eos
1952 3205 1965 3241 :
1993 3199 2048 3242 et
2075 3187 2329 3241 Dominus
2359 3187 2707 3242 subsannabit
2736 3202 2754 3248 ;
2788 3203 2807 3238 ι
2840 3187 3045 3242 scilicet
3086 3187 3252 3243 Filius
3271 3229 3285 3252 ,
3311 3187 3406 3258 qui

1830 3281 1969 3334 inter
2007 3294 2128 3344 eos,
2163 3293 2262 3333 ceu
2304 3280 2624 3342 damnatus,
2660 3279 2862 3344 astitit,
2900 3280 3120 3335 minime
3188 3283 3404 3336 interitu

1830 3385 2050 3442 paterno
2096 3373 2218 3426 sinu
2261 3373 2514 3426 extorris.
2552 3391 2570 3425 ι
2624 3371 2773 3426 Tunc
2820 3371 3066 3441 loquetur
3105 3375 3171 3427 ad
3213 3389 3308 3428 eos
3352 3375 3404 3430 in

1831 3467 1905 3517 ira
1931 3482 2024 3517 sua
2071 3481 2086 3518 :
2127 3474 2178 3517 et
2212 3464 2265 3517 in
2301 3462 2479 3520 furore
2520 3479 2618 3519 suo
2656 3464 2996 3518 cotrturbabit
3029 3473 3142 3518 eos.
3170 3482 3188 3516 ι
3223 3464 3404 3533 Tunc;

1830 3556 2084 3628 quando?
2115 3556 2247 3610 Cum
2278 3556 2443 3612 Jndcx
2477 3558 2779 3622 advenerit,
2811 3557 3064 3612 erunibus
3096 3557 3405 3613 caelestibus

1829 3651 2000 3720 copiis
2027 3651 2280 3716 stipatus,
2313 3651 2447 3703 rivis
2479 3667 2541 3704 ac
2576 3650 2800 3704 mortuis
2824 3649 2914 3720 jus
2941 3649 3199 3704 dicturus.
3234 3667 3256 3704 ς
3294 3649 3407 3720 Ego

1828 3755 2007 3800 autem
2050 3745 2373 3799 constitutus
2415 3761 2532 3796 sum
2577 3742 2688 3797 iter
2730 3745 2797 3796 ab
2837 3741 2995 3807 eo”;
3047 3760 3065 3795 ι
3112 3743 3285 3798 oratio
3321 3754 3408 3799 est

1827 3837 1986 3906 digna
2046 3836 2188 3903 Deo,
2243 3845 2295 3890 et
2353 3837 2540 3904 regia,
2588 3845 2642 3889 et
2697 3834 2895 3889 Christi
2951 3838 3111 3888 etiam
3174 3835 3421 3891 hominis

1830 3941 2068 3995 perenne
2110 3926 2343 3980 innuens
2381 3941 2640 3995 regnum;
2677 3925 2808 3978 dicit
2843 3924 2985 3978 enim
3025 3940 3040 3977 :
3085 3942 3102 3975 ι
3146 3923 3408 3993 Regnabit

1833 4016 2090 4069 Dominus
2136 4016 2187 4069 in
2233 4014 2448 4080 swcula,
2487 4014 2626 4067 Deus
2679 4025 2822 4078 tuus,
2871 4015 3022 4070 Sion.
3063 4013 3234 4085 Super
3276 4019 3402 4070 Sion

1833 4117 2066 4162 ruentem
2121 4117 2364 4163 sanctum
2417 4107 2596 4176 ejns‘.
2648 4125 2666 4157 ο
2727 4108 2983 4161 Sanctum
3035 4118 3270 4162 montem
3320 4109 3412 4162 hic.

1837 4197 2107 4270 Virginem
2151 4216 2212 4254 ac
2255 4197 2542 4267 Deiparam
2587 4199 2837 4268 intellige.
2873 4198 2941 4255 Ut
2984 4200 3125 4253 enim
3169 4199 3310 4254 Deus
3347 4200 3411 4255 tu

1829 4293 1958 4347 Sina
2006 4294 2336 4347 descendens
2381 4305 2708 4361 conspectus
2755 4302 2839 4347 est
2892 4307 2922 4346 a
2970 4292 3143 4357 Mosa,
3189 4294 3268 4348 sic
3318 4294 3406 4348 ille

1831 4386 2144 4439 incarnatus
2171 4400 2233 4438 ex
2259 4382 2502 4453 Virgine,
2523 4397 2873 4438 conversatus
2899 4395 2982 4440 est
3006 4402 3126 4439 cum
3155 4387 3402 4453 hoinine;

3196 4498 3213 4528 ι
3259 4478 3404 4532 Prte—

1829 4570 2017 4624 dicans
2070 4578 2401 4638 prmceptum
2455 4567 2702 4633 Domini,
2759 4589 2778 4624 ι
2838 4569 2888 4622 id
2940 4581 3050 4634 est,
3102 4572 3402 4639 interpres,

1828 4670 1888 4716 ut
1934 4660 2114 4716 Patris
2169 4659 2436 4715 beneficio
2481 4662 2754 4730 prophetae
2800 4660 2928 4715 olim
2977 4661 3340 4730 praedixerunt
3387 4678 3404 4719 ε

1833 4772 1852 4806 ι
1907 4753 2167 4807 Dominus
2211 4754 2344 4808 dixit
2394 4754 2459 4807 ad
2515 4768 2632 4819 me;
2689 4769 2708 4804 ι
2761 4753 2850 4821 qui
2899 4753 3032 4806 mihi
3083 4753 3246 4807 Pater
3295 4765 3404 4820 est,

1827 4847 2120 4900 secundum
2159 4845 2394 4900 divinam
2431 4857 2715 4910 naturam,
2750 4846 3000 4914 idemque
3031 4845 3173 4900 Deus
3205 4860 3402 4901 secun-

1826 4939 1951 4990 dum
1998 4953 2213 4991 carnem
2261 4947 2636 5005 assumptum:
2676 4955 2694 4988 ι
2728 4936 2893 4992 Filius
2945 4952 3093 4994 meus
3141 4953 3200 4995 es
3246 4947 3338 5003 tu,
3378 4958 3397 4992 ι

1826 5028 2184 5084 elrarissimus
2249 5037 2372 5082 ante
2434 5028 2632 5082 saecula
2691 5028 2826 5083 citra
2884 5027 3086 5084 ﬂuxum
3150 5029 3282 5086 mihi
3342 5044 3399 5087 es

1824 5121 2012 5176 Filius.

1903 5233 1921 5265 ‹
1959 5216 2069 5285 Ego
2103 5213 2262 5268 hodie
2293 5214 2450 5285 genui
2487 5225 2556 5268 te.
2596 5233 2613 5265 ι
2654 5214 2822 5279 Quem
2856 5230 2920 5269 es
2953 5225 3108 5270 utero
3139 5225 3267 5269 ante
3289 5215 3400 5272 Lu-

1823 5305 2048 5360 ciferum
2081 5305 2262 5374 genui,
2294 5304 2554 5359 hodierno
2588 5304 2672 5360 die
2709 5317 3054 5374 corporatum
3086 5321 3149 5361 cx
3185 5304 3396 5375 Virgine

1821 5396 2040 5467 prodire
2081 5396 2260 5461 volui;
2307 5410 2482 5464 neque
2526 5396 2669 5450 enim
2718 5396 2857 5450 alios
2898 5396 3074 5452 fuerat
3115 5398 3203 5451 ille
3238 5379 3410 5468 atque

1820 5486 1961 5542 alius
2022 5495 2110 5552 tu,
2161 5487 2256 5543 sed
2313 5485 2488 5552 idem,
2545 5502 2680 5541 unus
2741 5502 2806 5540 ex
2861 5487 3066 5541 duabus
3119 5489 3328 5544 naturis
3379 5501 3390 5543 :

2501 5667 2546 5699 ⁸⁷
2573 5665 2807 5735 δοιιΙιοιι.
2836 5682 2918 5725 Ill.
2949 5666 3033 5731 Η,
3067 5669 3153 5723 15.
3230 5666 3275 5699 ⁸⁸
3300 5665 3398 5720 Ζει“

2291 5738 2336 5770 ’³
2366 5735 2510 5792 Psal.
2540 5752 2657 5802 vni,
2685 5737 2739 5792 5.
2848 5739 2895 5770 ’³
2923 5738 3111 5792 Matth.
3147 5754 3231 5793 χιχ
3260 5777 3275 5800 ,
3307 5739 3386 5790 14.

1880 5810 1925 5841 ’⁷
1951 5808 2096 5866 Psal.
2132 5825 2191 5878 ιι,
2224 5809 2333 5865 1-5.
2436 5808 2480 5841 ³⁸
2507 5806 2643 5864 Gen.
2679 5824 2718 5876 ι,
2749 5806 2838 5864 26.
2936 5810 2982 5841 θ’
3011 5809 3151 5866 Psal.
3185 5825 3250 5874 rt,
3279 5808 3392 5865 Hi.
