4004 6206
438 299 545 372 899

1628 298 2055 363 ANDRONICI
2084 295 2431 358 COMNENI

3620 286 3727 352 900

445 443 462 474 1
518 420 740 475 ιδοειςιιο
789 434 816 471 a
864 431 970 483 mc,
1010 425 1063 470 et
1108 414 1248 471 dabo
1292 417 1389 473 tibi
1437 425 1627 486 gentes
1669 418 2035 471 haereditateiu
2068 418 2111 474 Α
2144 422 2305 465 vocat
2340 411 2667 465 horrendam
2706 407 2855 462 illam
2892 404 3218 461 sententiam
3261 420 3274 457 :
3315 420 3334 455 ι
3380 400 3662 458 Discedite
3698 419 3729 458 a

444 527 609 568 tuam.
644 531 662 564 ι
701 511 849 566 Solet
885 510 1049 565 David
1086 525 1204 580 qua:
1241 516 1365 565 sunt
1394 508 1692 579 Uuigeuiti.
1721 513 1787 564 ad
1826 509 1919 563 Dei
1959 524 2021 562 ac

447 606 624 661 Patris
649 604 979 659 voluntatem
1013 612 1176 673 atque
1202 612 1523 672 potestatem
1554 617 1830 666 revocare,
1862 617 1931 655 ne
1956 598 2025 653 ab

447 698 710 768 imperitis
745 696 855 752 Deo
898 696 1206 752 contrarius
1241 697 1557 751 crederetur
1594 714 1608 751 :
1654 713 1675 748 ‹
1708 694 1774 748 Ει
1805 709 2028 764 posses-

447 792 656 843 sionem
696 799 840 841 luam
880 788 1145 843 terminos
1177 797 1366 856 terrae;
1408 806 1427 840 ›
1462 788 1552 857 qui
1585 797 2027 841 sacruindomen

450 882 684 937 ferentes
720 891 894 947 tuum,
921 896 1016 949 per
1051 888 1103 937 te
1131 878 1342 951 jurent.
1374 898 1394 932 ι
1439 879 1612 948 Reges
1653 894 1747 935 eos
1794 880 1848 932 in
1883 880 2029 948 virga

448 974 697 1041 lerrea’;
730 990 750 1025 ι
800 984 1069 1041 sceptrum
1136 989 1228 1028 seu
1285 973 1433 1044 virga
1507 971 1682 1027 ferrea
1737 970 2033 1026 divinitatis

451 1064 747 1135 potentiam
794 1063 1084 1135 signiﬁcat.
1113 1063 1243 1118 Nam
1278 1076 1563 1134 paternum
1601 1064 1703 1118 hoc
1738 1078 1835 1133 per
1868 1062 2033 1117 Davi-

450 1159 569 1212 dcm
584 1158 786 1213 dictum
806 1159 1136 1214 confirmans
1156 1174 1306 1212 meus
1331 1158 1587 1213 Servatur
1603 1157 1679 1211 ait
1699 1169 1716 1211 :
1736 1175 1753 1209 ί
1780 1156 1895 1227 Ego
1916 1171 2033 1211 sum

449 1259 637 1319 pastor
667 1250 859 1315 bonus,
890 1258 943 1304 et
974 1263 1072 1319 ego
1113 1266 1346 1320 agnosco
1390 1265 1520 1305 oves
1550 1265 1721 1316 meas,
1750 1261 1805 1307 et
1834 1266 2034 1321 cogno-

452 1350 611 1397 scunt
640 1357 724 1397 me
751 1359 902 1403 meae.
925 1342 1075 1397 Sicut
1101 1345 1247 1399 novit
1280 1362 1364 1399 me
1390 1343 1572 1409 Pater,
1594 1354 1650 1399 et
1674 1360 1775 1416 ego
1802 1357 2037 1416 agnosco

459 1433 673 1489 Patrem
704 1453 718 1491 :
744 1448 795 1490 et
819 1437 1053 1490 animam
1080 1451 1255 1491 meam
1282 1451 1423 1506 pono
1448 1438 1760 1504 pro‘ovibus
1785 1436 1979 1493 meis'.
2012 1456 2029 1489 ι

454 1560 524 1570 -
554 1548 572 1580 α
606 1528 884 1601 Tanquam
911 1544 1006 1584 vas
1033 1529 1176 1599 ﬁguli
1206 1530 1516 1602 confringes
1540 1546 1655 1588 eos.
1681 1550 1698 1583 ι
1734 1530 1830 1587 llis
1855 1531 2039 1587 verbis

458 1633 573 1677 tum
611 1624 885 1679 bOminum
921 1623 1161 1678 declarat
1190 1624 1486 1695 opiﬁcium,
1515 1624 1660 1696 quod
1692 1640 1925 1696 magnus
1956 1624 2043 1678 ille

448 1718 652 1787 .ligulus
709 1721 846 1772 Deus
896 1716 1100 1774 eﬂiuxit
1179 1734 1243 1774 ac
1302 1718 1520 1775 molitus
1578 1728 1693 1787 est;
1753 1730 1866 1775 tum
1915 1734 2043 1773 vero

2137 521 2244 571 me,
2280 504 2577 566 maledicti,
2613 501 2664 555 in
2708 501 2886 572 ignem
2932 510 3213 564 aeternum,
3246 500 3337 570 qui
3381 506 3612 569 paratus
3651 504 3732 552 est

2142 597 2358 653 diabolo
2385 605 2441 651 et
2470 595 2678 666 angelis
2710 593 2922 664 ejus";
2962 611 2982 647 ι
3019 608 3182 663 quam
3218 603 3274 648 et
3302 604 3428 648 ante
3460 592 3733 661 judicium

2138 691 2509 762 unusquisque
2550 693 2858 759 recogitans
2884 728 2901 755 ,
2935 703 3001 744 ac
3037 703 3137 744 sua
3183 688 3355 758 ipsius
3393 687 3735 744 conscientia

2138 786 2337 849 victus,
2355 784 2579 839 horret:
2612 802 2630 835 ι
2660 782 2810 838 Beati
2833 796 3021 837 omnes
3044 781 3134 852 qui
3158 780 3432 837 conﬁdunt
3460 781 3515 835 in
3540 781 3689 836 eo”.
3710 800 3729 833 ι

2147 876 2421 947 Propheta
2457 876 2751 930 humanam
2788 883 3038 929 naturam
3070 874 3123 929 in
3154 875 3290 930 duas
3324 877 3569 945 partitus
3598 876 3731 940 vias,

2141 971 2363 1023 damnat
2402 967 2745 1040 pervicaces;
2795 974 2849 1020 at
2893 965 3011 1035 pios
3064 967 3475 1037 morigerosque
3522 966 3731 1037 pietati,

2144 1062 2453 1131 incorrupta
2483 1075 2547 1116 ac
2575 1058 2796 1129 perenni
2822 1057 3159 1114 beatitudine
3187 1057 3367 1114 allicit.

2215 1157 2597 1211 Consentauea
2630 1155 2776 1208 I’atri
2810 1162 2868 1208 et
2886 1151 3149 1207 Salomon
3180 1150 3494 1207 Judmornm
3530 1150 3737 1205 scelera

2150 1250 2456 1320 publicaus,
2486 1249 2562 1302 ait
2600 1267 2614 1302 :
2659 1267 2677 1301 ς
2716 1247 2983 1302 Dixerunt
3014 1246 3315 1317 cogitantes
3349 1245 3507 1314 apud
3536 1258 3599 1299 se
3634 1259 3735 1298 non

2148 1353 2293 1399 recte
2340 1360 2357 1397 :
2401 1340 2790 1410 Opprimamus
2832 1340 3066 1410 justum,
3104 1340 3356 1407 quoniam
3399 1337 3621 1392 inutilis
3664 1348 3741 1391 est

2150 1436 2328 1499 nobis,
2359 1444 2413 1489 et
2444 1434 2752 1488 contrarius
2784 1441 2867 1487 est
2896 1430 3155 1511 operibus
3190 1431 3411 1495 nostris,
3442 1439 3497 1488 et
3532 1430 3741 1498 impro-

2150 1539 2305 1600 perat
2331 1528 2487 1585 nobis
2513 1537 2736 1598 peccata
2765 1527 2923 1598 legis,
2945 1534 2995 1581 et
3025 1524 3270 1589 diliamat
3299 1524 3352 1583 in
3376 1538 3488 1585 uos
3518 1531 3741 1592 peccata

2151 1621 2447 1691 disciplinae
2469 1630 2690 1677 nostrae.
2708 1606 3062 1679 Promittitse
3085 1617 3369 1672 scientiam
3397 1616 3493 1671 Dei
3519 1615 3741 1678 habere,

2153 1726 2207 1771 et
2255 1714 2448 1770 Filium
2500 1714 2593 1769 Dei
2648 1728 2707 1778 se
2760 1714 3021 1768 nominat.
3077 1711 3275 1765 Factus
3332 1719 3413 1764 est
3473 1710 3635 1763 nobis
3692 1708 3741 1762 ia

458 1807 763 1863 Juda‘orum
807 1810 1237 1865 internecionem
1274 1819 1330 1865 et
1360 1810 1659 1867 interitum.
1691 1809 1822 1864 Tam
1862 1810 2039 1876 facile,
2075 1796 2115 1854 Β
2150 1807 2548 1863 traductionem
2594 1805 2981 1883 cogitationum
3038 1814 3381 1879 nostrarum.
3409 1802 3618 1858 Gravis
3662 1813 3743 1855 est

462 1902 658 1971 inquit,
694 1902 940 1969 cullides,
976 1904 1067 1972 qni
1118 1912 1170 1957 te
1221 1912 1279 1956 ut
1317 1903 1565 1971 cp'tlicem
1611 1920 1673 1958 ac
1723 1904 1887 1957 Deum
1933 1918 2042 1957 non

460 2006 808 2056 venerantur.
842 1998 937 2051 sed
978 2011 1182 2050 merum
1228 1998 1500 2053 hominem
1558 2000 1787 2063 ducunt,
1817 1999 2044 2055 salutari

471 2098 644 2143 morte
690 2100 739 2143 te
783 2089 1109 2153 multantes,
1137 2104 1295 2158 quam
1336 2089 1529 2158 figulus
1562 2088 1884 2144 fabricatum
1923 2106 1952 2144 a
1990 2106 2049 2147 se

469 2197 533 2236 ac
590 2182 987 2239 conlormatum
1049 2181 1233 2237 ﬁctile.
1288 2180 1358 2237 Ut
1405 2182 1549 2237 enim
1612 2182 1879 2251 pecudes,
1928 2196 2049 2251 qua:

465 2271 701 2341 pastoris
749 2285 934 2325 vocem
984 2281 1146 2339 atque
1188 2270 1405 2332 sibilum
1454 2280 1783 2341 sequuntur,
1818 2282 1875 2327 et
1919 2273 2051 2327 viri~

470 2366 626 2418 ilibus
675 2372 972 2432 pascuntur
1028 2362 1247 2427 herbis,
1301 2373 1357 2419 et
1409 2364 1801 2433 liquidissimos
1864 2374 2052 2434 potant

472 2457 689 2522 latices;
727 2470 847 2525 quae
878 2470 1008 2510 vero
1044 2472 1073 2511 a
1110 2466 1326 2527 pastore
1359 2457 1650 2525 resiliunt,
1685 2456 1813 2512 l‘eris
1859 2458 2053 2528 praedae

424 2537 430 2542 ’
472 2558 631 2615 sunt;
677 2549 753 2603 ita
798 2556 1004 2604 tractus
1051 2563 1243 2603 omnes
1288 2550 1501 2605 cunctis
1547 2559 1813 2607 terrarum
1850 2536 2053 2619 ﬁnibus

474 2643 785 2710 quicunque
830 2642 932 2695 mei
979 2640 1098 2696 Filii
1138 2658 1325 2721 vocem
1371 2642 1612 2709 audient,
1648 2644 1700 2697 in
1745 2644 2055 2700 cmlestibus

470 2735 797 2803 aeternisque
834 2734 1053 2792 sedibus
1094 2736 1289 2807 degent
1322 2750 1386 2793 ac
1430 2746 1678 2806 pasceut,
1706 2747 1759 2793 et
1794 2737 1861 2793 ad
1896 2752 2054 2793 secu-

472 2844 565 2883 ras
600 2843 792 2884 amnes
826 2829 1151 2883 nutrieutur.
1179 2829 1249 2883 At
1276 2829 1365 2899 qui
1397 2828 1518 2901 ejus
1540 2844 1727 2885 vocem
1763 2830 2055 2900 negligant,

479 2920 649 2974 attriti
686 2934 750 2974 ac
780 2921 963 2985 deleti,
994 2918 1178 2974 infami
1212 2918 1358 2990 lupo,
1390 2920 1628 2986 diabolo,
1657 2920 2055 2992 relinquentur.

555 3032 574 3065 ‹
614 3013 680 3067 Ει
712 3028 877 3080 nunc,
939 3027 1112 3084 reges,
1146 3014 1430 3085 intelligite
1446 3013 1489 3069 ⁸.
1522 3033 1543 3070 ι
1580 3014 1779 3072 Christi
1816 3025 2058 3086 potesta-

480 3115 612 3171 tem,
648 3105 1130 3172 resurrectionem,
1166 3115 1327 3174 atque
1364 3118 1592 3176 regnum
1637 3116 1763 3162 ante
1806 3115 2060 3162 accurate

476 3208 765 3255 exsecutus
793 3197 1088 3267 Propheta,
1116 3195 1414 3266 intelligere
1445 3211 1506 3253 ea
1535 3211 1753 3269 quoque
1782 3206 2050 3255 terrarum

479 3306 636 3363 reges
671 3291 824 3362 jubet
854 3304 920 3347 ac
955 3291 1227 3347 hortatur.
1264 3308 1283 3343 ι
1327 3290 1632 3351 Erudimini
1665 3292 1759 3363 qui
1798 3290 2056 3362 iudicatis

484 3396 683 3440 terram
715 3402 729 3441 :
765 3401 785 3437 ›
814 3382 1249 3454 quandoquidem
1277 3383 1517 3455 judicum
1542 3383 1811 3451 Judieem,
1834 3385 2057 3439 deorum

487 3478 679 3546 Deum,
711 3489 950 3532 vestrum
988 3492 1055 3532 ac
1090 3477 1258 3532 totius
1288 3477 1473 3533 mundi
1506 3475 1705 3549 Regem
1739 3477 2059 3533 Dominum-

479 3585 587 3641 que
627 3570 977 3640 exspectatis,
1016 3569 1209 3624 discite
1253 3584 1462 3637 omnes,
1492 3571 1585 3640 qui
1619 3570 1688 3626 de
1724 3569 1978 3632 terrenis.
2007 3580 2061 3624 et

483 3677 696 3719 terrena
723 3662 1001 3732 judicatis,
1026 3662 1290 3731 Judicare,
1312 3677 1375 3718 ac
1401 3663 1488 3731 jus
1514 3673 1569 3718 et
1590 3678 1803 3731 aequum
1832 3664 2011 3718 facere
2041 3681 2056 3719 :

484 3776 504 3809 ι
556 3758 609 3812 iu
656 3772 763 3826 quo
822 3755 966 3811 enim
1003 3754 1808 3825 jndicaveritis,judicabimiui
1855 3774 1869 3811 :
1914 3765 1966 3812 et
2003 3757 2059 3810 in

480 3865 585 3919 qua
613 3864 865 3905 mensura
896 3848 1069 3903 meusl
1095 3846 1328 3914 fueritis,
1356 3848 1674 3903 remetietur
1695 3846 1848 3903 vobis
1865 3850 1909 3902 '.
1944 3866 1964 3900 ι
1990 3878 2061 3890 -

486 3962 507 3995 ε
555 3941 767 3997 Servite
812 3940 1038 3996 Domino
1082 3940 1137 3995 in
1183 3942 1409 4006 timore,
1440 3951 1495 3995 et
1532 3941 1798 3996 exsultate
1842 3942 1890 3996 ei
1937 3958 2057 3999 cum

484 4045 747 4101 tremore;
788 4053 808 4087 ι
848 4035 991 4105 quod
1022 4034 1067 4090 si
1101 4034 1287 4089 timide
1316 4049 1379 4089 ac
1406 4034 1614 4105 trepide
1645 4034 1814 4089 Deum
1846 4036 2060 4103 coletis,

480 4128 820 4200 postmodum
853 4143 973 4182 cum
1000 4141 1065 4183 eo
1093 4135 1357 4182 aeternum
1387 4126 1766 4196 exsultabitis;
1799 4144 1945 4184 nunc
1978 4128 2057 4182 la~

485 4221 716 4293 crymosi
747 4230 997 4276 serentes
1027 4239 1041 4277 :
1073 4216 1265 4275 attum
1299 4220 1429 4275 lauti
1455 4229 1756 4276 vestrorum
1783 4219 2058 4276 fructuum

490 4316 822 4372 millenarias
852 4316 1050 4371 aristas
1086 4316 1351 4381 messuri,
1382 4316 1805 4385 comportandas
1840 4313 1891 4370 in
1925 4315 2059 4370 bor-

487 4424 575 4464 rea
604 4408 870 4466 cmlestia.
904 4428 923 4462 ι
956 4409 1362 4481 Apprebcadite
1388 4408 1728 4477 disciplinam
1749 4408 1793 4474 ',
1821 4427 1840 4460 ι
1872 4406 1927 4463 id
1956 4417 2060 4470 est,

2152 1901 2308 1957 nobis
2355 1900 2519 1959 etiam
2566 1900 2632 1954 ad
2674 1898 2989 1965 videndum,
3024 1898 3282 1966 quoniam
3329 1897 3625 1957 dissimilis
3668 1906 3744 1950 est

2151 1995 2270 2050 aliis
2318 1994 2429 2049 vita
2472 1992 2637 2061 illius,
2671 2000 2726 2055 et
2769 1993 3070 2060 immutata:
3111 2002 3236 2055 sunt
3283 1992 3381 2046 via:
3421 1989 3566 2065 ejus.
3599 1988 3743 2043 Tau-

2150 2102 2311 2158 quam
2358 2100 2595 2160 nugaces
2632 2085 2890 2141 aestimati
2935 2099 3129 2141 sumus
3167 2084 3237 2139 ab
3276 2083 3388 2144 illo,
3416 2093 3476 2136 et
3509 2083 3743 2136 abstinet

2154 2197 2213 2237 se
2238 2197 2267 2236 a
2296 2181 2395 2237 viis
2417 2179 2637 2255 nostris,
2662 2189 2917 2253 tanquam
2943 2177 3013 2237 ab
3038 2176 3418 2239 immunditiis,
3446 2186 3503 2255 et
3528 2173 3753 2241 ιιι-εαξη,

2155 2276 2453 2339 novissima
2487 2274 2782 2347 justorum,
2814 2284 2869 2341 et
2899 2271 3165 2351 gloriatur
3197 2269 3410 2337 Patrem
3448 2284 3514 2324 se
3550 2270 3743 2323 habere

2155 2369 2350 2431 Deum.
2383 2367 2676 2438 Videamus
2706 2380 2839 2436 ergo
2872 2366 2919 2429 si
2954 2377 3236 2437 sermones
3272 2360 3415 2427 illius
3454 2362 3575 2417 veri
3615 2364 3738 2419 sint,

2156 2475 2210 2534 et
2252 2469 2524 2531 tentemus
2563 2474 2685 2537 quae
2721 2468 2948 2525 ventura
2992 2468 3123 2521 sunt
3166 2457 3267 2521 illi.
3296 2454 3650 2515 Contumelia
3694 2463 3744 2508 et

2158 2563 2430 2611 tormento
2479 2556 2876 2624 interrogemus
2919 2561 3159 2625 cumam
3199 2550 3437 2607 sciamus
3486 2563 3745 2604 reveren-

2159 2646 2288 2700 tiam
2320 2646 2460 2717 ejus,
2486 2654 2538 2699 et
2563 2646 2853 2715 probemus
2878 2643 3195 2714 patientiam
3229 2643 3390 2697 illius.
3416 2640 3601 2698 Morte
3634 2652 3740 2695 tur-

2154 2741 2385 2809 pissima
2432 2740 2857 2793 condemnemus
2898 2753 3022 2792 cum
3068 2752 3085 2790 :
3129 2736 3234 2792 erit
3272 2737 3416 2791 enim
3464 2746 3743 2805 respectus

2158 2849 2224 2887 ex
2259 2831 2602 2887 sermonibus
2636 2830 2801 2885 illius.
2836 2829 2963 2884 Haec
2997 2829 3403 2900 cogitaverunt,
3432 2838 3490 2883 ct
3528 2840 3745 2881 errave-

2161 2933 2287 2980 runt
2321 2924 2663 2997 :exca:cavit
2698 2923 2841 2977 enim
2890 2922 3005 2978 illos
3046 2922 3253 2977 malitia
3296 2936 3513 2976 eorum.
3541 2921 3617 2975 tt
3650 2930 3743 2975 nec

2161 3017 2406 3074 scierunt
2436 3026 2780 3072 sacramenta
2813 3014 2937 3082 Dei,
2968 3029 3140 3086 neque
3176 3013 3593 3085 judicaverunt,
3624 3013 3743 3081 quia

2164 3119 2217 3166 tu
2250 3125 2309 3167 es
2339 3109 2483 3165 Deus
2515 3108 2683 3173 solus,
2710 3105 2803 3178 qui
2831 3108 2957 3161 vita:
2990 3119 3046 3161 et
3077 3107 3269 3161 mortis
3302 3104 3472 3160 habes
3512 3102 3746 3174 potesta-

2164 3213 2269 3259 tem
2307 3218 2324 3257 :
2361 3211 2417 3258 et
2444 3201 2623 3256 salvas
2657 3200 2709 3255 in
2749 3209 2991 3271 tempore
3026 3199 3417 3265 tribulationis,
3448 3206 3510 3253 et
3543 3199 3740 3261 liberas

2164 3296 2232 3350 ab
2261 3294 2413 3350 omni
2445 3290 2588 3348 malo
2622 3310 2640 3351 :
2672 3292 2928 3362 quoniam
2964 3292 3087 3361 pius
3114 3300 3170 3345 et
3201 3288 3545 3355 misericors,
3572 3298 3625 3343 et
3654 3289 3744 3343 das

2161 3388 2394 3460 gratiam
2438 3386 2644 3442 sanctis
2686 3384 2816 3451 tuis,
2844 3394 2899 3441 et
2929 3385 2981 3439 in
3018 3382 3247 3439 brachio
3281 3392 3374 3438 tuo
3389 3372 3625 3438 -'resistis
3658 3396 3745 3437 su‘

2163 3479 2348 3550 perbis
2366 3477 2431 3534 “.
2465 3496 2485 3530 ι

2235 3572 2301 3628 Et
2324 3587 2419 3644 per
2443 3570 2734 3628 Jeremiam
2764 3568 3015 3625 Christus
3041 3568 3285 3640 praedicit
3314 3572 3385 3623 εἰ
3421 3568 3538 3641 Ego
3561 3578 3739 3623 autem

2163 3667 2303 3723 sicut
2333 3681 2504 3737 agnus
2538 3665 2821 3728 innocens,
2849 3660 3045 3717 ductus
3086 3660 3152 3714 ad
3194 3662 3612 3728 immolandum,
3643 3675 3741 3714 nou

2164 3758 2555 3826 cognoscebam
2602 3773 2617 3811 :
2662 3756 2790 3826 quia
2834 3755 3215 3826 cogitaverunt
3254 3768 3421 3824 super
3466 3768 3559 3811 me
3598 3752 3739 3821 cogi-

2168 3855 2429 3908 tationem
2476 3850 2699 3916 malam,
2744 3848 2985 3903 dicentes
3038 3864 3055 3903 :
3100 3844 3323 3913 Venite,
3364 3857 3420 3901 et
3467 3848 3746 3902 mittamus

2165 3950 2365 4020 lignum
2409 3946 2462 4000 in
2504 3958 2699 4014 panem
2728 3941 2869 4011 ejus,
2898 3950 2955 3996 et
2987 3941 3279 3995 eradamus
3321 3955 3445 3995 eum
3489 3941 3563 3996 de
3605 3948 3740 3995 terra

2163 4037 2496 4103 viventium;
2544 4044 2600 4090 et
2650 4048 2849 4089 nomen
2902 4032 3019 4103 ejus
3071 4049 3180 4088 non
3237 4043 3577 4089 memoretur
3626 4049 3737 4087 am-

2164 4133 2391 4205 plius“.
2431 4148 2450 4183 ι
2483 4159 2553 4170 --
2586 4148 2604 4180 ι
2643 4127 2873 4199 Lignum
2904 4148 2923 4182 ι
2962 4128 3229 4199 Propheta
3263 4127 3499 4198 appellat
3528 4128 3742 4182 vitalem

2165 4241 2417 4293 crucem;
2459 4244 2477 4279 ι
2522 4239 2738 4295 panem,
2775 4246 2795 4277 ι
2845 4223 3146 4288 Christum,
3178 4222 3254 4277 uti
3298 4222 3362 4276 de
3399 4237 3460 4277 se
3498 4221 3744 4277 Christus

2165 4320 2455 4376 conﬁrmat
2498 4337 2513 4373 :
2568 4337 2587 4371 ι
2640 4318 2753 4388 Ego
2801 4332 2919 4373 sum
2963 4316 3119 4385 panis
3162 4313 3339 4383 vivus,
3366 4314 3458 4385 qui
3502 4314 3576 4371 de
3617 4312 3746 4369 caelo

2166 4412 2419 4470 descendi
2442 4410 2508 4466 “.
2549 4428 2568 4463 ι

484 4500 549 4553 ad
582 4499 790 4570 frugem
822 4500 1079 4570 suscipite
1110 4498 1347 4554 divinam
1381 4499 1720 4566 doctrinam;
1758 4500 1833 4553 ait
1862 4498 2009 4553 enim
2042 4516 2058 4553 :
2093 4502 2140 4563 D
2239 4504 2411 4560 David
2446 4517 2666 4573 quoque
2696 4502 2762 4557 de
2796 4498 3024 4566 insanis,
3053 4506 3109 4554 et
3139 4500 3377 4569 pessimo
3409 4500 3640 4555 consilio
3666 4500 3743 4553 in-

490 4612 509 4645 c
546 4592 613 4647 Et
640 4594 927 4665 disciplina
965 4604 1055 4648 tua
1090 4593 1327 4648 correxit
1359 4607 1443 4648 me
1479 4592 1531 4646 in
1562 4591 1723 4647 linem
1762 4609 1776 4646 :
1814 4602 1870 4647 et
1900 4593 2064 4648 disci-

485 4686 629 4757 plina
664 4697 754 4742 tua
789 4700 877 4741 me
911 4686 1221 4742 docebit'.»
1264 4685 1328 4740 Et
1359 4700 1571 4741 rursum
1609 4682 1750 4739 LXX
1783 4701 1797 4741 :
1830 4704 1848 4737 ι
1889 4685 2063 4740 Disci-

490 4780 635 4851 plina
669 4778 883 4833 Domini
918 4778 1092 4847 aperit
1122 4794 1283 4833 aures
1312 4778 1532 4843 meas”;
1574 4799 1593 4829 ι
1630 4786 1792 4846 atque
1822 4778 2014 4831 iterum
2046 4796 2061 4833 :

490 4893 508 4925 ι
562 4874 847 4941 Castigans
887 4869 1172 4941 castigavit
1215 4884 1298 4923 me
1341 4870 1624 4935 Dominus,
1655 4879 1709 4926 et
1751 4871 1912 4925 morti
1956 4886 2062 4926 non

492 4967 712 5022 tradidit
742 4964 888 5019 me'.
924 4982 943 5015 ι
973 4993 1045 5005 -
1082 4980 1099 5013 ι
1132 4959 1211 5015 Ne
1243 4962 1459 5031 quando
1492 4961 1757 5016 irascatur
1781 4961 2063 5029 Dominus,

484 5070 540 5114 et
572 5060 806 5131 pereatis
840 5060 906 5112 de
938 5057 1019 5110 via
1052 5055 1195 5125 justa
1219 5055 1284 5107 ιο.
1328 5076 1344 5105 ι
1387 5052 1523 5108 lram
1558 5054 1786 5124 appellat
1825 5070 2072 5110 remune-

486 5150 713 5207 rationis
754 5152 940 5217 diem;
983 5149 1161 5219 perire
1188 5149 1252 5202 de
1294 5148 1374 5201 via
1413 5148 1579 5214 justa,
1608 5148 1860 5204 excidere
1899 5159 1983 5204 est
2012 5164 2075 5205 ac
2171 5151 2272 5209 Job
2317 5154 2479 5210 etiam

492 5243 743 5300 frustrari
812 5244 1001 5297 dextra
1066 5240 1265 5309 judicis
1333 5241 1680 5305 assistentia,
1732 5257 1834 5311 qua
1901 5253 2076 5306 sancti

490 5351 677 5393 omnes
712 5351 775 5391 ac
804 5335 943 5407 justi
973 5338 1241 5392 fruentur.
1280 5353 1296 5384 ι
1340 5334 1473 5388 Cum
1520 5338 1785 5391 exarserit
1827 5337 1880 5390 in
1921 5336 2067 5391 brevi

491 5429 569 5483 ira
624 5427 829 5497 ejus“.
884 5447 905 5481 ι
965 5429 1320 5500 Repentinam
1374 5428 1663 5482 vindictam
1715 5444 1777 5485 ac
1828 5430 2063 5486 furorem

551 5592 570 5619 ‘
600 5588 746 5645 Psal.
779 5603 842 5657 ιι,
872 5587 929 5654 7,
957 5586 1014 5644 8.
1091 5590 1111 5623 ³
1143 5590 1306 5647 Joan.
1334 5606 1392 5658 ι,
1426 5589 1517 5655 li,
1553 5589 1639 5653 l5.

481 5662 498 5694 ⁸
527 5662 629 5725 lsa,
662 5676 714 5727 ι,
747 5660 801 5716 5.
880 5662 901 5695 ⁸
930 5659 1076 5718 Psal.
1105 5678 1249 5718 cxvu
1300 5662 1352 5717 8.
1435 5662 1477 5692 ¹⁰
1511 5658 1651 5718 Psal.
1685 5677 1742 5721 tt.
1780 5661 1865 5721 l2.

483 5733 672 5797 lii-22;
706 5732 875 5788 Eccli.
905 5748 966 5798 tt,
1002 5732 1083 5802 l3,
1114 5736 1199 5792 Η.
1236 5748 1241 5753 ’
1279 5734 1321 5766 "
1350 5731 1551 5788 lenem.
1582 5749 1656 5799 XI,
1686 5733 1773 5794 l9,
1804 5732 1895 5787 ‘20.

484 5806 520 5836 ιι
550 5802 654 5861 isa.
682 5817 852 5868 uvu,
882 5804 967 5862 l5.

1717 5588 1738 5623 δ
1771 5589 1913 5645 Psal.
1948 5608 2008 5654 ll,
2046 5594 2131 5648 lO.

1946 5663 1987 5694 “
2022 5665 2148 5719 ibid.
2182 5666 2263 5721 15.
2344 5667 2385 5694 ⁸¹
2420 5664 2607 5720 Matth.
2644 5681 2769 5727 xxv,
2801 5665 2890 5719 42.

1998 5736 2040 5765 ¹⁶
2072 5734 2225 5795 Juan.
2262 5754 2334 5800 vr,
2365 5737 2455 5791 Iri.

2169 4598 2395 4657 structis
2429 4597 2505 4653 ait
2538 4614 2554 4653 :
2596 4614 2615 4649 ‹
2656 4593 2913 4651 Fructum
2946 4610 3139 4653 eorum
3169 4598 3238 4649 de
3272 4602 3415 4649 terra
3453 4596 3666 4665 perdes,
3694 4600 3742 4647 et

2170 4706 2357 4748 semen
2401 4703 2588 4745 eorum
2625 4705 2653 4744 a
2692 4687 2821 4744 (iliis
2854 4687 3135 4743 hominum
3175 4702 3191 4740 :
3221 4687 3478 4757 quoniam
3513 4685 3741 4741 declina-

2166 4789 2363 4837 verunt
2396 4781 2448 4836 in
2497 4790 2549 4836 te
2588 4779 2752 4847 mala,
2786 4781 3163 4851 cogitaverunt
3200 4779 3448 4843 consilia,
3480 4794 3601 4846 quae
3640 4791 3736 4831 non

2167 4882 2462 4944 potuerunt
2490 4874 2732 4930 stabilire
2761 4890 2775 4928 :
2807 4874 3062 4944 quoniam
3094 4887 3261 4942 pones
3285 4887 3377 4928 eos
3407 4872 3657 4935 dorsum;
3690 4868 3739 4921 in

2173 4968 2415 5039 reliquiis
2444 4970 2554 5023 tuis
2585 4967 2920 5039 praeparabis
2947 4965 3147 5019 vultum
3180 4979 3367 5019 eorum
3388 4963 3456 5025 ",
3500 4981 3518 5014 ι
3562 4963 3610 5015 id
3644 4970 3738 5023 est,

2176 5062 2226 5115 in
2268 5076 2534 5132 perennes
2568 5072 2731 5131 atque
2764 5060 3084 5115 interminos
3117 5057 3388 5113 cruciatus
3416 5057 3737 5111 abeuntium.

2535 5171 2549 5209 :
2603 5172 2622 5205 ι
2676 5154 2820 5209 Dens
2869 5153 3063 5223 impios
3106 5166 3213 5206 non
3256 5150 3448 5210 salvat.
3487 5168 3506 5201 ι
3555 5148 3687 5202 LXX
3723 5162 3736 5199 :

2181 5265 2199 5299 ι
2241 5262 2306 5301 eo
2342 5247 2481 5316 quod
2521 5246 2812 5301 noluerunt
2854 5244 2995 5300 scire
3040 5241 3325 5298 Dominum
3348 5241 3413 5297 ".
3451 5259 3471 5294 ι
3522 5232 3688 5297 Isaias
3723 5254 3735 5290 :

2182 5358 2199 5391 ‹
2249 5338 2451 5393 Vanum
2521 5348 2603 5393 est
2664 5336 2949 5392 consilium
3022 5347 3238 5408 patrum
3301 5336 3729 5406 vestrorum".-

2178 5434 2322 5488 ldem
2359 5448 2573 5487 rursum
2609 5450 2623 5485 :
2662 5450 2681 5484 ς
2714 5430 2806 5486 Va
2854 5430 2944 5485 lilii
2977 5430 3305 5497 desertores,
3329 5430 3463 5486 dicit
3497 5430 3736 5484 Dominus

2230 5596 2250 5626 δ
2286 5593 2473 5647 Matth.
2504 5608 2599 5658 vn,
2629 5595 2679 5649 l.
2787 5594 2807 5626 ⁸
2839 5592 2978 5648 Psal.
3012 5608 3073 5654 tt,
3112 5591 3195 5645 19...
3271 5592 3291 5622 '
3320 5591 3462 5647 Psal.
3500 5608 3621 5651 xvn,
3648 5589 3727 5644 56.

2972 5664 3013 5695 ⁸⁸
3043 5663 3185 5717 Paul.
3220 5663 3386 5725 ΝΛΞ.
3465 5661 3507 5694 ⁸⁵
3525 5665 3641 5725 Sap.
3671 5675 3726 5720 ll,

2562 5737 2603 5768 "
2636 5738 2775 5791 Psal.
2810 5752 2899 5804 xx,
2936 5737 3022 5801 ii,
3054 5736 3142 5791 1‘2.
3248 5736 3289 5766 "
3318 5733 3418 5788 Job
3473 5749 3653 5794 xxxvi,
3679 5730 3726 5783 6.
