4004 6206
191 466 195 469 _
275 395 382 460 901
1319 395 1706 459 DIALOGUS
1732 395 2035 458 CONTRA
2067 395 2413 457 'JUDJEOS.
3441 392 3559 457 90?.

279 519 344 565 nt
369 509 622 565 faceretis
649 508 961 575 consilium,
992 518 1047 565 ct
1073 525 1177 565 non
1211 526 1273 565 cx
1307 525 1390 563 me
1421 527 1435 563 :
1468 520 1522 564 et
1551 506 1865 563 ordiremini
1897 507 1946 566 Α
1977 525 1994 557 t
2041 504 2187 559 Muta
2229 508 2358 560 tiant
2403 506 2543 561 labia
2585 505 2790 572 dolosa,
2822 520 2941 576 quat
2973 504 3266 575 loquuntur
3297 504 3555 558 adversus

281 600 472 666 telam,
501 610 556 656 et
591 615 696 654 non
735 593 830 670 per
865 595 1126 671 Spiritum
1163 602 1420 656 meum”.
1461 620 1480 654 ι
1524 599 1818 655 Zarharias
1850 617 1864 654 :
1968 599 2171 668 justum
2205 598 2545 666 iniquitatem
2567 598 2632 652 ³⁸.
2671 616 2688 648 ι
2725 600 2962 652 Rursum
2992 597 3138 651 velut
3168 611 3196 649 a
3229 609 3458 668 corpore
3488 597 3553 651 ad

285 712 304 742 ι
348 688 472 747 "me
502 690 634 746 dicit
666 690 922 746 Dominus
954 708 968 747 :
1002 690 1116 762 Ego
1150 708 1253 746 non
1290 707 1508 764 parcam
1533 692 1673 746 ultra
1707 706 1871 761 super
1971 692 2306 748 ditinitatem
2345 710 2359 747 :
2405 711 2424 744 ‹
2466 690 2764 746 Exsultatio
2796 705 2937 758 mea,
2984 704 3114 746 erue
3145 705 3231 744 tne
3256 704 3288 742 a
3317 688 3556 743 circum-

278 782 594 840 habitantes
649 794 854 839 terram
911 800 928 841 :
981 799 1108 841 ecce
1164 800 1267 855 ego
1322 789 1532 840 tradam
1585 785 1866 854 homines,
1972 785 2224 840 dantibus
2254 784 2430 841 me“.
2465 803 2484 837 ι
2521 785 2585 838 Et
2612 785 2858 839 invectus
2889 783 2941 837 in
2975 782 3315 854 Syuagogam
3351 779 3554 834 Christi

279 890 725 949 unumquemque
774 877 828 930 in
874 891 1035 931 manu
1085 877 1316 947 proximi
1363 877 1470 943 sui,
1512 889 1563 932 et
1609 878 1662 933 in
1705 894 1867 932 manu
1973 891 2107 931 nece
2165 872 2424 931 infament
2481 893 2495 931 :
2559 893 2577 928 ι
2640 875 3056 931 Conl'unduntur
3104 884 3159 929 et
3212 883 3554 930 revertantur

279 969 428 1041 regis
454 969 538 1025 sui
573 988 587 1025 :
621 977 678 1024 et
710 967 999 1025 concident
1027 985 1140 1035 eos,
1170 980 1221 1022 ct
1247 986 1354 1023 non
1383 985 1565 1025 eruam
1604 971 1671 1025 de
1705 986 1868 1026 manu
1973 969 2134 1027 simul
2183 969 2272 1039 qui
2321 980 2572 1039 qumrunt
2612 967 2850 1022 animam
2897 984 3071 1025 meam
3119 986 3134 1024 :
3171 977 3556 1022 convertantur

279 1076 478 1118 eorum
509 1079 523 1117 :
551 1072 606 1118 et
634 1077 856 1132 pascant
890 1077 1019 1119 oves
1051 1062 1339 1118 occisionis
1374 1063 1423 1116 in
1457 1063 1868 1121 Chanaanitide.
1973 1076 2273 1120 retrorsum
2302 1074 2357 1122 et
2386 1075 2742 1122 revereantur
2769 1065 2859 1136 qui
2889 1063 3075 1117 volunt
3107 1062 3237 1117 mihi
3271 1060 3410 1114 inata
3432 1062 3496 1114 ⁸⁵.
3531 1079 3549 1110 ι

284 1153 357 1209 Et
391 1169 670 1210 assumant
705 1155 838 1209 mihi
869 1155 1004 1210 duas
1029 1155 1212 1226 virgas
1246 1175 1260 1212 :
1295 1171 1458 1210 unam
1487 1156 1672 1212 vocavi
1705 1158 1871 1212 Deco-
1971 1159 2029 1215 In
2071 1158 2239 1216 falsos
2283 1175 2500 1231 quoque
2547 1169 2712 1215 testes
2754 1162 2867 1214 [nec
2915 1156 3230 1226 pronuntiat
3276 1174 3290 1210 :
3343 1174 3361 1206 ι
3418 1154 3555 1209 Sur-

280 1262 400 1302 rem
452 1266 466 1302 :
521 1256 575 1303 et
619 1246 846 1302 alteram
895 1250 1084 1303 vocavi
1142 1247 1486 1306 Funiculum.
1534 1251 1600 1305 Et
1651 1264 1868 1321 pascant
1973 1267 2164 1327 gentes
2202 1269 2371 1313 testes
2409 1258 2604 1326 iniqui,
2637 1272 2755 1325 qum
2793 1255 3104 1326 ignorabant
3146 1251 3556 1320 interrogabant

279 1355 436 1396 oves.
470 1340 539 1395 Et
583 1341 826 1396 auferam
877 1350 986 1395 tres
1030 1353 1279 1412 pastores
1321 1345 1371 1399 in
1413 1359 1599 1400 mense
1640 1360 1775 1412 uno;
1817 1355 1872 1400 et
1975 1366 2094 1417 me;
2130 1351 2505 1405 retribuebant
2537 1350 2669 1417 mihi
2706 1348 2971 1416 malapro
3004 1346 3185 1410 bonis,
3211 1344 3550 1398 sterilitatem

288 1436 634 1505 ingravescet
683 1435 865 1490 anima
915 1454 1033 1493 mea
1086 1453 1250 1510 Super
1299 1456 1395 1500 eos
1447 1456 1462 1494 :
1509 1439 1772 1510 siquidem
1815 1449 1871 1495 et.
1974 1443 2173 1499 anima:
2205 1443 2420 1499 meae".
2459 1462 2478 1495 ι
2519 1444 2580 1496 Et
2612 1445 2802 1496 iterum
2847 1459 2860 1494 :
2906 1460 2924 1492 ι
2968 1439 3082 1494 Non
3118 1437 3555 1506 supergaudrant

277 1529 481 1583 animae
507 1543 693 1584 eorum
731 1533 1009 1602 rugiehaut
1035 1548 1198 1600 super
1227 1534 1400 1589 me".
1437 1551 1455 1585 ο
1979 1537 2138 1600 tnihi,
2168 1539 2258 1607 qui
2293 1537 2653 1608 adversantur
2683 1533 2812 1588 mihi
2844 1534 3046 1604 inique,
3076 1531 3167 1601 qui
3207 1531 3438 1595 oderunt
3469 1542 3554 1581 me

860 1623 1089 1680 CAPUT
1128 1624 1286 1680 LVII.
1974 1631 2164 1702 gratis,
2197 1640 2252 1684 et
2288 1637 2534 1683 aunuunt
2574 1627 2745 1682 oculis
2795 1645 2809 1682 :
2859 1625 3114 1694 quoniam
3161 1622 3292 1678 mihi
3335 1620 3550 1690 quidem

277 1711 536 1770 Psalmus
572 1732 662 1772 ut
688 1716 752 1771 de
787 1716 987 1772 Christi
1014 1734 1242 1789 persona
1267 1719 1530 1790 eleganter
1551 1719 1868 1789 explicatur.
1974 1723 2202 1792 pacifice
2244 1718 2624 1792 loquebantur,
2659 1731 2713 1777 et
2753 1721 2802 1776 iu
2846 1717 3316 1794 iracuntliaqdolos
3350 1715 3554 1786 cogita-

361 1805 529 1862 David
571 1826 586 1862 ς
627 1812 651 1859 ‘t
687 1809 1180 1880 Circumdcderunt
1211 1826 1298 1866 nte
1327 1811 1478 1866 vituli
1520 1812 1693 1878 multi,
1728 1814 1865 1867 tattri
1895 1858 1943 1920 Β
1975 1817 2189 1872 bant".
2221 1835 2240 1867 ι
3373 1794 3375 1796 η
3494 1867 3498 1870 .

278 1900 514 1970 pingues
553 1899 881 1956 obsederunt
928 1903 1094 1956 me".
1138 1921 1157 1955 ›
1208 1902 1272 1956 Et
1318 1920 1529 1959 rursum
1584 1924 1598 1959 :
1650 1923 1667 1956 r
1723 1899 1943 1961 Dixit”
2043 1911 2160 1965 lam
2219 1911 2345 1966 illud
2395 1926 2502 1980 quo
2555 1908 2797 1965 referes?
2854 1928 2872 1961 ‹
2929 1905 3256 1962 Considerat
3303 1913 3555 1975 precator

274 1992 548 2062 insipiens
582 1996 636 2048 in
665 1994 829 2049 corde
859 2010 978 2061 suo,
1005 1993 1119 2050 Non
1152 2007 1232 2050 est
1259 1995 1434 2056 Deus:
1475 2002 1709 2067 corrupti
1741 2008 1868 2054 sunt
1971 2004 2198 2075 justum,
2226 2011 2281 2059 et
2307 2004 2498 2074 quaerit
2530 2003 2856 2058 ntortilicare
2883 2015 3004 2055 eum
3035 2019 3048 2054 :
3079 2000 3338 2054 Dominus
3369 2006 3552 2050 autent

271 2097 335 2143 et
373 2087 767 2144 abominabiles
804 2086 931 2144 facti
968 2101 1093 2143 sunt
1136 2090 1188 2144 in
1233 2091 1428 2146 studiis
1468 2092 1581 2147 suis
1622 2108 1638 2147 :
1679 2108 1852 2148 omnes

1977 2113 2084 2156 non
2113 2097 2456 2168 derelinquat
2483 2113 2605 2151 eum
2640 2097 2692 2152 in
2728 2096 2980 2152 manibus
3012 2093 3127 2159 eius
3155 2111 3171 2151 :
3200 2108 3300 2146 nec.
3326 2093 3551 2146 damna-

271 2177 713 2247 declittavcrunt,
749 2181 913 2238 simul
966 2181 1187 2238 inutiles
1236 2185 1362 2238 facti
1415 2195 1573 2253 sunt;
1624 2201 1734 2241 non
1784 2196 1869 2243 est
1972 2192 2052 2250 bit
2079 2205 2229 2261 eum,
2257 2207 2378 2250 cum
2411 2191 2744 2262 iudicabitur
2772 2190 2844 2242 illi
2871 2190 2935 2242 ³⁸.
2973 2208 2990 2240 ι
3034 2186 3299 2241 Caeterum
3339 2185 3451 2238 haec
3485 2182 3554 2236 de

267 2273 373 2342 qui
410 2272 577 2329 faciat
609 2275 834 2340 bonum,
861 2292 967 2331 non
1008 2285 1094 2332 est
1129 2293 1301 2349 usque
1338 2279 1406 2334 ad
1451 2296 1614 2336 unum
1634 2281 1700 2337 ".
1737 2269 1772 2334 ι’
1799 2282 1866 2339 Et
1971 2287 2194 2345 Christo
2233 2303 2250 2344 :
2293 2305 2315 2340 ι
2348 2285 2744 2342 Benediccntes
2777 2283 2827 2338 ei
2869 2281 3258 2340 haereditahunt
3295 2288 3492 2332 terram
3535 2294 3551 2330 :

270 2365 482 2421 iterent
517 2384 535 2424 :
571 2386 590 2421 ι
625 2367 837 2425 Inimici
867 2371 972 2426 mei
1003 2371 1241 2427 animam
1277 2388 1454 2429 meam
1491 2375 1866 2433 eircumdede-
1972 2381 2363 2437 maledicentes
2385 2388 2569 2438 autem
2598 2375 2647 2430 ei
2678 2373 3108 2444 disperihuut”.
3145 2390 3164 2425 ι
3205 2371 3373 2433 Dictis
3404 2370 3555 2426 Isaae

270 2469 411 2518 runt
447 2478 462 2515 :
503 2461 716 2532 adipem
754 2480 910 2520 suum
950 2465 1358 2532 concluseruttt,
1395 2483 1457 2524 os
1492 2483 1680 2524 eorum
1715 2471 1851 2527 locu-

1972 2478 2338 2527 consentanea
2366 2453 2602 2532 locutus
2650 2476 2737 2522 est
2772 2463 3095 2525 David._|lle
3141 2464 3285 2520 enim
3336 2464 3551 2537 prospi-

269 2561 398 2609 tntn
436 2564 521 2610 est
557 2557 890 2627 superbiam.
925 2557 1282 2628 Projieientes
1323 2576 1410 2616 nte
1443 2576 1588 2616 nunc
1625 2561 1864 2619 circum-
1937 2567 2157 2635 ciens,
2201 2545 2345 2636 quod
2374 2579 2463 2625 ,ex
2510 2563 2681 2632 stirpe
2720 2559 2887 2617 Jacob
2930 2561 3264 2628 exspectatio
3313 2560 3551 2628 gentium

273 2646 560 2702 dederunt
594 2663 714 2716 me;
759 2649 945 2706 oculos
981 2666 1109 2706 suos
1146 2651 1454 2709 statuerunt
1488 2654 1764 2712 declinare
1806 2656 1860 2712 in
1967 2648 2227 2718 Christus
2255 2658 2496 2729 oritnrns
2524 2666 2687 2722 esset,
2717 2657 2796 2711 sic
2818 2647 3092 2726 "praescius
3127 2652 3304 2707 aiebat
3335 2670 3349 2708 ξ
3384 2672 3407 2724 ει
3450 2651 3552 2718 Qui

267 2749 507 2796 terram.
536 2742 911 2814 Susceperunt
940 2759 1026 2800 me
1056 2744 1200 2801 sicut
1234 2745 1320 2802 leo
1357 2756 1580 2817 paratus
1617 2750 1684 2806 ad
1724 2766 1864 2820 pra-
1971 2751 2322 2812 maledixerit
2357 2751 2479 2819 tibi,
2505 2750 2581 2806 sit
2614 2732 2706 2805 ille
2744 2749 3065 2806 maledictus
3112 2766 3124 2803 :
3168 2757 3222 2800 et
3254 2747 3345 2816 qui
3387 2747 3556 2803 bene-

269 2834 436 2902 dam,
460 2844 516 2891 et
542 2836 683 2892 sicut
713 2837 925 2893 catulus
960 2838 1131 2897 leonis
1161 2841 1416 2899 habitans
1442 2842 1804 2902 inabditis".
1833 2864 1854 2902 ι
1971 2847 2173 2907 dixerit
2200 2846 2323 2914 tibi,
2349 2839 3208 2920 benedictionibtts‘repteatur‘°.
3240 2859 3259 2893 ι
3292 2839 3359 2893 At
3382 2839 3552 2892 David

270 2926 352 2982 Et
381 2927 545 2998 paulo
581 2939 699 3000 post
738 2946 752 2987 :
792 2948 811 2982 ι
845 2928 1092 2987 Saturati
1129 2943 1258 2988 sunt
1285 2933 1433 3001 ﬁliis,
1460 2946 1515 2990 et
1544 2937 1864 2998 dimiserunt
1968 2949 2159 3000 noster
2195 2957 2212 2995 :
2242 2957 2282 2994 ..σ
2320 2937 2715 3002 Benediceutes
2756 2938 2805 2990 ei
2850 2931 3251 2990 haereditabunt
3292 2940 3490 2986 terram
3533 2971 3551 2996 ,

262 3020 541 3092 reliquias
599 3039 730 3080 suas
797 3024 1036 3096 parvulis
1089 3027 1204 3083 suis
1229 3027 1296 3083 ".
1353 3047 1373 3081 ι
1431 3029 1608 3101 Atque
1656 3031 1784 3089 alibi
1842 3051 1860 3091 :
1969 3010 2362 3091 maledicentes
2409 3040 2597 3088 autem
2650 3029 2702 3085 ei
2750 3024 3177 3100 disperihunt“.
3236 3044 3254 3078 ι
3310 3025 3552 3088 Ottnrttm

271 3129 296 3165 ι
338 3112 688 3185 Aperuernut
716 3130 880 3187 super
916 3133 1002 3173 me
1038 3133 1099 3174 os
1136 3134 1314 3189 suum,
1346 3121 1489 3177 sicut
1522 3122 1606 3180 leo
1635 3126 1862 3196 rapiens
1970 3127 2260 3184 verborum
2299 3125 2418 3181 haec
2454 3121 2726 3182 sententia
2765 3132 2892 3178 est:
2931 3119 3392 3187 Quemadmodum
3437 3129 3551 3173 tum

266 3215 333 3263 et
375 3207 683 3277 rugiens".
719 3227 739 3263 ι
789 3208 935 3267 Idem
981 3226 1047 3267 ex
1087 3211 1248 3277 Pilati
1292 3229 1527 3286 persona
1572 3233 1589 3271 :
1639 3236 1658 3271 ε
1705 3218 1860 3277 0divi
1889 3220 2072 3299 οεοῦ
2113 3235 2178 3277 ex
2210 3214 2380 3295 Iacob
2407 3216 2556 3282 nati,
2592 3229 2866 3271 non-vero
2896 3214 3075 3268 etiam
3114 3227 3178 3268 ex
3219 3208 3385 3276 Esau,
3420 3212 3546 3280 pro-

267 3299 580 3358 Ecclesiam
631 3301 1078 3376 malignantium,
1122 3314 1178 3363 et
1215 3322 1342 3364 cum
1385 3309 1569 3382 impiis
1615 3327 1721 3369 non
1761 3327 1865 3371 se—
1967 3312 2191 3369 missam
2225 3320 2426 3364 terram
2460 3306 2800 3376 occupabant
2837 3320 2852 3360 :
2891 3304 2962 3359 ita
2996 3318 3140 3358 nunc
3170 3317 3385 3372 quoque
3420 3302 3546 3367 soli,

261 3391 437 3449 debo.
472 3392 686 3450 L‘avabo
724 3395 866 3452 inter
923 3405 1183 3457 nocentes
1241 3416 1431 3457 manus
1469 3405 1699 3461 meas".
1733 3424 1752 3460 ο
1796 3407 1862 3463 Et
1967 3404 2059 3475 qui
2099 3403 2322 3461 Christo
2368 3403 2507 3458 bene
2549 3401 2767 3466 volunt,
2792 3398 2997 3468 absque
3040 3396 3107 3452 iis
3147 3396 3238 3463 qui
3280 3396 3417 3449 male
3459 3410 3552 3446 vo-

264 3487 345 3543 de
383 3487 735 3560 pontiﬁcibus
779 3507 796 3546 :
844 3507 864 3543 ι
904 3491 963 3547 In
1005 3506 1235 3563 quorum
1267 3494 1522 3553 manibus
1549 3496 1864 3568 iniquitates
1969 3498 2107 3563 Iunt,
2139 3494 2420 3552 cmlestem
2465 3509 2530 3550 ac
2565 3507 2862 3564 perennem
2911 3488 3330 3560 Ilicrosolyutam
3379 3489 3552 3558 possi-

260 3589 433 3648 sunt,
483 3581 675 3637 dextra
727 3597 922 3640 eorum
985 3585 1186 3656 repleta
1230 3596 1323 3644 est
1376 3591 1776 3650 muneribus".
1837 3613 1841 3648 λ

617 3596 675 3637 ra
727 3597 922 3640 eorum
985 3585 1186 3656 repleta
1230 3596 1323 3644 est
1376 3591 1776 3650 muneribus".
1837 3612 1859 3648 ι
1954 3587 2194 3653 ,όθῑιυιιῑο

261 3675 476 3732 lterum
519 3687 774 3748 tanquam
815 3692 948 3734 voce
982 3680 1165 3736 carnis
1200 3700 1217 3737 :
1265 3700 1285 3736 ι
1327 3681 1406 3743 Ne
1447 3685 1737 3747 tradideris
1777 3701 1865 3755 me
2035 3680 2274 3753 Rursum
2310 3677 2478 3735 David
2523 3693 2539 3733 :
2592 3694 2612 3729 t
2651 3674 2990 3747 Multiplicati
3027 3684 3156 3731 sunt
3191 3674 3281 3743 qui
3322 3674 3553 3728 oderunt

265 3768 328 3825 in
358 3767 578 3826 animas
606 3770 983 3826 tribulantium
1017 3788 1128 3840 me,
1155 3775 1412 3844 quoniam
1447 3776 1863 3835 insurrexerunt
1972 3791 2060 3831 me
2096 3773 2301 3844 inique,
2327 3771 2421 3842 qui
2454 3771 2766 3841 retribuunt
2795 3770 2934 3824 mala
2965 3783 3062 3839 pro
3094 3769 3268 3835 bonis,
3301 3768 3553 3822 detrahe-

261 3863 325 3920 in
364 3879 454 3920 me
482 3874 652 3921 testes
690 3866 860 3938 iniqui
883 3867 948 3923 ”.
988 3885 1006 3919 ι
1056 3867 1125 3924 Et
1159 3869 1226 3925 de
1264 3868 1860 3931 Pharisazisﬂln-istum
1973 3868 2100 3929 bant
2135 3865 2299 3934 mihi,
2333 3866 2588 3938 quoniam
2625 3864 2900 3936 sequebar
2932 3863 3225 3918 bonitatem
3248 3861 3326 3929 “3
3368 3880 3388 3913 ι
3428 3877 3550 3932 quae

259 3969 472 4025 capere
518 3953 841 4012 conantibus
890 3975 904 4013 :
960 3976 979 4010 ε
1021 3957 1122 4028 Qui
1166 3959 1461 4030 loquuntur
1503 3979 1691 4035 pacem
1735 3982 1861 4022 cum
1954 3944 2349 4037 ex'Unigeuiti
2378 3959 2475 4016 Dei
2503 3959 2625 4015 Filii
2654 3973 2886 4035 persona
2909 3956 3063 4014 dicit.
3092 3955 3294 4023 Ibidem
3325 3974 3340 4012 :
3373 3975 3394 4011 ι
3428 3945 3580 4027 Vim'

258 4046 522 4119 proximo
566 4063 690 4118 suo,
721 4048 859 4103 mala
902 4062 1087 4107 autem
1141 4051 1194 4108 itt
1241 4055 1497 4112 cordibus
1538 4073 1750 4114 eorum.
1783 4057 1861 4116 Da
1966 4056 2259 4123 Iaciebant,
2292 4056 2383 4125 qui
2426 4055 2738 4124 quaerebant
2785 4052 3022 4109 animam
3075 4067 3249 4108 meam
3296 4070 3312 4113 ε
3359 4061 3412 4106 et
3455 4051 3548 4121 qui

261 4141 403 4226 illis,
427 4140 677 4207 Domine,
697 4142 993 4200 secundum
1035 4159 1199 4214 opera
1233 4163 1451 4217 eorum;
1482 4158 1538 4205 et
1565 4153 1858 4210 secundum
1962 4151 2315 4222 inquirebant
2358 4147 2500 4204 mala
2537 4146 2726 4212 mihi,
2770 4145 2941 4205 locuti
2989 4154 3120 4204 sunt
3162 4144 3456 4214 vanitates,
3495 4156 3551 4203 et

261 4233 573 4304 nequitiam
597 4235 1040 4295 adinventionum
1065 4241 1305 4312 ipsorum
1331 4260 1347 4300 :
1371 4246 1670 4302 secundum
1694 4263 1859 4318 opera
1972 4245 2125 4303 dolos
2174 4252 2287 4299 tota
2333 4243 2422 4298 die
2463 4241 2881 4298 meditabantur.
2915 4240 3026 4312 Ego
3067 4250 3245 4297 autem
3271 4251 3545 4309 tanquam

268 4343 539 4383 manuum
587 4342 776 4386 eorum
823 4330 1000 4388 tribue
1050 4332 1188 4400 illis,
1233 4335 1396 4392 redde
1444 4338 1855 4396 retributionem
1961 4342 2164 4398 surdus
2196 4354 2304 4394 non
2339 4336 2656 4401 audiebam,
2684 4345 2741 4394 et
2769 4335 2912 4395 sicut
2941 4346 3133 4410 mutus,
3159 4351 3263 4409 non
3296 4335 3548 4406 aperiens

261 4435 464 4479 eorum
515 4421 649 4490 ipsis
705 4437 721 4477 :
773 4423 1028 4494 quoniam
1085 4441 1193 4481 non
1246 4428 1629 4486 intellexerunt
1694 4447 1858 4502 opera
1961 4450 2023 4491 os
2056 4448 2212 4490 suum
2249 4448 2268 4488 :
2301 4430 2563 4495 etfactus
2594 4445 2718 4486 sum
2754 4429 2898 4490 sicut
2943 4430 3108 4486 homo
3151 4416 3547 4496 non‘audiens,

264 4512 508 4579 Domini,
537 4512 673 4569 etin
701 4514 960 4585 operibus
991 4532 1251 4574 manuum
1295 4520 1495 4591 ejus".
1528 4541 1549 4576 ι
1587 4521 1681 4579 Dei
1714 4523 1854 4582 laeta
1961 4539 2018 4583 et
2064 4543 2166 4582 non
2215 4526 2421 4582 habens
2465 4524 2522 4580 in
2558 4537 2660 4579 ore
2709 4537 2807 4577 suo
2851 4522 3264 4593 redargutiones
3286 4523 3353 4580 “.
3401 4541 3419 4575 ν
3465 4525 3548 4579 Ac

261 4614 323 4661 et
347 4619 523 4675 opera
551 4621 835 4674 manuum,
858 4618 1018 4664 vocat
1050 4609 1378 4668 inell'abitrm
1409 4615 1476 4669 ad
1509 4630 1605 4672 nos
1633 4617 1859 4674 descen-
1886 4597 1939 4660 Ῑ)
1967 4622 2097 4679 talia
2147 4619 2366 4689 quidem
2411 4615 2484 4672 de
2543 4614 2759 4673 silentio
2791 4613 3017 4678 Christi
3070 4615 3323 4685 patientis
3376 4613 3546 4670 David

263 4713 418 4762 sum,
448 4707 504 4754 et
543 4699 692 4756 orbis
728 4710 996 4757 terrarum
1033 4703 1266 4760 salutem
1304 4721 1370 4762 ex
1408 4708 1670 4767 immensa
1705 4713 1860 4769 boni-
1965 4713 2223 4787 prodidit.
2249 4709 2404 4768 Nunc
2435 4707 2824 4779 evangelistam
2849 4707 3135 4764 videamus
3173 4727 3187 4763 :
3235 4727 3252 4760 ι
3292 4707 3358 4762 Ει
3386 4707 3545 4766 Iesus

264 4798 382 4847 tate
415 4790 693 4848 collatam.
721 4791 868 4849 Idem
899 4809 1117 4852 rursum
1147 4813 1165 4853 :
1202 4817 1223 4852 ς
1256 4797 1430 4871 Super
1453 4819 1646 4860 omnes
1676 4805 1857 4862 inimi-
1969 4822 2092 4864 cum
2121 4811 2468 4862 accusaretur
2493 4817 2521 4857 a
2547 4800 2888 4873 principibus
2915 4800 3261 4858 sacerdotum
3289 4812 3344 4858 et
3367 4800 3548 4860 senio-

261 4899 365 4942 cos
407 4899 557 4940 meos
595 4882 774 4942 factus
825 4902 946 4944 sum
989 4890 1364 4960 opprobrium,
1395 4904 1447 4949 et
1485 4895 1680 4954 vicinis
1723 4900 1858 4957 meis
1961 4901 2144 4964 ribus,
2178 4896 2313 4954 nihil
2349 4895 2660 4966 respondit;
2699 4903 2760 4950 ut
2800 4895 3091 4949 miraretur
3122 4909 3323 4965 prreses
3357 4897 3528 4952 vehe-

261 4976 446 5040 valde,
466 4985 522 5031 et
550 4977 712 5034 timor
736 4979 884 5035 notis
911 4981 1129 5039 meis“.
1160 5001 1180 5036 ι
1213 4985 1350 5053 Quid
1374 4987 1470 5054 ita,
1495 5003 1528 5042 ο
1549 4987 1857 5061 Propheta?
1964 5001 2198 5048 menter.
2221 4989 2375 5046 Tunc
2402 4987 2537 5043 dicit
2561 4986 2642 5042 illi
2672 4986 2880 5042 Pilatus
2915 5003 2930 5043 :
2964 4985 3094 5043 Mihi
3126 5001 3231 5042 non
3270 4986 3543 5059 loqueris?

270 5087 290 5120 ι
336 5068 604 5135 Quoniam
652 5069 832 5126 audivi
871 5071 1324 5144 vituperationem
1365 5081 1657 5138 multorum
1703 5099 1849 5140 com-
1962 5085 2118 5143 Iesus
2147 5095 2328 5140 autem
2366 5079 2668 5139 tacebat“.
2706 5097 2725 5134 ν
2765 5078 3040 5136 ConsOnat
3073 5079 3348 5135 Davidiet
3375 5079 3539 5136 Isaias

266 5161 599 5216 morantium
653 5161 709 5218 in
757 5163 992 5222 circuitu
1041 5183 1055 5222 :
1106 5167 1161 5223 in
1215 5185 1281 5226 eo
1329 5171 1456 5229 dum
1501 5179 1855 5236 convenirent
1963 5183 2017 5237 in
2066 5180 2204 5236 hane
2251 5176 2577 5234 sententiam
2626 5193 2639 5229 :
2693 5193 2714 5227 ι
2768 5175 2889 5246 Ipse
2936 5183 3154 5245 propter
3194 5172 3537 5234 atllictioucm

267 5254 458 5321 simul,
491 5256 743 5328 accipere
778 5258 1018 5315 animant
1056 5278 1233 5320 meam
1275 5267 1546 5324 coasiliati
1582 5273 1789 5328 sunt".
1825 5290 1846 5326 ι
1961 5285 2066 5327 non
2104 5269 2277 5340 aperit
2307 5281 2367 5322 os
2403 5281 2582 5322 suum.
2611 5263 2765 5322 Sicut
2795 5265 2912 5321 ovis
2943 5265 3009 5321 ad
3043 5264 3314 5322 victimam
3347 5265 3541 5322 ductus

342 5345 460 5402 lam
494 5347 747 5416 injustam
775 5349 980 5406 Christi
1010 5369 1218 5419 necem,
1244 5367 1299 5412 et
1324 5358 1372 5413 ei
1404 5356 1604 5416 frustra
1633 5376 1854 5434 compa-
1959 5371 2062 5425 est,
2091 5373 2144 5416 et
2178 5360 2322 5416 sicut
2352 5373 2522 5430 agnus
2562 5373 2743 5413 coram
2784 5357 3038 5413 tondente
3072 5369 3248 5412 mutus
3269 5398 3284 5421 ,
3313 5359 3391 5412 sic
3432 5374 3536 5413 non

267 5449 445 5497 ratam
483 5440 727 5498 fraudem
763 5445 1127 5515 prospiciens,
1169 5449 1360 5505 scribit
1394 5450 1447 5505 in
1487 5451 1602 5507 haec
1639 5453 1800 5508 verba
1836 5473 1852 5511 :
1961 5457 2134 5528 aperit
2175 5454 2322 5512 es“.
2359 5472 2376 5505 ι
2426 5452 2570 5508 Idem
2620 5466 2833 5506 rursum
2880 5466 2943 5506 cx
2984 5465 3214 5521 persona
3257 5450 3434 5507 Patris
3472 5453 3541 5509 de

339 5656 390 5730 ξ’
419 5656 525 5730 Isa.
557 5669 686 5730 xxx,
711 5654 766 5730 l.
830 5655 1147 5730 νικῴη.
1174 5671 1260 5730 xt,
1284 5655 1401 5730 618.
1479 5659 1525 5693 “
1553 5658 1692 5718 Psal.
1723 5675 1841 5730 xm,
1872 5662 1924 5717 l.
2001 5660 2046 5692 “
2081 5661 2211 5718 ibid.
2258 5680 2319 5726 tt,
2351 5663 2439 5720 I5.
2548 5663 2594 5696 “
2626 5661 2769 5719 Psal.
2794 5678 2915 5730 xvi,
2947 5663 3101 5720 9-12.
3207 5664 3251 5696 "
3280 5663 3410 5718 ibid.
3445 5667 3532 5721 H-

268 5727 485 5802 ispal.
513 5740 633 5802 sat,
665 5725 748 5802 Id.
827 5727 883 5802 '_’_
903 5727 1046 5802 εδει.
1073 5743 1200 5793 xxv,
1230 5726 1372 5802 5,76.
1442 5731 1496 5802 _"
1527 5731 1656 5788 ibid.
1693 5731 1779 5790 10.
1827 5725 1837 5730 ⁷

1952 5731 2083 5788 Psal.
2121 5749 2182 5798 Il,
2220 5735 2272 5800 6,
2304 5725 2394 5791 ll.
2472 5734 2516 5767 ”
2545 5732 2692 5790 Psal.
2726 5725 2978 5802 xxvn,'2,
3009 5735 3064 5790 4.
3141 5734 3181 5767 ³⁸
3216 5734 3360 5791 Psal.
3395 5753 3533 5791 xxx.

271 5797 375 5872 i772.
434 5799 479 5872 ‘_'
511 5798 644 5852 ibid.
675 5797 808 5872 ΜείΔ
839 5797 1056 5872 “J’sal.
1085 5816 1217 5864 xxx.
1246 5801 1335 5855 I9.
1412 5800 1458 5835 “
1490 5802 1632 5859 Psal.
1669 5804 1852 5870 XXXl,l

1992 5803 2037 5836 ³³
2068 5797 2210 5862 Psal.
2261 5797 2450 5872 xxxiv,
2476 5806 2531 5862 5.
2633 5807 2698 5862 ³ο.
2732 5797 2988 5863 ibim”.
3093 5807 3135 5840 οτ
3164 5807 3290 5860 ibid.
3329 5807 3413 5871 t9,
3441 5809 3529 5861 eo.

273 5871 320 5947 ff
349 5869 494 5947 lfsal.
519 5885 714 5947 _x_xxvt_,
746 5868 837 5947 52,
987 5871 1078 5947 __"
1111 5872 1242 5927 ibid.
1273 5872 1364 5947 ἓξ.
1425 5871 1486 5947 νδᾲο
1519 5872 1654 5947 Gen.
1685 5868 1854 5942 κενὴ,

1947 5885 1971 5931 ι.
2073 5876 2115 5908 ⁸³
2150 5874 2294 5932 Psal.
2356 5868 2544 5947 xxxi",
2591 5876 2682 5934 22.
2787 5877 2832 5911 δ’
2863 5876 3006 5936 Psal.
3061 5894 3268 5942 xxxv",
3320 5868 3410 5938 2|,
3443 5881 3528 5933 2‘2.

270 5941 320 5976 ⁸³
347 5942 477 6000 ibid.
512 5941 600 6011 l3,
641 5943 724 5998 14.
801 5942 848 5974 δ’
877 5941 1064 5999 Matth.
1099 5957 1263 6012 xxvtt,
1296 5945 1384 6018 12,
1414 5945 1508 6017 Il;
1543 5945 1708 6006 Marc.
1743 5941 1845 6016 xv,

830 5944 848 5974 ‘
877 5941 1064 5999 Matth.
1099 5957 1263 6012 xxvtt,
1296 5945 1384 6018 12,
1414 5945 1508 6017 Il;
1543 5945 1708 6006 Marc.
1743 5941 1920 6016 ινίί.
1995 5949 2040 5983 ⁸⁵
2065 5949 2322 6025 Isaura”.
2352 5947 2402 6005 7.
