4004 6206
504 319 611 381 903

510 427 851 484 immaculata
893 427 1145 496 passione
1184 425 1302 491 ejus
1343 444 1357 479 ε

516 537 690 585 meus,
721 530 776 574 et
815 519 1166 584 exaltabitur,
1194 527 1248 572 et
1291 518 1680 587 glorificabitur
1725 516 1897 570 valde.
1937 515 2088 569 Sicut

517 617 813 683 stupebuut
842 628 1007 680 super
1035 620 1086 665 te
1117 611 1300 677 multi;
1329 612 1408 666 sic
1436 611 1663 680 ingloria
1693 611 1795 664 erit
1825 611 1890 665 ab
1917 610 2090 663 homi-

511 709 668 760 nibus
708 705 913 774 species
958 716 1076 768 tua,
1113 711 1166 757 et
1207 703 1375 771 gloria
1422 716 1509 755 tua
1550 718 1578 755 a
1615 701 1740 756 filiis
1783 701 2084 756 hominum.

510 799 600 853 Sic
640 796 978 852 mirabuntur
1011 805 1195 867 gentes
1233 797 1412 850 multae
1447 812 1608 866 super
1638 811 1726 860 eo,
1758 805 1813 851 et
1844 797 2088 850 contine-

511 891 643 944 bunt
673 904 822 960 reges
849 905 909 942 os
941 904 1095 943 suum
1134 907 1148 943 :
1180 890 1304 958 quia
1335 889 1529 959 quibus
1558 905 1661 942 non
1689 899 1771 942 est
1800 886 2085 940 annuntia-

511 992 621 1034 tttm
657 981 720 1033 de
751 996 835 1043 eo,
866 981 1159 1046 videbunt;
1199 990 1252 1034 et
1284 982 1374 1047 qui
1413 995 1515 1035 u0n
1550 981 1856 1043 audierunt,
1888 979 2086 1034 intelli-

506 1071 721 1140 gent“.
755 1091 772 1125 ι
809 1073 875 1127 Ει
904 1073 1007 1126 alio
1037 1071 1155 1128 loco
1185 1092 1199 1128 ι
1236 1092 1254 1126 t
1288 1075 1546 1129 Dominus
1575 1076 1663 1128 dat
1685 1074 1816 1128 mihi
1843 1074 2080 1143 linguam

510 1164 825 1234 disciplinae,
853 1176 908 1219 ut
934 1165 1098 1219 sciam
1128 1167 1340 1233 quando
1365 1173 1610 1234 oporteat
1639 1165 1782 1235 loqui
1812 1168 2031 1219 verbum
2065 1182 2081 1219 :

510 1256 716 1311 addidit
761 1257 894 1310 mihi
946 1271 1134 1310 aurem
1187 1258 1254 1311 ad
1303 1256 1654 1322 audiendum,
1692 1268 1745 1310 et
1791 1255 2080 1325 disciplina

509 1347 718 1402 Domini
756 1348 928 1418 aperit
961 1365 1118 1404 aures
1154 1364 1306 1404 meas
1339 1365 1353 1404 :
1392 1364 1491 1420 ego
1525 1359 1706 1404 autem
1741 1365 1843 1405 non
1883 1365 2078 1416 renuo,

508 1444 683 1510 neque
725 1441 1058 1496 coutradico.
1091 1441 1320 1497 Dorsum
1368 1458 1545 1496 meum
1581 1443 1704 1498 dedi
1745 1444 1812 1497 ad
1847 1443 2076 1512 ﬂagella,

502 1543 560 1587 et
605 1547 769 1603 genas
815 1550 963 1591 meas
1007 1537 1073 1590 ad
1114 1536 1297 1606 alapas
1343 1555 1358 1592 :
1406 1547 1458 1591 et
1501 1537 1692 1592 faciem
1745 1553 1919 1592 meam
1971 1554 2078 1594 non

505 1628 676 1682 averti
723 1645 749 1681 a
800 1629 1114 1685 confusione
1159 1631 1529 1701 sputorum".
1577 1651 1597 1684 ι
1661 1631 1830 1686 David
1879 1647 2008 1687 vero
2057 1649 2073 1688 :

510 1738 528 1770 ι
575 1722 730 1774 Aruit
775 1731 1026 1791 tanquam
1071 1734 1205 1778 testa
1255 1724 1424 1779 virtus
1467 1740 1606 1788 mea,
1640 1735 1692 1778 et
1733 1723 1910 1795 lingua
1956 1740 2074 1780 mea

511 1816 734 1870 adbmsit
773 1816 1017 1871 faucibus
1055 1819 1218 1886 meis;
1256 1827 1309 1872 et
1344 1818 1396 1873 in
1437 1821 1706 1888 pulverem
1753 1819 1944 1875 mortis
1985 1821 2076 1876 de-

508 1908 710 1961 duxisti
741 1925 825 1962 tne
843 1909 907 1962 ⁸⁵⁸.
945 1928 962 1959 ι
995 1909 1135 1963 ldetn
1167 1911 1309 1965 velut
1335 1929 1363 1964 a
1391 1927 1618 1979 corpore
1645 1914 1708 1966 ad
1738 1914 2075 1969 divinitatem

508 2001 809 2067 copulatam
851 2021 866 2056 ε
907 2021 925 2052 ι
963 2001 1101 2056 Erue
1133 2023 1160 2056 a
1196 2002 1843 2068 framea,Deus,animam
1879 2024 2077 2077 meam,

503 2103 558 2144 et
595 2093 660 2146 de
705 2107 866 2146 manu
916 2095 1067 2147 canis
1104 2098 1318 2148 unicam
1364 2098 1626 2151 meatu“.
1668 2117 1688 2150 ι
1739 2097 1802 2152 Ει
1847 2098 2015 2157 lsaias
2059 2119 2075 2159 :

509 2201 528 2234 ι
576 2183 745 2237 llomo
785 2185 836 2238 in
882 2184 1033 2255 plaga
1076 2191 1304 2255 positus.
1335 2198 1388 2241 et
1422 2191 1600 2244 sciens
1645 2189 2010 2249 infirmitatem
2057 2213 2072 2251 :

503 2274 632 2343 quia
670 2290 857 2328 aversa
893 2289 974 2330 est
1010 2279 1177 2332 facies
1211 2279 1348 2348 ejus,
1379 2282 1649 2348 despecta.
1674 2291 1729 2337 et
1765 2299 1868 2338 non
1911 2300 2076 2356 repu-

504 2380 638 2421 tata.
671 2369 778 2421 Iste
806 2380 1030 2436 peccata
1063 2380 1244 2425 nostra
1278 2381 1475 2440 portat,
1501 2383 1557 2429 et
1583 2389 1681 2442 pro
1710 2378 1867 2430 nobis
1892 2378 2032 2432 dolet
2058 2399 2073 2436 :

502 2477 557 2516 et
591 2478 690 2517 nos
720 2466 1086 2533 reputavimus
1119 2480 1241 2518 eum
1275 2481 1394 2521 esse
1427 2468 1480 2520 in
1518 2470 1725 2535 labore,
1752 2479 1806 2525 et
1834 2470 1885 2525 in
1924 2471 2075 2543 plaga

503 2572 532 2608 ιι
580 2554 706 2621 Deo,
733 2567 786 2610 et
826 2557 876 2609 in
919 2555 1228 2612 alliicdoue.
1261 2555 1383 2629 ipse
1423 2566 1601 2614 autem
1636 2562 1948 2618 vulneratus
1989 2576 2075 2621 est

502 2657 722 2718 propter
770 2659 986 2717 peccata
1036 2659 1241 2716 n0stra,
1269 2661 1324 2707 et
1371 2651 1678 2708 intirmatus
1724 2663 1808 2709 est
1855 2667 2074 2725 preptcr

506 2740 824 2809 iniquitates
881 2750 1116 2796 nostras.
1170 2740 1365 2799 Livore
1420 2743 1539 2815 ejus
1600 2760 1700 2800 nos
1753 2748 1928 2802 sanati
1984 2764 2078 2803 su-

503 2834 708 2888 mus“.
743 2853 763 2885 ι
801 2835 966 2889 Amos
993 2836 1254 2903 propheta
1282 2836 1411 2892 dicit
1441 2855 1456 2894 :
1495 2856 1513 2890 ι
1555 2837 1662 2894 Pro
1694 2850 1918 2908 argento
1947 2855 2078 2895 ven-

505 2927 754 2981 diderunt
779 2927 983 2995 justum
1005 2929 1074 2981 ".
1108 2947 1126 2980 ι
1163 2927 1454 2986 Zacharias
1479 2946 1543 2985 ex
1574 2946 1803 2999 persona
1829 2933 2028 2988 Christi
2056 2950 2072 2989 :

509 3038 530 3070 ι
583 3019 968 3088 Appenderuut
1016 3024 1316 3076 mercedem
1377 3037 1548 3076 meam
1607 3023 1825 3095 triginta
1880 3039 2075 3093 argen-

1663 309 2079 375 ANDRONICI
2109 309 2444 370 COMNENI

1407 445 1424 476 ι
1472 424 1609 479 Ecce
1651 425 1916 494 intelliget
1953 439 2086 493 puer
2114 429 2157 485 Α
2188 431 2366 482 esset;
2407 414 2726 486 pmuiteutia
2767 414 2960 469 ductus
2999 415 3181 468 retulit
3217 415 3432 485 triginta
3471 429 3744 484 argenteos

3645 305 3740 369 901i

2194 509 2531 582 principibus
2561 509 2906 561 sacerdotum
2937 518 2990 560 et
3018 508 3346 572 senioribus,
3371 509 3557 566 dicens
3587 528 3600 563 :
3628 511 3748 567 Pec-

2194 604 2336 667 cavi,
2375 601 2595 656 tradens
2631 602 2949 669 sanguinem
2979 599 3185 667 justum
3224 620 3237 656 :
3272 613 3324 655 et
3351 605 3536 658 abiens
3570 606 3749 676 laqueo

2188 710 2250 750 33
2288 693 2645 762 suspendit".
2686 711 2704 744 ι
2748 695 2876 760 Quae
2918 695 3097 747 omnia
3135 695 3397 765 Propheta
3442 697 3595 769 lange
3635 713 3747 755 ante

2189 788 2519 859 praesagiens
2570 787 2718 841 addit
2771 803 2786 842 :
2848 806 2866 838 ι
2929 785 3086 841 Fiant
3131 789 3247 844 dies
3299 791 3414 858 ejus
3464 787 3654 859 pauci,
3699 806 3748 849 et

2187 883 2551 957 cpiscOpatum
2598 880 2716 951 ejus
2760 882 2990 951 accipiat
3026 881 3158 936 alter
3179 883 3246 936 ⁸⁸.
3289 901 3306 934 ι
3353 883 3495 937 Cur?
3551 903 3568 936 ι
3622 885 3748 951 Quia

2186 986 2502 1043 persecutus
2546 986 2629 1029 est
2673 974 2943 1028 hominem
2990 975 3226 1043 inapem,
3258 983 3312 1030 et
3352 977 3673 1042 mendicum,
3704 990 3750 1032 ct

2185 1078 2566 1136 compunctum
2626 1069 2786 1121 corde
2843 1067 3171 1122 tnortiticare
3194 1067 3261 1122 ⁸⁸.
3327 1086 3346 1121 ι
3409 1068 3551 1126 Vere
3615 1075 3748 1128 enim

2187 1163 2343 1232 inops
2372 1170 2455 1217 est
2479 1161 2738 1216 Dominus
2769 1174 2952 1218 noster
2976 1163 3135 1220 Jcsus
3165 1165 3418 1226 Christus
3449 1185 3466 1224 :
3500 1184 3623 1222 nam
3656 1171 3745 1222 nisi

2193 1255 2510 1324 temperiem
2555 1265 2796 1308 nostram
2844 1256 2961 1326 (seu
3005 1272 3200 1325 corpus
3238 1259 3748 1321 nostruzni‘meudi-

2185 1360 2362 1403 casset
2381 1389 2396 1415 ,
2425 1364 2699 1416 nunquam
2728 1364 2829 1404 nos
2862 1347 2977 1416 ejus
3005 1351 3284 1406 divinitate
3309 1352 3463 1406 ditati
3501 1367 3745 1409 essemus.

2198 1441 2382 1508 Quare
2409 1457 2530 1496 cum
2562 1442 2806 1512 proditor
2829 1443 3112 1501 divinitate
3142 1446 3322 1515 augeri
3354 1450 3747 1514 contempserit,

2174 1534 2296 1605 jure
2333 1538 2385 1590 in
2427 1551 2549 1590 eum
2599 1532 2762 1588 infert
2794 1534 3061 1602 Propheta
3103 1553 3120 1591 :
3163 1556 3184 1589 σ
3223 1538 3286 1591 Et
3316 1538 3506 1593 dilexit
3539 1542 3748 1594 maledi-

2177 1630 2438 1693 ctionem,
2463 1638 2518 1685 et
2557 1628 2736 1683 veniet
2776 1629 2825 1684 ci
2866 1647 2880 1683 :
2923 1641 2979 1683 et
3016 1629 3190 1686 noluit
3225 1631 3677 1698 benedictionem,
3703 1646 3749 1688 et

2164 1721 2523 1792 .elongabitur
2561 1723 2627 1778 ab
2669 1737 2734 1777 eo
2755 1723 2823 1778 ⁶².
2864 1742 2884 1776 ι
2938 1723 3014 1778 Ita
3064 1737 3163 1777 suo
3209 1740 3429 1778 munere
3478 1726 3751 1782 abdicatus

2185 1822 2290 1882 est,
2315 1829 2488 1885 eoque
2512 1816 2782 1881 abdicato,
2803 1815 3065 1872 suﬂ‘ectus
3089 1816 3365 1882 Matthias,
3389 1819 3748 1889 apostolorum

2180 1916 2382 1961 cretum
2415 1907 2650 1976 explevit
2668 1908 2737 1962 “.
2768 1907 3074 1964 Salomonis
3105 1925 3321 1979 quoque
3353 1911 3467 1964 haec
3495 1912 3562 1966 de
3593 1928 3652 1965 (0
3680 1923 3752 1966 est

2181 2002 2452 2053 sententia
2487 2017 2501 2053 :
2546 2018 2564 2052 r
2606 1999 2702 2054 Vir
2733 2000 2995 2070 insipiens
3032 2001 3142 2072 (τιὸ)
3179 2015 3232 2056 et
3263 2002 3490 2072 iniquus
3523 2004 3750 2058 ambulat

2181 2094 2298 2148 vias
2350 2108 2456 2147 non
2508 2093 2677 2148 bonas
2733 2111 2748 2147 :
2804 2094 2982 2148 innuit
3023 2095 3220 2158 oculis,
3257 2094 3534 2162 significat
3580 2111 3748 2152 autem

2183 2187 2352 2254 pede,
2406 2185 2563 2240 dot-et
2622 2185 2841 2239 nutibus
2904 2187 3216 2255 digitorum.
3277 2187 3606 2246 Perversum
3664 2207 3748 2244 cor

2179 2276 2481 2331 fabricatur
2516 2279 2677 2332 mala.
2712 2277 2816 2332 Per
2849 2281 3073 2335 vitiosas
3111 2281 3245 2342 vias,
3278 2284 3578 2350 proditoris
3614 2295 3748 2339 nutat

2178 2371 2451 2442 ingenium
2477 2389 2491 2436 ;
2531 2387 2625 2441 per
2654 2371 2934 2426 oculorum
2965 2382 3177 2437 nutum,
3206 2375 3270 2429 ad
3301 2376 3588 2444 pontiﬁces
3615 2378 3748 2432 defe-

2179 2470 2415 2520 ctionetu
2463 2475 2517 2518 et
2557 2465 3050 2531 conspirationem;
3095 2480 3189 2534 per
3227 2468 3436 2536 pedem,
3472 2469 3748 2536 proditoris

2178 2557 2546 2622 celeritatem;
2592 2573 2690 2628 per
2731 2557 2879 2628 digiti
2925 2557 3292 2622 micationem,
3325 2560 3599 2616 occultam
3641 2562 3748 2632 ejus

2178 2651 2468 2704 vafritiem.
2517 2649 2704 2718 Neque
2760 2665 2885 2704 vero
2943 2650 3029 2706 his
3090 2662 3381 2707 contentus
3438 2667 3746 2719 veterator,

2180 2745 2344 2798 etiam
2381 2743 2732 2798 fraudulento
2772 2742 2958 2796 osculo
3001 2743 3192 2799 herum
3235 2745 3497 2816 prodidit,
3534 2755 3748 2802 testatus

2175 2835 2395 2899 Iudaeis.
2425 2839 2511 2892 cui
2543 2838 2789 2891 suavium
2823 2839 2999 2900 daret,
3027 2852 3147 2890 eum
3183 2851 3327 2901 esse,
3357 2839 3748 2906 preltendcrcnt

2180 2929 2450 2983 hominem
2471 2929 2537 2982 ⁸³.
2575 2948 2593 2981 ι
2633 2927 2730 2982 llis
2763 2943 2887 2983 vero
2922 2927 3156 2997 Sapiens
3191 2929 3303 2984 haec
3337 2929 3561 2998 subjicit
3592 2948 3605 2984 :
3646 2948 3664 2982 ι
3697 2927 3747 2986 in

2177 3023 2326 3077 omni
2364 3033 2624 3099 tempore,
2651 3023 2744 3092 qui
2780 3020 2904 3076 talis
2939 3031 3042 3087 est,
3074 3021 3410 3076 turbationes
3445 3021 3605 3076 affert
3627 3023 3749 3076 civi-

501 3122 618 3167 teos
635 3113 702 3166 ".
738 3132 758 3165 ι
797 3111 859 3166 Ει
900 3111 1158 3168 Jcremias
1200 3113 1489 3185 (referente
1512 3126 1697 3170 sancto
1737 3114 2010 3188 Matthreo)
2049 3124 2134 3186 :C
2168 3115 2288 3169 tati.
2339 3135 2357 3168 ι
2396 3113 2538 3171 Vere
2567 3117 2711 3170 enim
2756 3116 3017 3184 insignem
3059 3115 3338 3169 tumultum
3369 3131 3432 3168 ac.
3462 3117 3746 3186 perniciem

509 3226 528 3258 ι
587 3208 927 3274 Acceperunt
983 3205 1202 3276 triginta
1247 3218 1561 3278 argenteos,
1599 3209 1832 3276 pretium
1879 3224 2074 3280 appre-

502 3301 657 3364 tiuti,
690 3314 847 3366 quem
885 3299 1326 3368 appretiaverunt
1360 3316 1388 3354 a
1424 3301 1546 3356 libis
1578 3301 1742 3356 Israel
1781 3320 1796 3358 :
1835 3312 1887 3358 et
1916 3304 2078 3357 dede-

501 3403 624 3446 runt
675 3406 772 3446 eos
827 3394 879 3444 in
939 3406 1125 3458 agrum
1178 3391 1359 3461 figuli,
1415 3393 1557 3447 sicut
1610 3392 1889 3447 constituit
1945 3395 2074 3449 mihi

502 3483 841 3538 Dominus".
883 3503 901 3535 ι
948 3482 1120 3538 David
1168 3484 1234 3540 de
1277 3485 1555 3553 proditore
1600 3502 1614 3540 :
1670 3505 1687 3537 ι
1737 3486 1836 3552 Qui
1883 3488 2077 3543 edebat

502 3593 692 3646 panes,
721 3578 1086 3649 magniticavit
1119 3593 1281 3647 super
1312 3593 1395 3633 me
1429 3579 1927 3648 supplantationem
1947 3580 2013 3636 “.
2049 3598 2066 3633 ι

499 3668 567 3725 Et
608 3669 773 3726 lsaias
815 3687 831 3725 :
885 3689 903 3723 r
953 3669 1046 3725 Va:
1091 3671 1275 3741 iniquo
1317 3688 1331 3726 :
1380 3672 1519 3724 tuala
1566 3672 1862 3726 secundum
1909 3689 2073 3740 opera

504 3780 760 3819 manuum
809 3766 923 3835 cjus
968 3764 1217 3819 accident
1259 3763 1390 3818 ei".
1432 3783 1449 3816 ι
1485 3761 1564 3818 .Et
1609 3763 1771 3818 David
1817 3765 2007 3820 iterum
2055 3782 2072 3821 :

510 3874 530 3907 ι
579 3855 721 3909 Dixit
749 3855 981 3923 injustus
1009 3867 1061 3908 ut
1089 3853 1368 3922 delinquat
1397 3852 1451 3907 in
1482 3853 1773 3922 semetipso
1805 3871 1818 3907 :
1854 3870 1958 3908 non
1993 3866 2076 3910 est

503 3949 666 4002 timor
693 3948 786 4003 Dei
817 3959 942 4001 ante
973 3947 1160 4001 oculos
1192 3946 1307 4012 eius
1326 3945 1395 3999 ⁸⁸.
1431 3963 1452 3997 ι
1487 3943 1843 4010 Quamobrem
1874 3947 2069 4002 Vates:

503 4059 524 4092 ι
565 4041 828 4107 Quoniam
870 4040 1056 4096 dolose
1090 4037 1200 4108 egit
1235 4039 1290 4092 in
1329 4047 1621 4105 conspectu
1664 4036 1801 4106 ejus,
1829 4048 1885 4092 ut
1922 4040 2072 4094 iuveo

500 4135 683 4188 uiatur
729 4133 988 4201 iniquitas
1015 4130 1134 4202 ejus
1161 4131 1227 4184 ad
1256 4129 1435 4184 odium
1453 4130 1520 4182 ⁸⁷.
1553 4149 1572 4181 ι
1611 4131 1750 4184 Sane
1780 4132 1929 4186 dolos
1956 4147 2071 4185 ver-

496 4228 657 4291 savit,
696 4235 883 4278 contra
926 4236 1033 4278 tam
1076 4233 1320 4278 sanctam
1363 4222 1754 4276 institutionem
1793 4231 1847 4275 ct
1876 4224 2075 4276 doctri-
2114 4249 2116 4251 ν

502 4336 664 4382 naut,
694 4329 748 4371 et
793 4319 974 4371 odium
1030 4316 1276 4371 exercuit
1322 4315 1376 4369 in
1425 4315 1650 4368 virtutes
1694 4324 1748 4369 ct
1792 4316 2068 4370 miracula.

498 4411 706 4464 Invenit
757 4408 1130 4479 iniquitatem;
1175 4407 1384 4463 scilicet
1427 4407 1700 4477 ingenium
1751 4423 1972 4463 avarum
2017 4417 2072 4463 et

501 4500 933 4566 sanguinarium.
983 4497 1165 4566 Quare
1217 4497 1412 4551 merito
1461 4497 1790 4565 imprecatur
1837 4497 1884 4551 ei
1939 4496 2069 4552 Pro-

502 4592 661 4660 pheta
699 4608 712 4643 :
756 4607 773 4640 r
814 4588 1094 4643 Coustitue
1128 4601 1291 4656 super
1321 4600 1440 4640 eum
1479 4592 1842 4653 peccatorem,
1873 4597 1927 4639 ct
1956 4587 2070 4639 dia-

503 4682 657 4736 bolus
696 4693 801 4736 stet
844 4697 870 4732 ιι
920 4679 1126 4734 dextris
1164 4677 1319 4748 ejus:
1365 4695 1383 4727 ι
1424 4675 1856 4745 quandoquidem
1894 4689 2072 4731 astare

505 4773 779 4828 Servatori
813 4773 877 4825 ad
913 4771 1163 4826 dextram
1197 4771 1332 4824 odit.
1372 4789 1390 4822 ι
1431 4767 1562 4822 Cum
1593 4767 1886 4838 judicatur,
1915 4779 2072 4822 exeat

499 4864 910 4930 cotidentuatus,
957 4883 976 4917 ι
1027 4863 1459 4934 quandoquidem
1511 4862 1564 4915 in
1609 4859 1829 4916 ferendo
1868 4861 2072 4932 judicio

503 4975 820 5016 consessum
851 4973 1048 5014 exosus
1079 4969 1183 5025 est,
1211 4974 1326 5013 eam
1363 4958 1434 5013 ob
1471 4974 1580 5012 rem
1613 4956 1883 5027 judicatus
1915 4956 2073 5012 abeat

506 5057 811 5111 damnatus.
847 5076 867 5109 ι
916 5055 982 5111 Et
1025 5057 1200 5111 oratio
1245 5055 1364 5124 ejus
1413 5055 1501 5109 iiut
1540 5055 1595 5109 in
1642 5063 1920 5124 peccatum
1940 5054 2007 5116 ”,
2043 5073 2063 5105 ι

511 5163 703 5219 preces
732 5149 966 5219 appellat
991 5149 1430 5218 intempestivam
1466 5148 1753 5217 proditoris
1785 5146 2072 5217 paenitudi-

506 5257 651 5305 nrm,
679 5253 735 5294 ut
766 5251 849 5296 est
877 5241 1014 5312 apud
1065 5240 1447 5308 evangelistam
1483 5239 1786 5294 Mattbaeum
1820 5256 1834 5293 :
1869 5256 1888 5288 ι
1923 5234 2075 5290 Tunc

503 5334 692 5388 videns
737 5332 936 5400 ludas,
982 5333 1076 5403 qui
1125 5347 1245 5386 eum
1297 5331 1557 5396 tradidit,
1600 5330 1742 5401 quod
1791 5330 2075 5382 damnatus

581 5451 626 5482 “
658 5449 758 5504 lsa.
790 5467 884 5515 LII,
916 5449 1100 5506 15-15.
1176 5451 1217 5483 ιτ
1251 5451 1352 5504 ls:t.
1381 5466 1431 5510 ι..
1460 5447 1578 5503 4ο6.

505 5523 551 5556 ⁸³
582 5519 808 5574 Zachar.
842 5539 914 5586 XI,
948 5522 1032 5576 1‘2.
1108 5521 1154 5551 "
1188 5521 1378 5574 Matth.
1414 5535 1581 5584 xxvn,
1612 5519 1666 5573 9.

505 5592 551 5625 ⁸⁸
581 5594 722 5646 Psal.
751 5606 901 5650 cvm.
930 5593 982 5655 6,
1012 5591 1064 5648 7.
1141 5593 1184 5625 ⁵³
1215 5593 1403 5646 Matth.
1434 5606 1602 5656 xxv",
1651 5590 1768 5645 3-5.

505 5663 552 5695 “
581 5663 740 5717 Prov.
770 5677 844 5726 Vl,
878 5662 964 5727 12,
997 5663 1085 5718 13.
1159 5663 1203 5695 ⁸⁸
1233 5661 1363 5717 ibid.
1398 5660 1484 5728 11,
1512 5661 1598 5716 15.

1690 5447 1734 5479 ⁸⁸
1761 5448 1902 5501 Psal.
1965 5461 2076 5508 xxi,
2108 5443 2196 5498 16.

1740 5519 1786 5550 “
1823 5517 1968 5572 Psal.
2000 5534 2088 5579 ιι,
2118 5516 2205 5569 10.

1870 5592 1914 5620 “
1945 5587 2090 5642 Psal.
2128 5598 2256 5641 cvm
2279 5623 2292 5648 ,
2324 5582 2378 5638 8.

1673 5662 1719 5693 “
1746 5662 1848 5715 lsa.
1883 5675 2005 5726 xcv,
2036 5658 2122 5725 13,
2149 5656 2234 5710 14.

2179 3207 2569 3279 Hierosolymis
2617 3207 2769 3264 ludas
2817 3207 3048 3277 proditio
3073 3207 3238 3262 dedit.
3310 3225 3330 3258 ι
3382 3206 3613 3274 Propter
3654 3208 3748 3263 hoc

2178 3300 2454 3369 extemplo
2480 3301 2626 3353 venit
2656 3300 2885 3368 perditio
2919 3298 3107 3368 ipsius,
3139 3297 3437 3363 intercisio,
3469 3311 3528 3353 et
3556 3300 3747 3354 contri-

2181 3391 2255 3444 tio
2286 3390 2601 3444 insanabilis
2618 3390 2685 3446 “.
2719 3408 2738 3442 ι

2247 3483 2388 3550 Quin
2438 3489 2491 3536 et
2534 3480 2701 3537 Isaias
2745 3482 2819 3536 ait
2867 3501 2882 3537 :
2928 3501 2946 3534 ι
2995 3480 3108 3548 Ερο
3149 3483 3426 3540 suscitabo
3466 3498 3592 3538 eum
3632 3499 3742 3537 curn

2176 3579 2390 3649 juSIitia
2440 3593 2619 3649 regem
2673 3595 2688 3632 :
2739 3587 2792 3632 et
2838 3592 3030 3634 omnes
3081 3580 3179 3633 vite
3230 3578 3372 3631 illius
3421 3588 3600 3632 recte.
3637 3576 3745 3646 Ipse

2176 3670 2467 3726 tediticabit
2504 3669 2779 3723 civitatem
2828 3685 3036 3734 meam,
3071 3679 3123 3724 et
3164 3670 3531 3737 captivitatem
3576 3665 3744 3738 populi

2191 3763 2295 3819 mei
2336 3771 2636 3825 convertet,
2668 3777 2773 3815 non
2809 3777 2928 3815 cum
2967 3762 3162 3829 pretio,
3192 3777 3370 3831 neque
3405 3777 3528 3815 cum
3567 3775 3744 3815 mune-

2182 3856 2355 3910 ribus.
2397 3873 2415 3907 ι
2466 3854 2532 3910 Ει
2578 3855 2771 3908 iterum
2820 3871 2834 3908 :
2888 3874 2905 3905 r
2964 3855 3104 3908 Dixit
3145 3855 3404 3908 Dominus
3445 3853 3685 3910 Sabaoth
3726 3869 3740 3909 :

2176 3947 2466 4003 Laboravit
2519 3945 2817 4019 Egyptns,
2860 3959 2915 4002 et
2962 3950 3251 4016 negotiatio
3299 3947 3647 4019 Ethiopum,
3694 3957 3744 4002 et

2176 4041 2390 4096 Satibaii
2437 4041 2535 4095 viri
2582 4043 2780 4097 excelsi
2829 4044 2893 4096 ad
2939 4053 2991 4097 te
3030 4043 3355 4106 transibunt,
3384 4054 3438 4100 et
3479 4044 3557 4097 tui
3596 4050 3745 4100 erunt

2177 4135 2342 4199 servi,
2367 4146 2422 4188 et
2450 4143 2571 4203 pOst
2598 4144 2650 4189 te
2681 4145 2982 4204 sequentur
3009 4137 3172 4191 vincti
3202 4137 3450 4196 manicis.
3473 4144 3528 4190 et
3557 4134 3744 4189 transi-

2176 4227 2308 4282 bnnt
2331 4227 2396 4280 ad
2425 4237 2568 4289 te,et
2594 4227 2897 4281 adorabunt
2927 4237 3003 4292 te;
3037 4228 3291 4294 anllialll
3321 4227 3373 4280 in
3405 4240 3456 4281 te
3481 4227 3616 4282 Deus
3642 4236 3737 4288 est,

2176 4331 2228 4372 et
2267 4334 2376 4372 non
2411 4332 2493 4374 est
2525 4318 2667 4375 Dens
2709 4321 2913 4390 absque
2955 4329 3007 4374 te
3025 4321 3094 4375 “.
3129 4340 3146 4372 ι
3193 4320 3323 4386 Qua:
3363 4328 3743 4374 commemorat

2179 4421 2349 4476 vates,
2381 4422 2442 4466 ut
2467 4427 2651 4467 verum
2683 4411 2850 4468 Deum
2879 4428 3002 4468 esse
3032 4412 3307 4469 Christum
3345 4413 3604 4470 credatis.

2737 4545 2966 4605 CAPUT
3003 4548 3182 4606 LVIII.

2179 4661 2253 4714 De
2280 4659 2507 4715 Sobbato
2534 4661 2865 4726 Judworum,
2887 4673 2932 4717 et
2961 4662 3239 4717 Dominira
3268 4663 3704 4719 Christianorum.

2247 4771 2368 4828 Jun.
2408 4773 2774 4840 Quamobrem
2809 4789 2902 4827 vos
2938 4775 3192 4827 honorem
3227 4785 3280 4827 et
3309 4776 3534 4844 gratiam
3571 4773 3742 4827 Domi-

2184 4868 2316 4921 nicze
2355 4866 2646 4932 tribuistis,
2677 4883 2838 4936 quam
2882 4869 3018 4936 apud
3061 4881 3157 4921 nos
3203 4866 3496 4920 Subbatnm
3533 4863 3738 4919 habuit?

2248 4958 2471 5014 CBBIST.
2503 4957 2664 5014 Certe
2706 4959 2874 5013 inulto
2912 4961 3119 5026 aequius
3161 4975 3282 5013 esse
3323 4969 3564 5013 sanctam
3607 4959 3737 5013 hanc

2179 5049 2513 5104 Dominicam
2559 5065 2666 5118 pra:
2708 5060 2885 5104 vestro
2927 5048 3164 5104 Sabbato
3209 5051 3495 5116 honorari,
3531 5052 3729 5103 abunde

2179 5153 2261 5196 est
2307 5143 2445 5197 unde
2491 5152 2808 5208 statuamus,
2847 5158 2951 5196 non
3002 5159 3066 5197 ex
3117 5145 3311 5198 nostris
3358 5144 3529 5199 solum
3573 5142 3733 5197 sacris

2183 5235 2566 5298 voluminibus,
2593 5235 2685 5289 sed
2717 5251 2782 5290 ex
2816 5237 2933 5305 ipso
2969 5240 3106 5291 adeo
3137 5237 3319 5290 divino
3350 5237 3580 5302 opiticio.
3611 5233 3730 5286 Nam

2182 5329 2228 5383 si
2267 5327 2560 5397 requietem
2596 5329 2844 5394 colimus,
2877 5339 3077 5400 quanto
3117 5329 3289 5400 magis
3329 5343 3546 5398 cperunt
3585 5342 3733 5381 etor-

2308 5442 2352 5474 “
2383 5444 2512 5498 ibid.
2542 5443 2632 5499 21.
2741 5445 2789 5477 ”
2819 5443 2920 5499 lsa.
2951 5461 3044 5500 Llll
3065 5485 3080 5509 ,
3112 5443 3230 5500 3-5.
3341 5446 3384 5479 "
3411 5446 3571 5500 Αηιος
3597 5459 3649 5498 ιι.
3679 5440 3727 5494 6.

2311 5513 2357 5544 ⁵⁸
2403 5514 2502 5569 lsa.
2541 5530 2622 5576 tn,
2658 5516 2744 5568 11.
2849 5517 2895 5547 “
2923 5513 3069 5569 Psal.
3104 5531 3266 5581 xxxv,
3299 5515 3352 5570 1.
3452 5516 3496 5548 "
3529 5514 3645 5568 ibid.
3678 5518 3728 5563 ει.

2481 5585 2522 5617 ⁸⁸
2557 5587 2692 5642 ibid.
2749 5585 2836 5642 17.
2942 5587 2986 5618 "
3013 5587 3145 5644 ibid.
3178 5586 3268 5643 16.
3370 5586 3415 5619 "
3442 5589 3557 5641 Act.
3587 5602 3622 5650 ι,
3647 5582 3728 5636 26.

583 5821 694 5893 (t6)
735 5819 988 5876 Nazianz.
1017 5821 1256 5878 imitatur
1287 5822 1612 5894 iri-magnum
1658 5819 1923 5878 Basiliam
1961 5822 2046 5890 12,
2071 5821 2161 5894 56,
2187 5834 2238 5880 et
2264 5822 2416 5883 alibi.
