3816 6204
83 329 160 389 905
1117 328 1505 393 DIALOGUS
1543 328 1843 392 CONTRA
1884 333 2216 395 JUDXEOS.

3179 337 3286 399 906

78 445 218 500 dium!
257 443 449 514 Neque
482 446 624 500 enim
663 456 945 518 propterea
981 448 1329 504 honorandus
1359 455 1442 503 est
1470 447 1614 503 Ada-
1639 449 1689 511 Α
1716 448 2087 518 libamentum,
2119 467 2225 508 non
2258 451 2488 517 Pascha.
2525 466 2629 507 non
2656 451 2874 508 festum.
2905 450 3096 509 Merito
3127 454 3291 525 igitur

77 553 183 601 mus,
205 539 343 605 quod
376 537 624 594 violando
656 549 924 610 praecepto
957 552 1184 598 mortem
1216 541 1442 595 incurrit
1468 539 1614 612 (nam

77 629 112 682 id
147 630 344 698 quidem
377 643 457 685 est
490 632 834 704 extremum),
883 633 976 687 sed
1047 634 1188 703 quod
1237 633 1468 702 primum
1520 631 1613 686 Dei

74 722 284 777 manibus
313 723 489 780 factus
519 733 626 789 est,
655 732 820 795 atque
850 723 1138 780 formatus.
1172 724 1307 781 Nam
1341 740 1468 781 ecce
1499 725 1613 780 haec

75 815 248 880 quidem
284 830 366 872 est
403 818 764 872 conformatio
797 818 1010 885 divina;
1058 819 1222 874 altera
1261 833 1390 873 vero
1435 828 1616 872 trans-

73 910 244 980 gressio
279 911 541 966 humana.

127 1005 221 1059 iam
274 1017 483 1076 quanto
525 1008 839 1066 hominibus
883 1011 1001 1066 sine
1041 1009 1443 1079 comparatione
1481 1022 1618 1077 prte-

71 1112 182 1154 stant
208 1103 415 1170 divina,
443 1117 757 1176 quantoque
785 1117 867 1163 est
896 1107 1216 1178 principium
1250 1107 1356 1161 line
1388 1107 1618 1160 honora-

73 1197 150 1246 tius
176 1195 468 1264 (siquidem
505 1198 629 1252 illud
666 1199 958 1255 molitionis
991 1214 1152 1254 causa
1185 1209 1288 1263 est,
1316 1200 1402 1253 hic
1435 1212 1615 1252 rerum

69 1286 342 1342 moliturum
402 1290 744 1360 dissolutio),
781 1301 933 1347 tanto
985 1300 1070 1347 est
1118 1306 1332 1360 quoque
1380 1291 1620 1345 Sabbato

66 1379 295 1433 illustrior
341 1388 396 1435 et
439 1383 726 1452 augttstior
761 1383 1064 1439 Dominica.
1103 1382 1372 1438 Praeterea
1417 1384 1620 1438 consti-

66 1482 155 1527 tuto
191 1474 470 1544 principio
515 1478 658 1547 cogit
692 1480 988 1534 necessitas
1025 1477 1183 1533 finem
1223 1477 1478 1547 consequi
1511 1493 1528 1531 :
1565 1484 1620 1531 at

65 1573 196 1625 tinent
235 1585 362 1625 esse
406 1571 677 1640 principio
717 1588 824 1628 non
866 1582 1140 1639 exstante,
1173 1571 1413 1627 insolens
1450 1563 1533 1626 est
1564 1578 1619 1624 et

64 1661 363 1716 inauditum.
397 1661 633 1718 Przestat
657 1664 824 1734 igitur
855 1665 1096 1720 Sabbato
1128 1663 1428 1728 Dominica,
1461 1663 1618 1732 idque

59 1770 107 1808 er
134 1756 189 1809 iis
214 1771 343 1825 qua:
374 1757 604 1813 dicimus
630 1759 732 1813 erit
761 1759 1018 1827 apertius.

1719 554 1912 600 octavo
1961 545 2049 599 die
2101 545 2345 600 instituta
2399 546 2744 601 circumcisio
2789 557 2902 614 est,
2952 561 3050 603 ceu
3102 558 3292 603 sancto

1718 647 1880 706 atque
1929 639 2156 703 mundo;
2218 654 2339 692 nam
2397 639 2447 692 in
2496 637 2735 692 Levitico
2784 651 3037 702 octavus,
3071 651 3293 696 sanctus

1718 741 1883 799 atque
1942 732 2174 786 mundus
2228 740 2482 794 vocatur,
2537 730 2757 784 alteram
2812 731 2933 786 novi
2986 732 3208 788 foederis
3259 749 3290 786 a

1718 818 1938 878 Christo
1978 826 2227 894 patrandi
2273 825 2443 892 legem
2488 820 2782 894 designans
2815 844 2829 880 :
2867 845 2884 877 ι
2919 826 3134 896 Septem
3177 825 3292 881 dies

1723 914 1814 968 tibi
1857 926 1910 969 et
1954 916 2071 982 bos,
2107 929 2160 972 et
2195 917 2526 986 iumentum,
2563 929 2615 971 et
2659 918 2988 986 mancipium
3033 918 3290 982 servient,

1720 1016 1913 1062 octavo
1950 1007 2117 1064 libera
2156 1011 2427 1065 erunt’”.
2468 1030 2485 1062 ι
2533 1010 2611 1063 Εη
2657 1021 2907 1065 octavum
2948 1011 3087 1064 diem
3130 1010 3295 1065 Iiber-

1725 1100 1871 1164 tatis,
1905 1116 2024 1170 qua:
2053 1112 2298 1156 Sanctam
2331 1102 2666 1158 Dominicam
2701 1112 2987 1173 pI‘JHIOiai,
3018 1119 3122 1171 qua
3160 1104 3298 1158 Deus

1723 1202 1911 1258 noster
1937 1191 2193 1248 Christus
2223 1192 2411 1247 orbem
2440 1203 2706 1247 terrarum
2735 1208 2762 1246 a
2789 1192 2989 1246 diaboli
3019 1193 3299 1249 fraudibus

1722 1283 1944 1340 liberavi
1956 1295 1992 1339 t.

1791 1377 1910 1433 Jam
1961 1395 2088 1436 vero
2127 1381 2436 1436 universum
2489 1385 2590 1441 hoc
2640 1392 2845 1451 septem
2920 1385 3050 1439 aevis
3102 1383 3300 1435 durare

1717 1469 1930 1538 iussum
1975 1481 2080 1537 est,
2124 1482 2347 1527 auctore
2402 1471 2738 1529 Salomone:
2779 1491 2799 1524 ι
2840 1473 2914 1528 Da
2952 1484 3161 1544 partem
3209 1487 3298 1526 se-

1723 1569 1893 1631 ptem,
1930 1577 2030 1618 nec
2061 1579 2168 1618 non
2195 1573 2250 1618 et
2281 1575 2407 1620 octo
2434 1565 2503 1619 ".
2540 1583 2560 1616 ι
2600 1563 2652 1619 Id
2677 1567 2821 1634 quod
2853 1574 2909 1620 et
2949 1580 3172 1635 magnus
3212 1564 3303 1617 ille

1724 1652 1998 1722 apostolus
2023 1651 2246 1721 Paulus,
2281 1654 2483 1710 Christi
2529 1671 2612 1720 os,
2645 1655 2736 1724 qui
2779 1656 2830 1708 in
2869 1656 3087 1708 tertium
3121 1667 3294 1721 usque

1726 1744 1926 1798 caelum
1962 1747 2298 1813 conscendit,
2335 1759 2561 1802 testatur
2604 1749 2656 1800 in
2712 1747 2825 1801 haec
2857 1745 3018 1801 verba
3052 1763 3065 1800 :
3113 1763 3132 1796 ι
3164 1744 3301 1799 Cum

115 1805 377 1906 malum
425 1852 617 1922 quin“
671 1805 872 1906 ηιεηξεε
921 1850 1085 1908 Nisa"
1133 1853 1213 1922 (ιη
1261 1865 1359 1906 νος
1404 1848 1618 1906 ιιειηωί
1655 1805 1698 1866 Β
1731 1835 2017 1892 tradiderit
2068 1853 2293 1908 regnum
2331 1839 2440 1894 Deo
2485 1849 2537 1892 et
2588 1839 2732 1892 Patri
2783 1838 2951 1893 Filius
2976 1839 3045 1902 τ’,
3094 1848 3203 1891 tum
3247 1844 3305 1891 et

59 1944 275 2008 vocatis,
320 1944 483 2000 nobis
526 1959 658 1999 vero
710 1944 933 1999 Martius
960 1945 1093 2012 est),
1149 1945 1290 1999 Deus
1341 1942 1616 2013 opiﬁcium

59 2038 227 2106 cepit;
295 2039 575 2093 tricesima
628 2038 941 2093 universum
996 2038 1098 2092 hoc
1153 2052 1313 2093 omne
1368 2037 1615 2107 perfecit,

59 2132 314 2185 tricesima
360 2132 559 2200 prima,
589 2148 710 2202 qua:
755 2147 784 2186 a
828 2141 1008 2200 empto
1050 2129 1265 2200 opificio
1306 2139 1621 2184 numeratur

56 2223 284 2290 septima,
317 2223 608 2290 requievit.
634 2224 713 2276 Ac
742 2220 920 2275 videte
950 2235 1085 2275 sane
1114 2219 1319 2275 exitum
1349 2220 1617 2274 veritatis.

63 2314 110 2367 In
140 2316 235 2369 Irae
277 2314 648 2370 Israelitarum
686 2330 751 2370 cx
787 2312 1021 2387 Egypto
1059 2311 1205 2381 fuga,
1234 2323 1289 2366 et
1319 2311 1372 2365 in
1408 2311 1621 2366 Chana-

63 2422 210 2462 ueam
262 2409 527 2463 transitus
579 2407 834 2476 contigit;
873 2406 925 2460 in
978 2406 1082 2460 hac
1133 2405 1416 2474 promissae
1464 2412 1622 2458 terra:

51 2501 239 2555 scrtitio
291 2509 352 2556 et
395 2501 671 2571 ingressus
706 2498 828 2553 fuit.
889 2498 946 2552 In
999 2497 1100 2552 hac
1132 2495 1356 2551 Gabriel
1391 2496 1622 2550 archan-

56 2594 182 2661 gelus
221 2595 436 2668 Virgini
482 2608 544 2647 ac
585 2593 829 2662 Deiparze
863 2591 968 2645 laeti
1009 2591 1181 2644 nuntii
1217 2591 1378 2644 verba
1417 2589 1618 2655 attulit,

51 2703 152 2756 quae
200 2686 479 2757 extemplo
527 2695 586 2741 et
626 2684 830 2742 Christi
883 2700 979 2755 pro
1029 2682 1184 2741 nobis
1241 2686 1360 2738 sine
1410 2681 1621 2737 semine

53 2790 331 2850 conceptus
366 2786 423 2834 et
454 2793 655 2832 arcana
702 2764 1008 2832 incarnatio
1048 2785 1132 2830 est
1166 2783 1393 2840 secuta;
1429 2775 1480 2828 in
1521 2774 1621 2828 hac

54 2871 152 2939 eius
191 2888 258 2927 ex
302 2870 540 2926 mortuis
587 2868 952 2934 resurrectio;
1000 2882 1062 2922 ac
1095 2863 1387 2921 verisimile
1428 2873 1535 2927 est,
1569 2863 1620 2918 in

53 2966 136 3019 hac
162 2975 215 3020 et
242 2978 593 3020 communem
621 2963 863 3018 omnium
891 2969 1136 3015 nostrum
1168 2957 1618 3014 resurrectionem

48 3057 293 3120 futuram,
327 3074 453 3112 cum
500 3058 552 3111 in
591 3059 756 3111 vitam
802 3053 1065 3109 restitutis
1106 3052 1382 3108 Christum
1425 3050 1620 3106 iterum

49 3167 94 3204 se
136 3150 482 3205 tremendum
531 3148 816 3218 praebebit,
851 3154 906 3201 et
944 3146 1315 3214 incorruptum
1363 3141 1618 3211 judicium

51 3242 336 3304 exercebit,
377 3239 648 3308 simulque
690 3237 912 3308 grandis
953 3235 1137 3290 arcani
1182 3235 1517 3304 inspectores
1557 3246 1622 3288 ac

48 3347 338 3400 praecones,
379 3331 545 3385 divini
576 3329 824 3400 apostoli,
855 3331 907 3383 in
925 3327 1211 3384 duodecim
1242 3327 1461 3382 sedibus
1480 3326 1623 3398 judi-

49 3426 220 3480 caudis
281 3422 580 3479 duodecim
648 3419 965 3477 Israeliticis
1031 3419 1276 3475 tribubus
1337 3419 1620 3474 sedehunt.

48 3515 308 3571 Caeterum
370 3513 670 3569 desiturum
731 3512 1054 3582 quandoque
1109 3509 1430 3578 Sabbatum,
1485 3509 1626 3564 Deus

50 3609 352 3663 Ahrabamo
398 3616 577 3662 vestro
618 3605 833 3677 parenti
875 3603 1091 3674 aperuit
1141 3602 1196 3657 in
1243 3602 1359 3658 haec
1401 3602 1564 3656 verba
1607 3617 1620 3654 :

55 3724 68 3753 ι
101 3702 184 3758 Tu
207 3718 342 3774 ergo
369 3701 644 3757 custodies
677 3709 888 3772 pactum
924 3714 1126 3764 meum,
1154 3707 1208 3751 et
1235 3711 1422 3753 semen
1452 3706 1623 3762 tuum,

51 3800 95 3851 in
134 3798 517 3869 generationes
554 3811 682 3851 suas
705 3795 792 3862 '7;
831 3812 850 3846 ι
892 3803 946 3848 et
981 3794 1174 3847 iterum
1210 3805 1226 3844 :
1268 3807 1288 3842 ς
1327 3788 1628 3845 Οἰτουηιεὶο

48 3894 197 3946 detur
224 3906 293 3947 ex
328 3889 486 3945 vobis
510 3903 672 3945 omne
703 3885 1060 3942 masculinum
1099 3884 1153 3940 in
1193 3879 1628 3953 generationibus

45 3983 332 4050 vestris“;
371 4002 392 4035 ι
434 3983 631 4038 ibidem
669 3993 684 4041 :
730 3999 750 4032 ‹
795 3978 979 4035 Infans
1006 3985 1130 4032 octo
1158 3977 1365 4032 dierum
1391 3974 1634 4030 circum-

45 4081 252 4136 cidetur
291 4095 308 4135 :
349 4079 564 4146 eritque
609 4087 825 4146 pactum
870 4087 1049 4127 meum
1095 4071 1242 4126 inter
1275 4083 1361 4124 me
1399 4076 1453 4123 et
1487 4068 1630 4122 inter

48 4189 158 4239 vos,
182 4175 240 4229 in
266 4172 718 4244 generationibus
749 4165 1033 4222 vestris".
1063 4182 1081 4217 ι
1118 4163 1323 4218 Videtis
1350 4177 1473 4217 cum
1503 4172 1628 4216 ortu

47 4267 268 4323 fur-deris
331 4265 496 4322 etiam
555 4261 873 4319 interitum?
937 4259 1053 4314 Non
1100 4258 1241 4321 enim
1279 4256 1463 4310 dixit:
1519 4254 1630 4308 IIoc

45 4364 140 4415 erit
166 4362 388 4430 signum
419 4357 562 4413 inter
612 4370 700 4411 me
727 4365 781 4408 et
802 4353 945 4407 inter
972 4365 1067 4405 vos
1101 4350 1153 4404 in
1184 4357 1398 4418 pactum
1432 4345 1632 4414 sempi-

48 4464 256 4506 ternum
297 4449 435 4518 (47).
497 4447 684 4516 Neque
725 4445 777 4499 id
815 4443 984 4499 semel
1023 4441 1178 4506 dixit,
1234 4440 1327 4495 sed
1381 4447 1464 4492 ter
1497 4453 1631 4507 qua-

1725 1926 1839 1997 ipsa
1883 1936 2134 1983 creatura
2193 1928 2514 1984 liberabitur
2556 1943 2584 1982 a
2640 1930 2906 1983 servitute
2957 1929 3026 1983 ⁷³.
3061 1947 3079 1979 ι
3138 1925 3301 1998 Igitur

1725 2020 1961 2073 nondum
1993 2020 2216 2089 cognito
2247 2020 2335 2074 die
2362 2031 2581 2087 octavo,
2624 2020 2750 2090 jure
2786 2020 3054 2090 septimus
3085 2021 3304 2075 coleba-

1728 2119 1832 2173 tur,
1866 2119 1923 2165 ιιι
1950 2108 2215 2178 feriatus;
2253 2128 2376 2166 nam
2425 2123 2479 2167 et
2531 2114 2767 2169 instante
2811 2114 2919 2180 illa,
2976 2123 3032 2168 at
3065 2116 3302 2169 nondum

1726 2213 1992 2271 praesente
2020 2213 2180 2260 aetate
2207 2215 2418 2270 octava,
2453 2217 2660 2277 septem
2699 2207 2959 2262 duntaxat
2989 2208 3301 2262 hominibus

1725 2303 1914 2352 aetates
1944 2308 2224 2367 putantur.

1796 2385 2257 2454 Quemadmodum
2286 2395 2468 2442 autem
2498 2402 2615 2444 aevo
2660 2388 2750 2443 illo
2789 2399 2984 2446 octavo
3019 2392 3183 2461 (quod
3219 2389 3306 2445 fu-

1728 2487 1907 2532 turum
1936 2486 2040 2542 est,
2074 2489 2128 2532 et
2159 2493 2436 2549 nunquam
2467 2472 2707 2552 linietur)
2740 2498 2845 2536 non
2870 2481 2981 2550 jam
3017 2498 3180 2550 porro
3212 2498 3301 2539 se-

1726 2582 1870 2642 pteni
1927 2571 2348 2640 praecedentium
2382 2574 2647 2632 memoria.
2681 2573 2783 2627 ulla
2816 2585 3044 2645 agetur;
3082 2577 3163 2631 sic
3191 2574 3303 2628 Do-

1728 2664 1955 2730 minica,
1997 2665 2088 2735 qtti
2123 2674 2350 2719 octavus
2389 2664 2659 2720 libertatis
2697 2665 2814 2721 dies
2865 2675 2968 2731 est,
3013 2676 3303 2737 prmseate.

1729 2758 1951 2814 Sabbati
2013 2759 2228 2814 actione
2293 2772 2430 2828 opus
2483 2767 2565 2813 est
2622 2757 2788 2814 nulla.
2848 2759 3127 2830 Siquidem
3180 2775 3304 2815 (unt

1728 2851 1974 2907 servituti
2010 2851 2317 2921 subiaceret
2341 2866 2514 2922 genus
2539 2852 2857 2917 humanum,
2901 2855 3218 2910 necessario
3249 2862 3309 2910 et

1729 2945 1966 3000 Sabbato
1986 2959 2122 3016 opus
2139 2954 2277 3008 erat,
2297 2944 2454 2999 fessis
2467 2945 2718 3015 exiguam
2744 2946 3043 3016 requietem
3071 2936 3299 3004 ferente.

1727 3040 1800 3095 At
1823 3039 1912 3095 ubi
1954 3037 2068 3108 iam
2121 3037 2232 3093 dies
2279 3049 2503 3093 oetavus
2541 3036 2791 3094 libertate
2833 3039 3013 3094 omnia
3060 3039 3305 3106 donavit,

1729 3131 1914 3201 ecquis
1949 3129 2202 3200 deinceps
2237 3144 2370 3185 usus
2399 3129 2469 3184 sit
2501 3129 2756 3200 septimi?
2785 3131 2864 3186 Ac
2913 3130 2957 3186 si
2987 3129 3139 3197 libet,
3171 3126 3308 3187 con-

1729 3225 1969 3280 siderate
2026 3224 2315 3293 diligenter
2357 3224 2813 3295 quemadmodum
2875 3238 2999 3278 cum
3047 3236 3307 3295 parentes

1729 3318 1894 3375 vestri
1927 3333 2128 3373 manna
2157 3317 2210 3372 in
2235 3317 2453 3374 deserto
2485 3317 2862 3383 vescebantur,
2896 3327 2954 3372 ut
2991 3319 3068 3372 ait
3090 3317 3260 3374 David
3289 3339 3303 3374 :

1733 3430 1754 3465 ι
1789 3411 1988 3467 Panem
2021 3411 2337 3483 angelorum
2370 3410 2716 3466 manducavit
2742 3411 2905 3466 homo
2930 3413 3014 3478 ";
3048 3429 3068 3462 ι
3097 3413 3309 3469 caeteris

1730 3505 1922 3562 diebus
1955 3505 2094 3577 frugi
2126 3514 2179 3560 et
2205 3505 2352 3559 utilis
2385 3511 2502 3558 erat
2533 3518 2745 3557 mannte
2799 3502 3066 3570 collectio,
3119 3520 3223 3560 non
3252 3490 3308 3560 in

1730 3598 2028 3654 crastinum
2067 3612 2168 3665 pro
2194 3594 2422 3653 Iudaica
2465 3595 2705 3665 ingluvie
2747 3610 2996 3663 manens,
3053 3597 3147 3652 sed
3190 3613 3312 3667 qua

1733 3693 1868 3749 satis
1887 3701 2032 3748 esset
2066 3691 2259 3747 diurno
2283 3688 2545 3744 alimento
2581 3706 2595 3744 :
2632 3689 2774 3760 quod
2819 3690 2863 3745 si
2905 3690 3305 3761 Sabbatoiqnis

1732 3785 2045 3856 collegerat,
2067 3783 2312 3839 inutilem
2336 3798 2562 3854 prorsus
2581 3783 2848 3839 sentiebat
2868 3797 3110 3854 operam.
3136 3783 3308 3839 Cate-

1732 3893 1853 3933 rum
1888 3892 1955 3932 ex
1980 3891 2086 3946 quo
2119 3874 2359 3932 ctelestis
2388 3874 2478 3930 ille
2507 3873 2685 3946 panis,
2730 3889 2887 3944 quem
2928 3887 2985 3931 ut
3009 3877 3303 3934 carbonem

1732 3969 1900 4025 Isaias
1921 3969 2216 4040 perspexit,
2236 3977 2288 4022 et
2303 3982 2335 4022 a
2351 3965 2822 4036 cberubinoju'i‘),
2842 3967 2932 4035 qui
2957 3966 3166 4039 forcipe
3181 3984 3308 4025 eum

1730 4079 1800 4119 ex
1830 4078 1924 4118 ara
1948 4072 2277 4131 sumpserat,
2310 4067 2614 4124 contactus,
2644 4063 2738 4115 abs
2763 4060 2989 4117 Domino
3014 4061 3125 4118 Deo
3152 4077 3314 4118 exer.

1734 4157 1938 4211 cituum
1982 4154 2187 4210 audivit
2229 4171 2243 4207 :
2300 4173 2318 4207 ι
2354 4153 2496 4208 Ecce
2545 4154 2694 4225 tetigi
2747 4155 2849 4210 hoc
2895 4155 3038 4210 labia
3094 4166 3221 4223 tua,
3257 4167 3312 4211 et

1736 4248 2015 4304 auferetur
2043 4246 2306 4317 iniquitas
2334 4257 2449 4310 tua,
2480 4253 2536 4301 et
2568 4255 2849 4315 peccatum
2892 4257 3042 4302 tuum
3075 4252 3308 4304 munda-

1737 4340 1884 4395 bitur
1931 4339 2016 4406 ";
2047 4357 2066 4391 ι
2112 4352 2180 4393 ex
2230 4353 2366 4408 quo,
2429 4338 2672 4407 inquam,
2726 4337 2969 4393 caelestis
3018 4339 3108 4394 ille
3156 4343 3310 4410 panis

1737 4432 2070 4503 benignitate
2094 4433 2282 4487 aeterni
2315 4429 2495 4487 Patris
2516 4471 2530 4495 ,
2562 4438 2617 4486 et
2648 4429 2818 4486 sancti
2854 4432 3090 4501 Spiritus
3116 4449 3219 4504 cpe
3252 4435 3306 4490 in

51 4542 434 4615 terque.Unde
459 4537 953 4608 constatjudicium
985 4536 1089 4589 hoc
1118 4547 1292 4603 neque
1319 4533 1372 4586 in
1401 4533 1625 4585 alteram
1661 4549 1704 4602 υ
1741 4536 1944 4582 terram
1989 4521 2292 4615 descendit,
2344 4521 2424 4615 uti
2459 4521 2539 4615 Ade
2581 4520 2804 4615 seipse
2844 4521 3046 4611 clamat
3087 4540 3104 4578 :
3146 4541 3166 4576 ι
3197 4523 3312 4593 Ego

47 4652 285 4703 retatem,
317 4651 499 4707 neque
533 4635 598 4690 ad
623 4644 866 4688 extrema
905 4644 1078 4699 usque
1103 4630 1477 4693 statuendum;
1512 4623 1629 4690 sed,

48 4733 294 4799 Quandiu
317 4733 500 4787 animo
521 4742 640 4784 tneo
665 4723 977 4790 coltubehit,
998 4723 1370 4792 posteritatem
1391 4731 1629 4775 vestram

55 4841 301 4883 rectores
328 4833 494 4894 atque
528 4836 684 4893 reges
710 4819 930 4875 habere.
957 4814 1037 4870 0b
1068 4816 1118 4869 id
1145 4813 1397 4883 praesagit
1424 4811 1588 4868 Israel
1617 4829 1630 4865 :

57 4940 71 4972 ι
111 4921 235 4976 Non
266 4920 480 4976 deﬁciet
512 4917 620 4971 dux
655 4928 722 4969 ex
749 4912 884 4967 Juda
908 4953 923 4976 ,
949 4919 1002 4965 et
1036 4908 1287 4979 princeps
1324 4908 1390 4962 de
1428 4905 1636 4960 femore

53 5016 191 5085 ejus,
221 5015 390 5069 donec
421 5010 665 5074 veniant,
691 5022 811 5078 qute
841 5004 1076 5074 reposita
1106 5011 1269 5065 sunt;
1302 5009 1356 5055 et
1387 5000 1499 5068 ipse
1528 4999 1633 5052 erit

53 5106 386 5177 exspectatio
427 5101 676 5174 gentium
700 5099 768 5153 ⁷⁸.
820 5117 838 5150 ι
893 5098 962 5150 Αι
1012 5095 1102 5150 ubi
1149 5093 1298 5147 venit
1350 5090 1630 5152 Christus,

56 5216 158 5251 non
206 5199 316 5267 jam
363 5195 596 5266 amplius
651 5192 778 5248 huic
822 5187 1157 5261 generationi
1203 5185 1633 5241 circumcisionis

55 5300 317 5344 statutum
345 5289 517 5342 [(edus
545 5287 724 5347 durat,
755 5297 858 5336 non
889 5280 1222 5339 vaticinium,
1251 5292 1354 5332 non
1384 5291 1632 5347 regnum,

57 5397 160 5437 non
189 5381 544 5450 pontiﬁcium,
577 5393 686 5432 non
720 5372 1036 5438 Sabbatum,
1068 5386 1175 5425 non
1203 5369 1492 5439 jejunium,
1527 5383 1633 5422 non

120 5525 165 5555 ⁸⁷
193 5523 332 5579 Gen.
366 5538 499 5586 xvtt,
533 5521 586 5575 9.
689 5519 731 5554 ⁸⁸
759 5519 890 5573 ibid.
923 5517 1009 5572 IO.
1105 5515 1148 5586 ⁷⁷
1176 5513 1306 5567 ibid.
1341 5512 1428 5586 I2.

55 5594 150 5647 ⁷⁸1
206 5597 330 5648 Cor.
375 5585 597 5655 x5724.
680 5592 723 5620 ⁷³
765 5589 921 5642 Itum.
953 5603 1070 5652 vui,
1107 5585 1198 5638 2i.

53 5683 82 5727 Σ
115 5686 168 5731 ν,
204 5665 286 5718 18.
354 5666 395 5696 ⁷⁴
420 5668 588 5721 Exod.
619 5679 742 5726 xxv,
771 5662 859 5712 5U.

161 5846 288 5915 ti?)
320 5845 377 5898 Et
408 5855 588 5895 tamen
622 5840 749 5894 ibid.
786 5837 984 5892 dicitur
1012 5835 1135 5888 bis:
1170 5849 1219 5887 ι’.
1246 5831 1275 5883 7
1305 5832 1470 5886 e113.

348 5941 616 6002 PATRQL.
649 5934 764 5997 (in.
807 5929 1140 5993 CXXXIII.

1531 5510 1576 5542 ⁷⁸
1605 5507 1739 5563 Gen.
1779 5520 1923 5570 xux,
1975 5503 2062 5555 ‘IO.

1275 5586 1316 5615 ⁷ο
1349 5583 1496 5638 Psal.
1527 5595 1728 5644 vavtt,
1766 5577 1856 5631 ΞΒ.

1732 4633 1849 4675 sum
1878 4613 2054 4686 panis,
2081 4615 2169 4684 qui
2197 4615 2263 4669 de
2279 4611 2416 4667 coelo
2439 4612 2755 4666 descendi”
2779 4627 2794 4675 ;
2829 4630 2848 4662 ›
2874 4606 2943 4667 ex
2961 4627 3026 4669 eo
3056 4629 3156 4670 nec
3177 4615 3315 4670 Sab-

1728 4713 1914 4767 batum
1945 4709 2023 4776 tit,
2053 4723 2152 4762 nec
2181 4707 2358 4778 quies,
2419 4720 2517 4761 nec
2552 4707 2725 4762 tenuis
2746 4715 2802 4760 et
2825 4709 3017 4777 exigua
3045 4709 3178 4777 vita,
3207 4725 3309 4766 nec

1731 4801 2010 4859 moderata
2045 4799 2305 4871 partitio,
2351 4799 2446 4852 sed
2489 4797 2635 4852 omni
2672 4799 2804 4852 hora
2848 4797 3096 4853 Christus
3147 4812 3310 4856 teter-

1733 4916 1854 4954 nattt
1882 4912 1946 4950 ac
1976 4908 2267 4962 perennem
2304 4891 2466 4944 vitam
2499 4890 2614 4944 suis
2645 4889 2864 4943 fattiulis
2890 4889 3139 4958 largitur.

2316 4981 2546 5038 CAPUT
2590 4979 2725 5034 LIX.

1866 5079 2030 5134 Panis
2073 5075 2445 5144 propositionis
2468 5113 2484 5139 ,
2519 5086 2671 5143 typus
2705 5075 2936 5144 corporis
2969 5075 3186 5129 Christi.

1811 5175 1950 5242 Quin
1984 5184 2037 5225 et
2066 5170 2220 5240 panis
2251 5179 2306 5222 et
2340 5169 2547 5233 viuum,
2575 5183 2692 5235 qua:
2732 5167 3037 5236 proferebat
3079 5166 3307 5223 Melchi-

1743 5267 1940 5322 sedcth
1971 5264 2039 5328 ⁷⁷,
2075 5274 2128 5315 et
2163 5262 2316 5330 pultis
2363 5259 2768 5328 propositionis,
2806 5273 2940 5327 quos
2980 5260 3077 5315 soli
3126 5274 3311 5315 saccr~

1742 5367 1890 5417 dotes
1936 5357 2169 5412 edebant
2213 5357 2298 5421 ⁷⁸,
2348 5353 2592 5423 corporis
2640 5365 2702 5405 ac
2768 5351 3048 5422 sanguinis
3109 5351 3312 5409 Christi

2164 5500 2230 5532 ’θ’
2257 5498 2431 5553 chit.
2463 5513 2616 5562 χχιιι,
2659 5495 2751 5550 56.
2857 5495 2902 5526 ⁷⁸
2941 5492 3116 5551 Εεειθ.
3151 5511 3223 5556 ιι.
3257 5496 3315 5551 2-

1936 5573 1976 5605 ⁷⁸
2010 5573 2109 5627 Isa.
2158 5589 2226 5633 vt,
2262 5570 2311 5622 7.
2423 5571 2467 5600 "
2503 5569 2656 5622 Joau.
2705 5583 2778 5629 VI,
2803 5566 2892 5633 Η,
2923 5565 3013 5621 51.
3103 5566 3147 5597 ’⁷⁷
3176 5567 3318 5624 Gen.

1801 5823 1934 5899 (47')
1966 5823 2271 5895 Scrupitim.

2807 5911 2886 5973 29
