4004 6206
544 314 644 376 907

1750 287 2175 353 ANDRONICI
2210 282 2553 356 COMNENI

3654 262 3747 327 903

544 426 874 484 sacrificium
902 419 1319 493 praesignabant.
1366 414 1501 470 Nam
1530 413 1630 470 etsi
1678 412 1913 483 majores
1945 407 2108 463 vestri
2141 416 2185 471 Α
2215 419 2319 475 que
2356 404 2499 459 enim
2531 399 2696 456 ullum
2726 394 2904 453 scelus
2936 400 3019 450 est
3046 389 3141 448 Dei
3193 386 3575 459 benignitatem
3611 398 3754 453 sure-

544 534 733 590 panem
762 516 934 579 illum,
970 514 1059 585 qui
1090 511 1279 567 umbra
1308 507 1549 579 quaedam
1576 515 1629 561 et
1663 501 1937 573 exemplar
1963 507 2108 555 esset

541 614 917 674 comederunt,
944 615 999 661 at
1032 603 1384 660 nihilominus
1409 615 1594 654 eorum
1623 596 1863 653 membra
1896 593 2110 649 accide-

543 710 694 766 runt,
734 701 787 756 in
819 697 1114 755 solitudine
1136 696 1212 761 "';
1245 692 1334 763 qui
1367 706 1499 748 vero
1539 692 1641 745 hoe
1679 702 1816 760 pane
1849 686 2106 749 vescitur,

512 792 669 865 quid
719 808 749 848 a
800 806 860 847 se
901 798 1220 859 accepturus
1269 784 1376 852 sit,
1434 786 1664 853 ipsemet
1713 780 1967 835 Servator
2013 776 2112 831 do--

541 896 627 941 cet
679 887 732 940 in
784 885 925 938 hanc
977 881 1355 937 sententiam:
1413 895 1433 929 ι
1463 876 1565 943 Qui
1613 874 1903 928 manducat
1937 883 2109 924 meam

541 993 783 1040 carnem,
821 985 875 1031 et
924 974 1059 1030 bibit
1102 986 1277 1029 meum
1332 969 1671 1040 sanguinem,
1725 964 1890 1021 habet
1923 963 2110 1034 gvitam

541 1080 799 1126 aeternam
843 1068 912 1124 ”.
944 1084 963 1119 ι
1018 1066 1383 1133 Quamobrem
1433 1061 1632 1118 clamat
1687 1058 1856 1116 Isaias
1914 1074 1929 1112 :
1998 1074 2016 1109 ι
2048 1054 2114 1109 Et

541 1164 646 1217 erit
676 1163 728 1217 in
763 1162 850 1217 die
900 1160 1012 1225 illa,
1069 1157 1225 1213 radix
1256 1154 1429 1219 .lesse,
1484 1162 1537 1209 et
1558 1153 1647 1223 qui
1700 1148 2000 1221 consurgit,
2056 1156 2116 1201 ut

543 1256 793 1325 princeps
833 1251 1200 1324 sitgentium;
1233 1250 1285 1305 in
1317 1251 1433 1319 ipso
1471 1256 1659 1317 gentes
1688 1242 1986 1312 sperabunt
2020 1258 2032 1294 :
2061 1247 2118 1293 et

543 1344 649 1399 erit
685 1342 901 1414 requies
934 1339 1049 1409 ejus
1084 1341 1255 1394 honor
1296 1336 1365 1391 ⁸¹.
1408 1356 1427 1389 ι
1466 1336 1530 1390 Ει
1556 1350 1675 1403 quae
1703 1334 1806 1387 alia
1846 1342 2028 1387 autem
2064 1330 2112 1387 ei

545 1437 761 1507 requies
813 1434 941 1501 erit,
993 1440 1158 1502 atque
1210 1430 1405 1496 honor,
1454 1443 1617 1499 quam
1669 1427 1734 1481 ad
1782 1439 1978 1481 arcana
2024 1423 2113 1478 illa

544 1530 727 1585 divina
760 1535 815 1583 et
845 1524 1041 1580 munda
1082 1537 1204 1578 enm
1234 1522 1434 1577 timore
1474 1530 1529 1575 et
1578 1520 1807 1576 horrore
1838 1532 2113 1582 accessus,

544 1632 598 1679 ct
617 1619 892 1694 perceptio
916 1616 1191 1688 (eorum)?
1223 1613 1364 1671 Idem
1391 1612 1511 1669 alibi
1541 1630 1556 1667 :
1587 1631 1603 1666 ι
1636 1610 1805 1667 Pcriit
1844 1610 2114 1680 princeps,

547 1716 641 1787 qui
672 1708 1314 1771 conculcabatterram”,
1346 1726 1366 1760 ι
1392 1706 1597 1763 scilicet
1615 1704 1702 1775 qui
1728 1718 1825 1760 nos
1853 1702 2113 1774 supplan-

547 1774 624 1863 tat
655 1806 939 1877 malignus,
969 1803 1036 1858 de
1062 1818 1169 1873 quo
1197 1811 1250 1859 et
1286 1816 1436 1857 meus
1468 1774 1730 1855 Dominus
1779 1797 1855 1852 ait
1888 1814 1903 1852 :
1941 1814 1959 1848 ι
1999 1793 2109 1849 Ve-
2144 1774 2190 1835 Β

549 1899 627 1953 nit
688 1896 940 1969 princeps
996 1893 1181 1949 mundi
1234 1894 1415 1966 hujus,
1466 1901 1521 1947 et
1564 1892 1617 1946 in
1662 1904 1747 1946 me
1794 1904 1900 1944 non
1956 1889 2121 1944 habet

548 1989 843 2059 quidquam
873 1987 938 2041 ⁸⁸.
966 2004 987 2037 ι
1016 2014 1079 2025 -
1105 2004 1125 2037 ι
1152 1984 1553 2055 Dirigetureum
1574 1982 1945 2038 misericordia
1964 1980 2121 2035 thro-

549 2096 652 2135 nus
678 2078 881 2149 ejus",
921 2096 939 2129 ι
982 2079 1153 2132 honOr
1188 2076 1435 2133 videlicet
1467 2076 1601 2142 lapsi
1623 2075 1836 2128 Adami.
1866 2073 1956 2127 Est
1978 2073 2120 2130 enim

552 2174 778 2228 thronus
828 2168 1049 2223 honoris
1110 2164 1344 2234 signum.
1396 2163 1465 2216 At
1497 2176 1603 2231 quo
1641 2170 1796 2230 pacto
1830 2159 2126 2229 dirigetur?

552 2283 576 2317 ι
609 2264 711 2319 Per
736 2262 945 2316 viscera
980 2255 1371 2312 misericordiae
1398 2254 1493 2310 Dei
1524 2253 1693 2326 nostri
1722 2252 1792 2307 “.
1820 2271 1840 2305 ι
1875 2251 1938 2305 Ει
1973 2251 2127 2305 sede-

550 2357 632 2412 bit
678 2368 840 2423 super
882 2351 1036 2406 illum
1080 2363 1205 2404 cum
1252 2348 1486 2402 veritate
1532 2347 1585 2399 in
1630 2344 1979 2399 tabernaculo
2023 2342 2128 2396 Da-

553 2449 664 2512 vid,
736 2446 788 2500 id
839 2456 943 2510 est,
999 2456 1221 2498 consors
1284 2438 1455 2495 tribus
1532 2453 1597 2491 ac
1657 2436 1837 2507 gloriae
1877 2435 2128 2507 perennis

557 2536 799 2602 sedebit;
829 2535 1123 2605 «judicans
1151 2541 1205 2587 et
1230 2528 1820 2601 exquirensjndicium,
1852 2536 1902 2580 et
1927 2525 2130 2580 faciens

555 2628 995 2685 misericordiam
1052 2625 1120 2680 “.
1155 2643 1173 2676 ι
1228 2621 1569 2679 Zacharias:
1612 2639 1629 2673 ι
1676 2618 1901 2674 Venient
1947 2618 2130 2689 pepuli

554 2720 738 2783 multi,
778 2727 833 2774 et
864 2727 1053 2788 gentes
1096 2715 1362 2785 plurimm,
1393 2722 1450 2767 ut
1490 2720 1737 2782 quaerant
1778 2709 1974 2765 faciem
2024 2709 2130 2763 Do-

556 2815 692 2871 mini
724 2814 789 2868 ".
828 2831 847 2864 ι
878 2841 947 2853 -—
970 2829 986 2862 ι
1021 2809 1077 2864 In
1105 2809 1191 2864 die
1222 2806 1331 2874 illa,
1359 2806 1488 2863 dicit
1520 2804 1798 2869 Dominus,
1830 2802 2133 2872 disperdam

563 2907 781 2965 nomina
812 2902 1079 2960 idolorum
1111 2901 1178 2954 de
1212 2909 1377 2965 terra,
1403 2908 1458 2953 et
1489 2910 1595 2951 non
1635 2896 1740 2950 erit
1773 2893 1915 2949 ultra
1945 2907 2135 2948 eorum

566 2999 827 3055 memoria
877 2993 947 3050 ⁸⁸.
994 3012 1013 3043 ι
1072 2991 1139 3045 Ει
1189 2990 1356 3047 Isaias
1408 3007 1422 3045 :
1470 3007 1490 3042 ι
1525 2988 1616 3043 Die
1670 2987 1758 3041 illa
1816 2986 1987 3042 fidens
2033 2986 2139 3040 erit

2212 512 2359 553 rans.
2392 496 2456 550 Et
2480 505 2599 565 post
2624 505 2793 562 pauca
2826 506 2841 545 :
2883 506 2901 541 ι
2941 485 3006 540 Et
3038 482 3267 555 populus
3300 483 3390 553 qui
3425 477 3707 543 creabitur,
3733 495 3750 527 ι

2216 591 2423 647 scilicet
2455 603 2550 659 per
2585 585 2950 657 evangelicum
2995 578 3320 642 doctrinam,
3357 592 3375 626 ι
3405 572 3639 627 laudabit
3662 570 3759 625 Do-

2218 682 2509 741 minimi".
2537 701 2555 734 ι
2582 681 2726 737 Idem
2755 689 2968 733 rursum
2996 691 3009 728 :
3040 691 3059 724 ι
3084 671 3461 726 Verumtamen
3483 666 3617 721 Deus
3644 664 3765 717 redi-

2214 789 2323 834 met
2353 778 2589 831 animam
2638 786 2809 828 meam
2842 771 2908 825 de
2944 783 3103 823 manu
3141 763 3319 829 interi,
3362 776 3482 817 cum
3515 756 3767 828 acceperit

2214 887 2301 927 me
2332 872 2403 937 ",
2438 888 2456 922 ι
2494 869 2543 923 id
2571 876 2675 932 est,
2708 880 2829 920 cum
2864 871 3139 932 assumpto
3167 872 3286 911 meo
3326 862 3767 924 temperamento,

2215 974 2267 1020 et
2314 964 2366 1017 in
2418 975 2647 1029 corpore
2710 967 2938 1012 mortem
2990 953 3287 1015 sustinens,
3341 961 3516 1001 meam
3574 956 3770 1013 quoque

2215 1058 2453 1113 animam
2498 1054 2566 1108 ab
2600 1051 2816 1117 inferis,
2853 1059 2913 1103 ut
2960 1057 3305 1107 czeterorum,
3337 1038 3657 1100 vindicabit,
3686 1051 3774 1106 pro

2216 1150 2324 1223 quo
2348 1160 2402 1205 et
2432 1148 2597 1202 lsaias
2631 1144 2764 1198 facit
2792 1159 2810 1199 :
2855 1160 2873 1193 ι
2920 1139 3232 1207 Resurgent
3259 1132 3476 1197 mortui,
3510 1141 3565 1185 et
3586 1143 3767 1200 exper-

2216 1222 2515 1311 giscentur,
2552 1239 2644 1309 qui
2680 1238 2733 1291 in
2773 1232 3182 1297 monumentis,
3209 1237 3263 1282 et
3312 1225 3635 1280 lretahuntur
3692 1222 3772 1303 qui

2214 1346 2341 1394 sunt
2368 1337 2424 1392 in
2460 1347 2605 1390 terra
2635 1333 2706 1387 ".
2738 1349 2756 1384 ι
2811 1326 3191 1383 Praenuntians
3233 1320 3506 1392 publicam
3553 1328 3778 1373 resurre-

2216 1433 2455 1486 ctionem
2513 1426 2766 1498 princeps
2810 1421 3060 1477 Christus
3112 1416 3398 1478 Dominus,
3444 1426 3514 1467 ex
3572 1410 3781 1464 mortuis

2216 1504 2407 1578 factus
2434 1530 2518 1575 est
2545 1517 2965 1590 primogenitus.

2294 1636 2312 1669 ί
2349 1614 2720 1675 Lzrtabuntur,
2767 1610 3011 1676 inquam,
3042 1602 3131 1674 qui
3181 1608 3305 1656 sunt
3340 1599 3392 1652 in
3425 1606 3571 1652 terra
3603 1614 3617 1650 :
3652 1612 3672 1645 ι
3706 1607 3781 1647 ros

2220 1710 2387 1776 enim,
2431 1707 2521 1778 qui
2561 1719 2588 1759 a
2644 1713 2718 1768 te,
2766 1700 2979 1757 sanatio
3010 1706 3113 1753 est.
3162 1695 3228 1749 Et
3261 1694 3381 1763 quis
3427 1691 3569 1745 alius
3616 1697 3780 1742 autem

2222 1816 2311 1857 ros
2344 1798 2611 1855 medicina
2645 1803 2731 1850 est
2762 1791 2941 1857 nobis,
2975 1805 3136 1859 quam
3168 1786 3311 1841 sacri
3345 1782 3601 1852 baptismi
3635 1793 3782 1848 aqua,

2224 1894 2371 1949 unde
2431 1890 2740 1960 expiamur,
2799 1892 2855 1938 et
2914 1876 3291 1936 illustrantur?
3345 1872 3568 1928 «Terra
3621 1879 3784 1922 autem

2210 1988 2515 2057 impiorum
2548 1984 2728 2037 cadet.
2768 1997 2785 2031 ι
2828 1977 3124 2047 Impiorum
3158 1982 3328 2036 terra,
3372 1969 3542 2023 rebus
3572 1961 3787 2019 terrenis

2225 2054 2462 2136 deienita
2488 2077 2568 2132 vis
2599 2086 2646 2130 et
2686 2084 2877 2127 natura
2908 2081 3012 2130 est.
3048 2082 3166 2138 qua:
3190 2064 3391 2127 spretis
3418 2060 3625 2116 divinis
3645 2054 3792 2119 iussis

2226 2182 2256 2221 a
2290 2164 2399 2222 Deo
2429 2168 2697 2232 separata,
2724 2173 2847 2214 cum
2876 2154 3169 2211 inferorum
3194 2147 3432 2221 principe
3456 2143 3700 2199 habitare
3720 2148 3792 2194 est

2229 2262 2480 2316 damnata
2516 2275 2529 2311 :
2564 2269 2684 2325 quas
2727 2264 2779 2308 et
2821 2250 2989 2305 Deum
3041 2244 3315 2301 hominem
3354 2253 3539 2294 coram
3576 2248 3792 2306 praseno

2232 2360 2338 2407 tem
2371 2364 2544 2418 neque
2583 2344 2822 2417 agnovit,
2860 2354 3035 2408 neque
3076 2333 3347 2391 adoravit.
3380 2328 3519 2384 Nam
3560 2326 3791 2380 Christus

2232 2446 2285 2500 in
2322 2442 2501 2505 terris,
2545 2450 2599 2494 et
2632 2436 2772 2507 apud
2808 2449 2905 2488 nos
2946 2429 3191 2484 homines
3223 2439 3409 2495 agens,
3464 2435 3575 2474 non
3617 2430 3791 2472 omnes

2232 2538 2455 2595 omnino
2482 2531 2743 2594 servavit,
2778 2526 2872 2583 scd
2904 2539 2997 2579 eos
3029 2520 3123 2592 qui
3161 2534 3219 2574 se
3250 2517 3415 2571 Deum
3445 2518 3791 2583 agnoscerent

2234 2647 2296 2686 ac
2330 2628 2739 2701 proﬁterentur.
2776 2619 2850 2675 Ita
2880 2629 2933 2674 et
2968 2618 3107 2688 apud
3138 2614 3362 2678 inferos,
3411 2625 3471 2665 se
3510 2617 3795 2678 agnoscen-

2235 2698 2345 2787 tes,
2368 2733 2531 2791 atque
2561 2726 2617 2773 ut
2650 2715 2816 2771 Deum
2848 2723 3154 2775 veneratos,
3195 2703 3507 2775 sospitavit,
3536 2701 3588 2755 in
3619 2698 3796 2751 vitam.

2236 2824 2342 2887 que
2376 2807 2613 2865 restituit
2650 2821 2675 2862 ς
2710 2804 2803 2875 qni
2861 2803 2911 2856 id
2964 2800 3185 2854 minime
3236 2795 3517 2857 fecissent,
3565 2805 3658 2845 eos
3687 2803 3796 2844 cum

2239 2883 2453 2957 Orciuis
2507 2896 2801 2969 spiritibus
2861 2894 3102 2964 reliquit.
3163 2891 3352 2959 Itaque
3388 2895 3442 2941 et
3508 2884 3675 2937 David
3731 2883 3797 2935 sic

2241 2996 2468 3052 efi'atur:
2494 3013 2513 3046 ι
2540 2994 2942 3049 Convertantur
2960 2996 3274 3058 peccatores
3298 2984 3353 3037 in
3373 2983 3671 3040 infernum.
3696 2994 3792 3031 Olit-

559 3093 729 3147 vhomo
774 3090 827 3144 in
860 3103 924 3144 eo
990 3088 1081 3157 qui
1134 3084 1261 3141 fecit
1307 3098 1430 3139 eum
1461 3099 1477 3139 :
1513 3080 1652 3136 oculi
1700 3090 1883 3135 autem
1917 3079 2035 3151 ejus
2083 3081 2134 3133 in

2243 3102 2337 3143 nes
2388 3096 2593 3157 gentes,
2647 3099 2765 3155 quae
2802 3080 3195 3137 obliviscuntur
3246 3075 3411 3129 Deum
3446 3076 3515 3128 ".
3561 3094 3580 3126 ι
3626 3072 3686 3126 Et
3719 3084 3801 3136 per

575 3193 821 3244 sanctum
860 3180 1028 3236 Israel
1059 3177 1413 3233 intuebuntur
1446 3175 1513 3228 υ.
1545 3192 1562 3224 ι

647 3276 827 3345 Atque
889 3273 1004 3328 hac
1039 3281 1225 3327 sancta
1274 3270 1591 3325 (economire
1649 3265 1851 3322 Christi
1908 3276 2107 3319 arcana

564 3370 850 3431 instabant,
903 3366 1102 3437 quibus
1160 3362 1524 3435 percipiendis
1587 3361 1767 3429 ipsum
1835 3358 2143 3415 Servatoris

562 3463 774 3520 Christi
826 3474 1045 3518 sacrum
1113 3472 1314 3527 corpus
1361 3457 1768 3527 pretiosumque
1825 3454 2140 3524 sanguinem

561 3556 923 3629 percipimus,
960 3563 1019 3609 ut
1049 3556 1114 3608 ab
1148 3566 1214 3607 eo
1241 3550 1418 3607 edocti
1450 3563 1640 3603 sumus
1672 3563 1688 3603 :
1733 3566 1751 3600 ι
1778 3547 1876 3613 Qui
1912 3548 2144 3600 mandu-

571 3657 665 3706 cat
697 3663 867 3702 meam
902 3658 1151 3709 carnem,
1194 3651 1249 3696 et
1298 3641 1434 3696 bibit
1484 3654 1664 3694 meum
1716 3639 2056 3709 sanguinem,
2092 3636 2144 3690 in

579 3754 665 3794 me
691 3746 892 3803 manet,
925 3743 983 3791 et
1012 3749 1114 3809 ego
1146 3732 1201 3787 in
1237 3732 1329 3788 illo
1368 3730 1438 3786 ".
1477 3750 1494 3782 ο
1544 3729 1780 3784 Rursum
1814 3728 1880 3782 ad
1912 3728 2149 3795 discipu—

580 3830 697 3884 los:
733 3846 753 3880 ι
789 3826 1033 3896 Accipite
1054 3836 1109 3881 et
1134 3826 1440 3881 eumedite:
1471 3826 1574 3884 hoc
1603 3838 1911 3897 esteorpus
1943 3844 2146 3886 meum.

575 3920 696 3976 Hoc
724 3920 883 3975 facile
912 3920 963 3973 in
998 3932 1170 3974 meam
1221 3920 1790 3978 commemorationem
1825 3920 1893 3974 ".
1934 3938 1953 3972 ›
1991 3920 2153 3975 Simi—

583 4019 705 4070 liter
737 4022 791 4067 et
817 4016 882 4069 de
908 4012 1078 4069 culice
1109 4014 1284 4067 dicit:
1318 4031 1338 4065 ι
1376 4012 1551 4069 Dibite
1580 4029 1646 4068 ex
1678 4016 1781 4069 hoc
1809 4030 2021 4071 omnes.
2055 4014 2151 4071 Hic

584 4118 668 4164 cst
690 4108 835 4163 enim
868 4106 1091 4177 sanguis
1149 4120 1304 4161 meus
1352 4107 1477 4162 novi
1538 4109 1871 4175 testamenti,
1932 4111 2022 4178 qui
2056 4126 2153 4178 pro

587 4201 739 4255 vobis
768 4212 821 4255 et
847 4213 944 4269 pro
971 4198 1156 4253 multis
1188 4198 1495 4254 eﬂundetur
1520 4202 1571 4255 in
1626 4203 1999 4257 remissionem
2031 4219 2157 4275 pec-

584 4294 929 4350 catorum".
964 4310 984 4345 ι
1043 4292 1148 4349 Sed
1204 4293 1316 4349 haec
1348 4296 1481 4351 satis
1525 4306 1652 4351 sunt
1678 4297 1743 4351 de
1795 4296 2039 4368 principe
2091 4313 2156 4354 ac

586 4389 774 4458 regina
806 4387 1017 4443 dierum
1042 4401 1233 4453 {nunc
1267 4389 1535 4444 orationis
1578 4401 1735 4443 axem
1786 4392 1853 4444 ad
1907 4405 2154 4445 resurre-

2245 3178 2578 3236 Ezechieiem
2599 3176 2827 3231 mortuis
2856 3176 2930 3227 ait
2951 3172 3122 3227 Deus:
3157 3191 3174 3223 ι
3200 3170 3339 3225 Ecce
3369 3183 3469 3237 ego
3502 3166 3687 3236 aperio
3707 3177 3801 3216 me.

2245 3274 2449 3329 morias
2475 3282 2703 3331 vestras
2746 3286 2759 3324 :
2808 3278 2859 3323 et
2910 3267 3163 3323 reducam
3200 3277 3295 3317 vos
3328 3262 3392 3315 de
3428 3259 3694 3328 sepulcris
3724 3272 3801 3307 ve-

2245 3368 2393 3429 stris,
2435 3364 2626 3434 p0pule
2686 3362 2780 3425 mi,
2839 3369 2895 3415 et
2948 3358 3287 3411 introducam
3344 3368 3440 3408 vos
3504 3352 3557 3405 in
3618 3360 3802 3405 terram

2248 3460 2407 3514 Israel
2436 3476 2449 3524 ;
2487 3466 2540 3512 et
2574 3453 2918 3527 cognoscetis
2949 3450 3202 3522 quoniam
3235 3462 3334 3518 ego
3386 3462 3509 3501 sum
3564 3442 3807 3497 Dominus

2249 3563 2449 3615 vester,
2486 3565 2607 3605 curn
2627 3550 2896 3619 aperuero‘
2912 3543 3153 3613 sepulcra
3187 3550 3390 3605 vestra,
3415 3548 3472 3592 ut
3503 3540 3725 3593 educam
3755 3537 3810 3586 de

2249 3645 2511 3717 sepulcris
2556 3641 2808 3713 populum
2864 3651 3080 3700 meum;
3124 3642 3177 3687 et
3204 3632 3343 3686 dabo
3367 3629 3621 3697 spiritum
3654 3639 3808 3679 meum

2252 3744 2305 3797 in
2347 3740 2493 3794 vobis
2520 3745 2577 3800 et
2616 3734 2807 3809 rivalis
2855 3730 2922 3784 “.
2958 3747 2978 3781 ›
3018 3728 3157 3794 Quin
3202 3737 3256 3780 et
3288 3722 3410 3781 Orci
3444 3722 3809 3789 direptionem,

2253 3854 2307 3898 et
2347 3816 2658 3907 vastitatem
2722 3826 3027 3906 praevidens
3085 3819 3287 3874 clamat
3327 3812 3498 3869 David
3556 3830 3573 3870 :
3634 3830 3652 3864 ι
3691 3812 3815 3888 Dom

2252 3948 2498 3992 conteret
2529 3937 2720 3991 dentes
2755 3948 2944 3990 eorum
2982 3934 3036 3987 in
3076 3946 3170 3987 ore
3206 3933 3443 4001 ipsorum
3475 3950 3490 3987 :
3528 3932 3697 3986 molas
3721 3930 3815 3983 leo-

2257 4045 2382 4087 num
2415 4027 2719 4098 confringet
2748 4026 3011 4081 Dominus
3042 4024 3111 4081 ”.
3152 4043 3170 4075 ι
3213 4023 3281 4079 Ει
3311 4024 3411 4080 Job
3439 4040 3456 4079 :
3495 4043 3514 4076 ι
3549 4023 3689 4088 Tibi,
3723 4020 3816 4074 Dec

2256 4120 2426 4183 mine,
2455 4116 2777 4188 aperiuntur
2829 4124 2973 4168 metu
3025 4125 3195 4182 porta:
3230 4114 3440 4177 mortis,
3477 4121 3534 4167 et
3578 4114 3817 4167 ianitores

2257 4212 2460 4268 inferni
2492 4211 2738 4265 videntes
2764 4220 2813 4263 te
2837 4210 3135 4264 timuerunt
3173 4208 3213 4263 ⁸.
3251 4226 3269 4259 i
3308 4205 3519 4263 Isaias:
3557 4226 3575 4257 ι
3610 4207 3815 4261 Domine

2259 4309 2422 4374 Deus,
2452 4304 2763 4375 giorilicabo
2799 4312 2872 4369 te,
2931 4301 3165 4356 laudabo
3206 4316 3400 4355 nomen
3461 4310 3643 4367 tuum,
3696 4312 3817 4369 quo.

2257 4404 2403 4458 "niam
2448 4398 2625 4455 fecisti
2678 4396 3047 4461 admirabilia,
3089 4396 3379 4451 consilium
3430 4396 3711 4464 antiquum
3741 4405 3817 4445 ve-

589 4480 786 4535 etionis
819 4478 1237 4546 disputationem
1273 4491 1671 4544 eonvertamus,
1696 4495 1757 4534 ac
1798 4497 2012 4535 rursum
2048 4500 2134 4537 nra

2265 4512 2380 4549 rum
2416 4512 2429 4547 :
2462 4493 2587 4562 quia
2619 4490 2847 4561 posuisti
2887 4488 3133 4543 civitates
3166 4488 3217 4541 in
3250 4487 3569 4550 tumultum,
3592 4487 3817 4540 civitates

590 4577 803 4632 exteris
829 4578 1081 4633 omnibus
1118 4577 1373 4632 Davidem
1408 4585 1858 4645 contemplemur.

1174 4690 1406 4746 CAPUT
1459 4690 1569 4745 LX.

842 4781 916 4836 De
947 4782 1139 4836 Christi
1171 4800 1202 4836 α
1252 4785 1472 4836 mortuis
1502 4786 1893 4839 resurrectione.

666 4889 688 4923 ι
720 4872 798 4924 'l‘n
830 4885 1129 4941 exsurgens
1182 4872 1531 4927 misereberis
1563 4872 1716 4937 Sion,
1774 4875 1897 4943 quia
1954 4884 2165 4943 tempus

597 4962 890 5018 miserendi
925 4963 1066 5032 ejus,
1103 4964 1231 5033 quia
1284 4966 1431 5017 venit
1470 4973 1701 5033 tempus.
1758 4984 1775 5016 ι
1812 4964 1874 5018 Et
1917 4966 2113 5021 ibidem
2146 4984 2159 5018 :

602 5076 621 5108 ι
661 5055 975 5111 Αἳύίθοειὺὶι
1009 5056 1271 5111 Dominus
1303 5056 1458 5123 Sion,
1489 5065 1543 5112 et
1588 5060 1861 5113 videbitur
1908 5058 1960 5112 in
1992 5060 2165 5129 gloria

594 5164 694 5202 sua
724 5165 738 5202 :
787 5150 1022 5218 respexit
1059 5150 1111 5203 in
1142 5150 1440 5204 orationem
1474 5150 1776 5203 humilium.
1817 5170 1835 5202 ι
1879 5150 2167 5218 Quorum?

592 5240 698 5306 Qui
730 5241 800 5294 ob
829 5238 1033 5309 flagitia
1070 5238 1385 5307 inaucipati,
1416 5239 1598 5292 divina
1632 5239 2001 5293 misericordia
2030 5254 2168 5306 opus

594 5332 822 5389 habent.
892 5353 909 5385 ι
941 5332 1013 5387 'Et
1038 5348 1143 5388 non
1176 5332 1382 5402 sprevit
1417 5346 1638 5401 precem
1670 5347 1854 5386 eorum
1884 5332 1951 5385 ".
1987 5352 2004 5385 ι
2058 5332 2165 5386 Ne-

669 5500 715 5531 ’¹⁹
748 5496 910 5552 Hebr.
942 5514 1022 5563 III,
1060 5498 1146 5551 i7.
1223 5498 1264 5528 ’θ
1290 5496 1445 5553 Joan.
1476 5514 1546 5561 vt,
1618 5497 1705 5551 56.

601 5566 647 5603 α’
672 5569 803 5625 Luc.
843 5584 880 5633 ι,
913 5570 999 5623 78.
1077 5570 1246 5623 “'lsa.
1294 5586 1402 5635 xvr,
1430 5570 1483 5624 6.

601 5643 647 5675 ⁸⁸
674 5641 878 5694 Matth;
900 5655 1054 5705 xxvi,
1103 5640 1195 5695 ‘26.
1292 5642 1337 5671 "
1363 5644 1489 5696 ibid.
1518 5656 1688 5705 xxvii,
1715 5645 1804 5695 28.

605 5729 751 5775 xxvi,
784 5712 867 5767 I9.
969 5713 1012 5743 "’
1037 5714 1074 5765 Ρ
1109 5715 1177 5766 al.
1214 5711 1405 5781 tx,18.

604 5787 631 5839 Δ
677 5797 829 5855 seqq.

1810 5498 1851 5531 ⁶¹
1897 5498 1997 5553 lsa.
2046 5514 2119 5559 xi,
2166 5498 2249 5553 l7.

1598 5570 1641 5602 ⁸⁷
1692 5570 1920 5624 Zachar.
1970 5572 2199 5633 "11,22.

1909 5643 1952 5673 ”
1982 5642 2121 5695 Pszil.
2149 5657 2219 5701 Cl.
2252 5639 2435 5693 14-18.

1501 5714 1545 5746 "
1572 5712 1768 5773 Execii.
1808 5729 2008 5775 xxxvii,
2055 5715 2137 5775 12,
2174 5713 2253 5767 15.

2265 4589 2519 4653 munitas,
2549 4597 2605 4639 ut
2643 4586 2901 4641 caderent
2937 4582 3293 4637 fundamenta
3322 4596 3540 4644 earum,
3590 4580 3815 4634 civitates

2265 4679 2558 4748 impiormn
2595 4677 2647 4729 in
2691 4686 2955 4729 mternum
2993 4675 3390 4727 vastabantur:
3423 4681 3707 4742 propterea
3738 4669 3818 4723 be-

2268 4776 2480 4829 netlicct
2512 4773 2605 4826 tibi
2645 4770 2875 4841 populus
2919 4784 3145 4839 pauper,
3180 4780 3235 4822 et
3275 4767 3523 4821 civitates
3557 4767 3817 4821 hominum

2270 4871 2524 4941 iniuriam
2558 4868 2973 4933 sustinentium,
3010 4874 3062 4920 te
3111 4862 3440 4917 timentium.
3493 4861 3659 4917 Fuisti
3694 4860 3819 4916 enim

2272 4964 2415 5018 Omni
2448 4960 2653 5014 civitati
2689 4959 2875 5012 humili
2921 4956 3213 5011 auxiliator
3236 4955 3277 5009 ³.
3314 4974 3333 5007 ο
3381 4955 3596 5025 Impius,
3626 4956 3819 5023 opinor,

2272 5058 2541 5109 damones
2601 5062 2779 5117 vocat,
2847 5050 3040 5120 oppida
3093 5047 3325 5113 munita,
3366 5050 3491 5102 Urci
3544 5049 3741 5117 regiam
3775 5054 3824 5098 et

2273 5148 2463 5203 mortis
2490 5145 2765 5203 domicilia
2787 5160 2801 5209 ;
2825 5160 2853 5198 a
2876 5144 3077 5215 quibus
3105 5143 3315 5205 inopes,
3341 5155 3394 5195 et
3415 5158 3518 5197 non
3540 5140 3821 5211 plenissimi

2275 5243 2515 5296 moribus
2572 5256 2693 5295 cum
2753 5240 2952 5293 virtute
3001 5236 3307 5306 conjunctis
3350 5235 3727 5290 detinebantur
3771 5246 3826 5285 se

2272 5330 2707 5403 possidebantur.
2749 5328 2939 5398 Inopes
2971 5330 3113 5383 enim
3136 5338 3260 5382 sunt
3287 5343 3474 5382 omnes
3512 5328 3605 5397 qui
3629 5322 3826 5378 virtutis

2344 5493 2518 5577 'fisa.
2550 5511 2659 5559 th,
2810 5493 3037 5577 "minam
3066 5508 3175 5557 xiv,
3206 5491 3295 5577 ξο.
3340 5489 3584 5577 “'f'lsa.
3633 5484 3824 5577 xvr.’5_.

2301 5568 2343 5599 ⁸⁸
2374 5569 2499 5621 ibid.
2537 5557 2657 5628 xm,
2683 5566 2738 5620 2.
2849 5567 2897 5596 ⁶⁹
2923 5566 3025 5617 lsa.
3050 5579 3183 5628 xvii,
3216 5563 3264 5616 7.
3340 5558 3591 5615 "‘Joan.
3641 5575 3712 5619 vt.
3745 5557 3823 5611 56.

2301 5639 2435 5693 i-IS.
2530 5637 2725 5692 "ibid.
2759 5636 2844 5691 19.
2948 5635 2992 5665 ⁸⁸
3025 5634 3163 5687 Psal.
3211 5650 3431 5697 Lxxxtv,
3482 5632 3561 5686 I6.
3666 5627 3824 5682 “I53.

2353 5713 2395 5742 θ’
2440 5710 2579 5764 Psal.
2621 5724 2774 5777 Lvm,
2804 5709 2855 5762 7.
2962 5704 3102 5759 ‘Job
3148 5720 3352 5768 xxxvii,
3399 5706 3449 5759 7.
3545 5700 3690 5755 ’Isa.
3729 5714 3825 5762 xxi,
