4004 6206
245 301 339 368 909

1313 305 1702 369 DIALOGUS
1728 302 2034 366 CONTRA
2067 309 2395 372 JUDEOS.

3367 308 3472 374 910

239 430 360 485 opes
390 429 496 472 non
516 414 783 472 obtinent.
814 414 1004 488 Itaque
1031 426 1183 473 vates
1211 402 1662 489 gratulabundus,
1690 429 1795 470 non
1823 416 1869 475 Δ
1899 417 2174 489 ἀθςυρεττ
2210 430 2266 478 et
2292 421 2513 494 spiritus
2547 436 2654 477 non
2670 430 2786 478 erat
2806 421 2857 477 in
2876 421 2976 477 eis.
2997 421 3064 476 Et
3085 421 3222 476 dixit
3250 419 3319 487 ad
3348 435 3471 478 me:

240 508 369 566 Orco
412 509 585 566 solum
621 525 650 564 a
701 507 921 566 Christo
950 510 1185 579 direpto.
1247 512 1340 567 sed
1395 510 1557 567 etiam
1611 507 1800 564 muni-

240 595 426 653 mentis
451 596 571 666 ejus
604 594 849 652 funditus
881 599 1116 664 evereis,
1142 599 1215 654 ait
1242 617 1257 654 :
1306 616 1326 652 ι
1363 596 1536 655 Fuisti
1571 595 1802 653 auxilia-

245 701 325 745 tor
355 689 502 744 omni
538 689 746 744 civitati
784 690 997 756 humili,
1032 710 1050 742 ι
1083 692 1136 746 id
1166 701 1269 754 est.
1307 691 1499 745 animm
1530 689 1798 755 contritae,

239 783 370 852 quod
437 790 492 838 et
548 781 714 837 David
772 783 1055 851 prolltetur
1110 796 1125 835 :
1189 801 1208 835 ι
1244 781 1353 838 Cor
1404 781 1695 836 contritum
1747 787 1802 835 et

241 872 597 937 humiliatum,
618 872 779 939 Deus,
801 885 909 926 non
940 871 1205 941 despicies
1227 873 1272 926 ⁸.
1293 889 1313 924 ›
1336 870 1468 926 Nam
1487 870 1705 926 Christo
1733 870 1800 922 ad

242 958 438 1018 iuleros
461 964 854 1032 descendente,
888 978 995 1019 non
1025 973 1343 1020 sanctorum
1367 965 1563 1019 animm
1589 971 1801 1018 tantum

239 1056 474 1111 liberatae
501 1063 628 1109 sunt
663 1055 808 1120 inde,
843 1055 939 1110 sed
970 1068 1162 1110 omnes
1185 1055 1321 1111 adeo
1344 1054 1498 1125 prius
1517 1053 1572 1108 in
1601 1049 1801 1110 diaboli

237 1161 437 1209 errore,
473 1155 528 1202 ct
562 1145 987 1200 simulacrorum
1013 1145 1161 1200 cultu
1203 1145 1524 1201 servitutem
1559 1147 1803 1200 servien-

238 1252 332 1305 tes,
361 1239 509 1296 aucti
538 1239 816 1311 agnitione
841 1237 957 1304 Dei,
1014 1238 1244 1294 salutem
1307 1250 1435 1294 sunt
1484 1239 1796 1294 consecuti:

238 1348 396 1401 quare
440 1343 492 1388 et
523 1333 726 1404 gratias
754 1334 1004 1403 agebant,
1033 1331 1203 1388 Deum
1249 1332 1555 1388 laudantes.
1590 1330 1710 1388 Iam
1745 1342 1802 1389 et

239 1424 330 1480 Dei
360 1424 541 1481 Patris
570 1440 669 1496 per
695 1424 917 1491 Isaiam,
945 1424 1062 1480 haec
1091 1432 1222 1481 sunt
1249 1425 1315 1481 ad
1355 1423 1550 1481 Filium
1572 1423 1744 1480 verba
1785 1442 1797 1479 :

241 1537 260 1571 ι
292 1517 560 1588 Tempore
605 1517 1113 1587 acceptoexandivi
1162 1526 1235 1583 te,
1269 1524 1325 1573 et
1371 1518 1425 1573 in
1471 1518 1560 1575 die
1607 1516 1803 1574 salutis

235 1607 521 1669 auxiliatos
540 1627 659 1668 sum
690 1612 805 1680 tui;
834 1622 883 1669 et
918 1612 1040 1667 dedi
1065 1619 1117 1668 te
1157 1612 1214 1667 in
1254 1620 1636 1668 testamentum
1673 1627 1804 1681 gen-

239 1708 392 1772 tium,
424 1716 484 1761 ut
512 1705 875 1760 constitueres
903 1712 1128 1770 terram,
1151 1713 1206 1762 et
1229 1703 1537 1774 possideres
1567 1704 1801 1761 haeredi-

1907 509 2180 583 Propheta
2210 529 2376 586 super
2396 515 2666 585 spiritum,
2691 515 2978 586 propheta,
3013 514 3086 570 illi
3116 515 3374 580 hominis,
3411 524 3467 570 et

1906 604 1992 659 die
2023 605 2235 675 spiritui
2271 627 2283 662 :
2320 604 2446 664 Hauc
2475 609 2607 665 dicit
2637 610 2898 665 Dominus
2926 629 2939 666 :
2970 610 3009 663 A
3046 618 3279 678 quatuor
3310 609 3475 678 spiri-

1903 692 2049 751 tibus
2085 695 2196 768 (48)
2239 697 2380 760 veni,
2434 707 2486 752 et
2547 696 2759 755 insuﬂla
2816 699 2869 754 in
2918 709 3163 754 mortuos
3205 699 3339 753 istos
3366 737 3382 764 ,
3417 709 3475 755 et

1905 787 2108 844 vivant.
2143 788 2208 843 Et
2254 789 2594 860 prophetavi,
2631 791 2772 846 sicut
2826 801 3159 862 praeceperat
3212 791 3366 847 mihi.
3409 791 3477 846 Et

1903 879 2188 952 ingressus
2221 881 2275 936 in
2305 896 2400 937 eos
2428 889 2512 938 est
2544 877 2806 951 spiritus;
2834 893 2888 937 et
2924 882 3183 950 vixerunt
3208 922 3226 948 ,
3274 893 3328 938 et
3361 893 3475 937 ste—

1905 981 2087 1026 terunt
2141 973 2195 1027 in
2249 974 2478 1044 pedibus
2511 975 2647 1042 suis,
2684 977 3042 1046 congregatio
3086 976 3251 1030 multa
3290 975 3474 1031 nimis.

1905 1060 1970 1116 Et
1997 1061 2214 1119 locutus
2247 1074 2332 1120 est
2364 1063 2626 1120 Dominus
2650 1064 2715 1119 ad
2745 1081 2852 1132 me,
2883 1067 3071 1120 dicens
3098 1084 3112 1121 :
3163 1063 3264 1120 Fili
3303 1065 3478 1120 homi-

1902 1153 2012 1220 nis,
2064 1169 2187 1211 ossa
2234 1157 2350 1212 haec
2396 1155 2576 1212 omnis
2628 1157 2821 1213 domus
2866 1155 3031 1212 Israel
3068 1167 3152 1212 est
3199 1176 3214 1213 :
3275 1166 3327 1212 et
3375 1156 3476 1226 ipsi

1909 1244 2100 1300 dicunt
2133 1261 2147 1300 :
2185 1245 2348 1302 Arida
2397 1246 2537 1302 facta
2573 1256 2700 1303 sunt
2745 1261 2866 1302 ossa
2907 1257 3117 1314 nostra,
3153 1247 3314 1318 periit
3350 1261 3478 1314 spes

1908 1347 2115 1405 nostra,
2163 1339 2544 1397 dissonuimus.
2579 1340 2868 1408 Propterea
2901 1340 3221 1404 vaticinare,
3250 1351 3304 1396 et
3341 1341 3428 1396 die
3459 1358 3473 1394 :

1909 1426 2037 1484 Hmc
2087 1428 2220 1484 dicit
2271 1430 2530 1486 Dominus
2579 1448 2596 1490 :
2644 1431 2788 1487 Ecce
2817 1446 2916 1502 ego
2960 1433 3148 1503 aperio
3183 1433 3477 1488 memorias

1916 1528 2126 1576 vestras
2163 1537 2178 1575 :
2209 1528 2263 1575 et
2314 1520 2568 1576 reducam
2609 1537 2707 1576 vos
2738 1523 2801 1576 de
2833 1523 3098 1592 sepulcris
3129 1523 3349 1589 vestris,
3379 1537 3481 1590 po-

1912 1610 2038 1682 pule
2072 1613 2170 1680 mi,
2216 1623 2272 1668 et
2301 1612 2643 1669 introducam
2692 1630 2788 1670 vos
2822 1614 2876 1670 in
2911 1622 3114 1669 terram
3161 1615 3330 1670 Israel
3373 1615 3415 1669 '.
3454 1632 3475 1668 ι

1905 1701 2016 1757 Hoc
2039 1702 2340 1759 Ezechielis
2353 1703 2672 1759 vaticinium
2687 1706 3046 1774 complevisse
3070 1721 3250 1760 meum
3274 1705 3481 1775 Jesum,

235 1807 368 1869 tates
397 1799 642 1854 desertas
664 1797 708 1864 ⁸,
742 1816 762 1850 ›
799 1813 898 1868 per
928 1799 1171 1855 desertas
1203 1797 1548 1853 hereditates
1599 1795 1802 1853 inferos
1835 1774 1879 1834 Β
1907 1793 2069 1850 docet
2112 1794 2448 1867 evangelista
2500 1795 2554 1850 in
2595 1795 2712 1851 haec
2761 1795 2925 1851 verba
2955 1814 2971 1851 :
3013 1815 3032 1849 ι
3069 1795 3137 1852 Et
3179 1811 3305 1853 ecce
3337 1774 3481 1851 terra

235 1888 542 1957 signiﬁcans
566 1928 584 1955 ,
619 1901 755 1959 quos
784 1887 1006 1942 omnino
1035 1888 1278 1944 desertos
1309 1897 1470 1958 atque
1500 1896 1684 1944 vastos
1710 1889 1806 1943 ha-

237 1979 351 2035 buit
380 1980 655 2036 Christus.
710 1980 851 2047 Quin
891 1991 951 2036 ut
983 1981 1283 2037 orationem
1315 1980 1652 2051 exploratam
1683 1981 1807 2036 red-

238 2072 411 2141 deret,
448 2073 770 2144 subiungit:
807 2091 827 2126 ι
862 2073 1054 2129 Dicens
1089 2072 1173 2128 bis
1196 2073 1289 2144 qui
1321 2074 1372 2128 in
1401 2074 1631 2128 vinculis
1655 2084 1806 2141 sunt,

236 2167 430 2236 Exite;
461 2176 514 2225 et
552 2169 640 2224 his
693 2168 787 2240 qui
831 2171 883 2223 in
937 2163 1200 2236 tenebris,
1253 2176 1312 2225 ut
1352 2168 1659 2226 revelentur
1702 2171 1747 2225 ⁸.
1783 2188 1802 2223 s

236 2256 405 2317 Oseas
432 2261 601 2328 addit,
627 2271 882 2332 tanquam
919 2275 980 2317 se
1005 2263 1357 2317 hortarentur
1383 2271 1442 2318 et
1471 2261 1810 2331 impellerent

235 2354 472 2409 invicem
522 2354 770 2410 dicentes
802 2369 817 2408 :
871 2373 890 2406 ι
913 2354 1206 2411 Eamuset
1241 2364 1577 2411 revertamur
1607 2358 1673 2410 ad
1705 2355 1811 2410 Do-

239 2448 438 2501 minum
470 2446 634 2501 Deum
676 2455 942 2513 nostrum,
987 2447 1114 2518 quia
1151 2447 1268 2519 ipse
1301 2446 1432 2502 fecit
1469 2462 1569 2504 nos
1602 2456 1657 2504 et
1688 2464 1812 2503 san-

236 2539 494 2595 ctilicahlt
524 2555 623 2595 nos
648 2549 770 2610 post
791 2540 905 2595 dies
922 2540 1057 2595 duos
1078 2520 1121 2595 ί.
1145 2559 1163 2593 ι
1188 2539 1412 2596 Sentitis
1447 2542 1763 2613 prophetam
1790 2542 1814 2595 ‘l

235 2632 480 2687 Primum
526 2633 763 2688 divinam
799 2643 1048 2687 naturam
1078 2633 1310 2689 innuens
1334 2634 1449 2690 ait:
1489 2652 1508 2686 ι
1539 2633 1661 2703 Ipse
1689 2632 1816 2690 fecit

237 2739 337 2780 nos
374 2743 391 2779 :
433 2743 451 2777 ι
485 2733 597 2780 tum
629 2734 806 2779 autem
831 2725 1167 2792 corporalem
1189 2724 1391 2782 Christi
1417 2735 1643 2781 mortem
1676 2741 1814 2796 pra:-

233 2818 453 2888 sagiens
481 2833 496 2871 :
530 2835 549 2870 σ
574 2815 702 2871 Post
721 2816 856 2874 duos
891 2817 1237 2886 dies,inquit,
1259 2817 1617 2873 sanctificabit
1643 2834 1762 2887 nos,
1789 2839 1808 2873 ι

234 2909 363 2964 illud
395 2908 619 2965 omnino
643 2918 703 2963 ut
749 2907 1103 2976 prmteritum,
1141 2909 1242 2963 hoc
1289 2916 1346 2962 ut
1411 2906 1688 2976 futurum;
1722 2909 1816 2964 de-

234 3000 404 3073 nique
432 3013 489 3056 ut
524 3010 812 3071 utrumque
838 2998 1172 3064 ostenderet,
1203 2999 1460 3053 audacter
1483 2998 1670 3054 addit:
1707 3017 1726 3052 ι
1758 2997 1816 3053 In

1909 1897 2055 1943 m0ta
2090 1898 2196 1952 est.
2254 1895 2309 1943 et
2359 1898 2528 1960 petra:
2579 1890 2769 1944 scissae
2821 1901 2971 1955 sunt,
3021 1900 3076 1945 et
3128 1898 3482 1945 monumenta

1908 1992 2093 2051 aperta
2118 1991 2264 2046 sunt,
2305 1989 2360 2036 et
2387 1981 2552 2036 multa
2590 1996 2819 2051 corpora
2853 1990 3190 2045 sanctorum,
3227 1981 3317 2051 qui
3352 1981 3484 2036 dor-

1915 2074 2169 2143 mierant,
2201 2083 2574 2131 surrexerunt.
2608 2073 2674 2130 Et
2716 2087 2976 2131 exeuntes
3015 2075 3082 2130 de
3111 2071 3479 2129 monumentis

1919 2179 2042 2239 post
2085 2171 2539 2226 resurrectionem
2591 2169 2730 2240 ejus,
2791 2180 3060 2225 venerunt
3108 2169 3163 2224 in
3236 2176 3481 2223 sanctam

1909 2260 2232 2324 civitatem,
2329 2270 2384 2316 et
2460 2269 2822 2332 apparuerunt
2893 2258 3144 2316 multis'.
3193 2277 3211 2312 ι
3316 2257 3486 2314 Isaias

1913 2367 2134 2423 quoque
2192 2355 2485 2411 ostendens
2544 2352 2977 2424 Hierosolymam
3025 2365 3146 2425 post
3213 2355 3483 2410 excidium

1912 2464 2133 2503 rursum
2151 2447 2414 2502 illustrem
2433 2445 2695 2511 futuram,
2715 2462 2951 2514 Sacram,
2972 2456 3187 2504 auctam
3210 2448 3484 2512 thesauro.

1913 2537 2008 2592 Dei
2040 2537 2272 2592 hominis
2293 2534 2419 2592 Iesu
2473 2537 2724 2607 sepulcro
2755 2578 2770 2603 ,
2822 2537 3058 2593 clamat:
3113 2557 3132 2591 ι
3163 2539 3490 2608 Aperientur

1916 2641 2084 2700 porta:
2120 2641 2225 2685 tua:
2266 2643 2527 2699 semper:
2561 2631 2649 2686 die
2687 2645 2751 2686 ac
2793 2640 2953 2687 nocte
2998 2648 3103 2687 non
3141 2632 3486 2696 claudentur,

1917 2732 1976 2779 ut
2031 2723 2378 2780 introducant
2428 2723 2495 2779 ad
2551 2734 2602 2780 te
2659 2723 3034 2780 fortitudinem
3102 2727 3381 2797 gentium,
3435 2737 3492 2781 et

1917 2831 2076 2888 reges
2105 2832 2316 2881 earum,
2349 2817 2438 2887 qui
2490 2817 2791 2872 adducendi
2845 2827 2993 2873 sunt.
3027 2819 3229 2874 Gentes
3263 2818 3406 2872 enim
3438 2828 3494 2874 et

1917 2924 2093 2979 reges.
2127 2908 2217 2976 qui
2270 2923 2377 2964 non
2409 2908 2648 2964 servient
2705 2907 2822 2974 tibi,
2871 2908 3149 2979 peribunt,
3203 2919 3256 2962 et
3302 2917 3493 2978 gentes

1920 3000 2209 3057 solitudine
2236 2998 2625 3056 desulabuntur
2662 3000 2705 3054 '.
2737 3019 2758 3054 ι
2810 3000 3020 3057 Videtis
3065 3012 3126 3056 ut
3176 3002 3242 3056 dc
3273 3001 3494 3056 Christo

241 3094 328 3150 die
363 3094 530 3150 tertio
562 3107 911 3162 resurgemus
937 3100 994 3147 et
1032 3091 1279 3147 vivemus
1323 3091 1448 3146 cum
1482 3103 1571 3148 eo.
1611 3109 1631 3144 ι
1687 3090 1816 3146 Eze-
1841 3127 1887 3185 α
1920 3093 2239 3148 vaticinium
2271 3092 2382 3148 sit?
2411 3093 2540 3159 Quae
2563 3093 2709 3149 enim
2743 3107 2896 3164 gens,
2928 3103 3020 3148 aut
3052 3093 3141 3168 qui
3172 3108 3266 3148 rex
3301 3091 3492 3147 IIieroo

236 3186 379 3241 cbicl
417 3186 582 3240 etiam
618 3183 900 3238 declarans
933 3182 1026 3237 Dei
1054 3179 1597 3252 magnitudinem,_ac
1624 3194 1816 3250 quem-

245 3276 546 3331 admodum
583 3290 678 3329 sua
715 3273 820 3330 sibi
860 3272 1101 3343 paranda
1152 3271 1556 3328 resurrectione
1590 3270 1813 3341 polleat,

243 3383 350 3422 non
386 3368 455 3423 de
478 3365 698 3422 Christo
725 3367 906 3430 modo,
939 3365 1034 3420 sed
1064 3363 1133 3419 de
1159 3361 1416 3418 omnibus
1445 3377 1660 3432 quoque
1692 3378 1814 3418 cum

243 3475 305 3516 eo
325 3457 491 3515 simul
511 3457 759 3515 redivivis
771 3466 851 3512 est
869 3456 1211 3512 vaticinatus.
1231 3454 1498 3510 Cancrum
1513 3455 1602 3523 qui
1619 3455 1818 3510 multos

240 3553 514 3609 suscitare
571 3561 770 3622 potest,
834 3558 1038 3621 quanto
1076 3549 1249 3619 magis
1284 3548 1526 3617 seipsum
1575 3545 1818 3616 poterit?

246 3649 422 3717 Igitur
447 3647 649 3704 diserte
679 3647 879 3700 clamat
907 3663 923 3700 :
960 3663 977 3695 ι
1009 3643 1174 3699 Facta
1210 3650 1293 3698 est
1320 3657 1483 3711 super
1508 3657 1594 3696 me
1625 3655 1819 3696 manus

247 3739 470 3794 Domini
500 3756 515 3795 :
547 3747 602 3793 et
640 3737 824 3793 eduxit
862 3751 945 3791 me
976 3738 1029 3791 in
1079 3734 1272 3806 spiritu
1303 3733 1515 3788 Domini
1548 3743 1603 3789 et
1640 3733 1821 3804 posuit

246 3848 331 3886 me
368 3830 425 3886 in
459 3829 634 3885 medio
662 3829 838 3898 campi
869 3847 884 3883 :
917 3838 970 3882 et
1002 3829 1089 3883 hic
1113 3837 1230 3882 erat
1256 3827 1446 3897 plenus
1491 3826 1695 3881 ossium
1723 3826 1823 3880 ho-

246 3923 460 3978 minum
488 3940 502 3978 :
533 3934 586 3976 et
617 3919 983 3976 circumduxit
1015 3933 1098 3972 me
1127 3932 1292 3987 super
1318 3931 1379 3972 ea
1413 3931 1508 3986 per
1536 3931 1723 3988 gyrum
1766 3916 1820 3972 in

249 4017 488 4071 circuitu
520 4031 534 4066 :
568 4023 624 4068 et
657 4026 784 4068 ecce
812 4012 978 4066 multa
1009 4011 1174 4066 nimis
1208 4025 1370 4076 super
1396 4008 1590 4064 faciem
1621 4010 1820 4079 campi,

249 4107 405 4162 arida
445 4105 816 4160 vehementer.
876 4103 940 4157 Et
972 4102 1108 4155 dixit
1143 4101 1207 4155 ad
1259 4115 1344 4155 me
1375 4118 1390 4156 :
1425 4099 1526 4156 Fili
1564 4100 1821 4166 hominis,

249 4201 295 4255 si
327 4199 516 4258 vitent
544 4213 667 4254 Ossa
706 4196 862 4252 haec?
892 4195 1082 4250 Etdixi
1127 4214 1140 4248 :
1179 4194 1424 4254 Domine,
1473 4194 1722 4259 Domine,
1767 4203 1822 4249 tu

251 4294 398 4348 nosti
430 4293 562 4347 lucc.
600 4291 666 4344 Et
688 4290 822 4344 dixit
848 4290 913 4343 ad
942 4303 1024 4342 me
1057 4306 1069 4342 :
1107 4286 1203 4340 Fili
1253 4286 1509 4352 hominis,
1564 4287 1824 4357 propheta

251 4401 424 4456 super
455 4399 573 4440 ossa
608 4384 709 4439 ista
749 4399 763 4448 ;
796 4391 850 4436 et
881 4382 1030 4436 dices
1063 4381 1142 4435 eis
1183 4395 1199 4434 :
1232 4378 1365 4434 Ossa
1416 4381 1592 4446 arida,
1643 4380 1827 4435 audite

1918 3183 2138 3256 solymte
2169 3182 2413 3250 servivit,
2441 3192 2536 3238 aut
2563 3183 2788 3253 supplex
2821 3166 3074 3238 accidith
3112 3183 3273 3238 Addit
3309 3199 3325 3239 :
3366 3200 3387 3235 α
3425 3182 3493 3238 Et

1918 3276 2089 3346 gloria
2143 3274 2335 3330 Libani
2362 3275 2428 3331 ad
2467 3283 2518 3330 te
2547 3273 2729 3330 veniet
2754 3274 2809 3329 in
2834 3274 3132 3347 cyparisso,
3164 3284 3218 3329 et
3257 3276 3406 3345 pino,
3439 3285 3497 3330 et

1917 3367 2078 3422 cedro
2101 3363 2283 3426 sinml,
2316 3374 2375 3419 ut
2409 3363 2746 3433 gloriﬁcetur
2776 3363 2929 3420 locus
2964 3371 3186 3419 sanctus
3223 3379 3409 3418 meus:
3440 3373 3495 3419 et

1919 3461 2098 3515 locum
2141 3457 2337 3528 pedum
2375 3470 2619 3514 meorum
2666 3455 2981 3527 gloriﬁcaho
3011 3454 3079 3511 ¹⁶.
3113 3473 3132 3507 ι
3175 3455 3486 3521 Explicato,

1919 3551 2061 3623 quod
2088 3551 2459 3621 Hierosolyma
2503 3557 2768 3614 maneret,
2803 3548 3088 3615 beneﬁcio,
3120 3548 3294 3618 aperit
3320 3556 3374 3603 et
3400 3563 3496 3603 au-

1920 3655 2165 3708 ctorem;
2202 3642 2356 3713 quasi
2401 3641 2607 3697 diceret
2647 3659 2662 3695 :
2696 3640 2839 3695 Cum
2880 3641 2931 3695 in
2969 3639 3097 3709 pino
3128 3650 3183 3696 et
3211 3641 3398 3705 cedro,
3429 3655 3494 3696 ac

1920 3746 2199 3809 cupresso,
2251 3752 2316 3792 ex
2363 3735 2560 3806 quibus
2608 3734 2867 3790 fabricata
2938 3742 3057 3789 erat
3107 3749 3264 3799 crux,
3323 3733 3490 3788 Deum

1924 3831 2192 3885 hominem
2211 3827 2393 3883 Iesum
2416 3827 2683 3892 videritis,
2705 3834 2813 3880 tum
2836 3827 2903 3881 ab
2926 3827 3121 3882 eohaec
3144 3822 3323 3881 omnia
3346 3825 3496 3881 lient.

1921 3927 1998 3979 Ae
2032 3922 2207 3978 videte
2237 3921 2573 3988 superiorum
2602 3935 2669 3976 ex
2717 3919 2784 3974 iis
2836 3907 2955 3988 quae
3001 3925 3331 3989 sequuntur,
3374 3922 3499 3973 Sen-

1925 4015 2144 4072 tentiam
2179 4031 2194 4068 :
2238 4033 2257 4065 ι
2287 4011 2351 4066 Et
2397 4012 2550 4067 ibunt
2577 4011 2643 4069 ad
2671 4020 2725 4067 te
2755 4012 3008 4066 timentes
3033 4009 3125 4064 lilii
3158 4023 3370 4072 eorum,
3404 4011 3497 4079 qui

1927 4120 1976 4166 te
2007 4108 2425 4164 humiliaverunt
2447 4107 2511 4159 ".
2548 4126 2566 4159 ι
2597 4104 2900 4174 Intelligitis
2936 4112 3243 4158 accuratam
3269 4103 3500 4172 prephe-

1929 4211 1996 4257 ta:
2017 4198 2388 4271 diligentiam?
2406 4195 2539 4252 Nam
2564 4196 2706 4265 quod
2729 4195 2880 4261 dicit,
2901 4195 3209 4265 huiusmodi
3233 4203 3317 4250 est
3345 4212 3356 4246 :
3395 4194 3504 4248 Ro-

1929 4309 2228 4358 manorum,
2260 4292 2349 4362 qui
2364 4301 2414 4345 te
2433 4289 2634 4360 pridem
2656 4289 2984 4351 amiserunt,
3003 4290 3225 4357 posteri,
3248 4285 3505 4342 formido-

1927 4388 2030 4444 losi
2056 4402 2118 4442 ac
2141 4393 2434 4442 trementes
2451 4385 2605 4438 modo
2621 4383 2684 4438 ad
2705 4392 2756 4438 te
2769 4380 3059 4437 continent.
3079 4393 3104 4433 ἰ
3117 4379 3182 4434 Et
3199 4379 3504 4434 adorabunt

248 4478 483 4534 verbum
516 4476 750 4531 Domini.
810 4473 936 4529 Hmc
966 4473 1098 4528 dicit
1127 4473 1383 4528 Dominus
1411 4473 1631 4528 ossibus
1662 4472 1784 4529 istis
1811 4493 1824 4528 :
1861 4482 1903 4538 ῃ
1933 4478 2156 4548 vestigia
2186 4474 2383 4546 pedum
2425 4484 2638 4528 tuorum
2663 4515 2678 4538 ,
2714 4471 2808 4541 qui
2843 4470 3205 4526 detrahebant
3250 4468 3363 4537 (49)
3403 4467 3499 4522 tibi

255 4569 402 4625 Ecce
432 4583 530 4638 ego
561 4567 729 4621 altero
759 4580 921 4635 super
969 4579 1066 4621 vos
1108 4561 1364 4632 spiritum
1418 4566 1541 4620 vim
1561 4606 1576 4632 ,
1610 4575 1663 4620 et
1691 4566 1832 4621 dabo

253 4677 430 4733 super
457 4675 552 4715 vos
578 4674 798 4722 nervos,
830 4666 884 4713 et
907 4657 1156 4712 inducam
1191 4671 1354 4725 super
1383 4671 1478 4712 vos
1506 4671 1744 4724 carnem,
1779 4667 1833 4712 et

255 4757 552 4811 extendam
581 4769 740 4822 super
766 4768 861 4808 vos
888 4751 1105 4822 pellem,
1134 4760 1187 4806 ct
1216 4751 1356 4805 dabo
1379 4751 1628 4821 spiritum
1653 4766 1831 4804 meum

256 4846 310 4901 iu
357 4845 543 4900 vobis;
578 4857 634 4898 et
662 4844 851 4898 vivetis
881 4861 896 4898 :
927 4854 984 4897 et
1031 4841 1374 4914 cognoscetis
1412 4842 1669 4910 quoniam
1731 4857 1831 4910 ego

257 4957 384 4994 sum
420 4939 705 4992 Dominus.
737 4937 797 4991 Et
833 4935 1177 5007 prolihetavi,
1211 4937 1352 4989 sicut
1386 4935 1640 5004 prmcepit
1673 4935 1826 4990 mihi.

260 5033 329 5087 Et
380 5033 522 5086 facta
568 5040 653 5085 est
699 5045 823 5096 vox,
864 5044 985 5083 cum
1021 5043 1120 5098 ego
1143 5028 1557 5094 prophetarcm;
1608 5039 1662 5082 et
1703 5043 1831 5083 ecce

264 5125 566 5179 commotio
599 5141 611 5174 :
651 5130 705 5173 et
733 5120 1063 5176 accedebant
1099 5135 1224 5175 ossa
1255 5119 1486 5174 invicem
1527 5119 1590 5172 ad
1615 5119 1829 5186 junctu-

263 5230 384 5270 ram
421 5230 597 5272 suam.
642 5213 706 5266 Et
749 5213 852 5268 vidi
885 5231 898 5268 :
928 5221 982 5266 et
1034 5226 1162 5267 ecce
1216 5226 1378 5282 super
1443 5226 1503 5264 ea
1558 5211 1704 5265 nervi
1777 5221 1835 5265 et

264 5327 462 5369 carnes
492 5311 808 5367 oriebantur
836 5325 850 5375 ;
889 5319 942 5364 et
974 5305 1339 5369 ascendebant
1358 5320 1524 5375 super
1556 5319 1619 5359 ea
1665 5305 1832 5376 pelles

333 5522 360 5553 ³
384 5518 525 5575 Psal.
568 5533 623 5578 ι,
654 5517 739 5570 l9.
813 5513 964 5570 l*Isa.
993 5525 1144 5567 XLIX.
1174 5509 1228 5564 8.
1303 5512 1322 5543 ⁸
1349 5509 1478 5566 ibid.
1508 5512 1562 5567 9.
1640 5511 1660 5542 ⁸
1686 5509 1812 5566 Ose.
1845 5525 1918 5574 νι,
1949 5509 2062 5563 1-3.

266 5591 360 5645 52.
438 5591 458 5621 ’
484 5589 588 5644 lsa.
616 5603 704 5650 ιχ,
728 5585 815 5651 Η,
853 5584 934 5640 12.
1016 5583 1059 5614 ¹⁶
1086 5581 1217 5638 ibid.
1249 5581 1334 5634 15.
1415 5583 1455 5614 ¹¹
1486 5582 1617 5638 ibid.
1646 5583 1729 5636 14.
1811 5583 1852 5612 ³³
1876 5580 2006 5636 ibid.

348 5771 461 5842 (£8)
485 5769 583 5825 Ms.
614 5769 884 5842 περάτων.

1942 4576 2015 4640 (et
2050 4568 2339 4624 irritabant
2377 4577 2425 4623 le
2455 4567 2542 4636 “).
2581 4585 2598 4618 ι
2639 4565 2772 4620 Nam
2806 4577 2917 4617 tum
2951 4565 3167 4631 quidem
3200 4560 3270 4615 ob
3299 4560 3504 4616 Christi

1937 4663 2162 4720 necandi
2185 4661 2362 4718 scelus
2397 4661 2587 4714 incolae
2635 4659 2708 4712 tui
2762 4657 3106 4726 imploratum
3135 4655 3503 4709 Romanorum

1937 4769 2220 4829 praetorem
2262 4757 2325 4808 ad
2363 4754 2630 4807 insaniam
2660 4752 2828 4822 magis
2858 4748 3228 4818 instigarunt;
3268 4756 3322 4800 at
3357 4759 3506 4801 nunc

1938 4859 2288 4920 posteaquam
2334 4846 2457 4899 vitae
2494 4844 2698 4898 fontem
2749 4844 2803 4898 in
2850 4851 3068 4913 pectore
3119 4841 3504 4896 scaturieutem

1940 4952 2092 4995 tenes
2142 4957 2158 4993 :
2224 4955 2241 4988 ι
2278 4934 2594 4990 Adorabunt
2640 4933 2864 5004 vestigia
2919 4935 3115 5003 pedum
3167 4942 3380 4986 tuorqu
3414 4931 3506 5000 qui

1941 5032 2229 5089 irritabaut
2276 5039 2348 5084 te.
2406 5029 2469 5082 Et
2517 5027 2800 5082 vocaberis
2849 5025 3043 5081 civitas
3096 5025 3331 5085 Domini.
3377 5023 3504 5076 Sion

1942 5125 2120 5181 sancti
2155 5121 2314 5178 Israel
2350 5137 2365 5175 :
2399 5135 2495 5190 pro
2523 5135 2610 5185 eo,
2645 5119 2786 5189 quod
2823 5118 2966 5172 fuisti
2999 5117 3254 5195 derelicta
3303 5126 3356 5170 ct
3384 5114 3506 5170 odio

1943 5218 2125 5272 habita
2169 5215 2233 5268 ¹³.
2271 5233 2289 5265 ι
2324 5210 2618 5267 Observato
2644 5210 3030 5280 {propheticam
3069 5219 3326 5263 mentem.
3364 5207 3502 5262 Cum

1942 5310 2010 5364 ob
2045 5306 2389 5362 interfectum
2415 5303 2693 5358 Christum
2724 5302 2936 5371 captiva
2964 5316 3024 5355 ac
3061 5300 3278 5356 deserta
3313 5299 3503 5364 fueris,

2149 5504 2389 5560 'Ezech.
2441 5516 2646 5567 xxxv“,
2689 5499 2843 5555 1-12.
2921 5496 3156 5552 'Matth.
3215 5492 3506 5559 xxvu,5l,

2085 5578 2127 5610 "
2153 5578 2280 5631 ibid.

2018 5761 2128 5829 (49)
2153 5759 2578 5826 παροξύναντας.
