4004 6206
501 325 606 390 911

511 453 619 495 tum
657 434 849 491 merito
881 430 1052 499 magis
1082 429 1329 488 Deiurbs
1358 429 1644 492 vocabere,
1677 428 1818 499 quod
1855 426 2075 482 vitalem

513 541 738 586 mortem
770 526 822 580 in
857 534 905 579 te
941 523 1082 577 Deus
1109 524 1271 577 homo
1297 521 1454 576 .lesus
1480 520 1760 576 dormierit
1787 538 1798 574 :
1830 537 1848 572 ι
1880 518 1949 573 Et
1973 533 2077 572 non

520 632 636 680 erat
675 620 767 689 qui
809 616 1164 671 auxiliaretur
1197 614 1291 669 tibi
1325 616 1388 677 ⁸³,
1426 632 1444 665 ι
1489 622 1682 680 ιιι-ωιοτ
1713 626 1799 666 me
1845 610 2079 667 scilicet.

518 715 683 787 quiin
719 724 768 768 tc
802 727 920 767 sum
947 709 1306 765 exanimatus.
1347 726 1364 758 ι
1419 705 1484 762 Ει
1530 721 1724 774 ponam
1757 713 1808 758 te
1841 701 2081 757 exsulta-

515 810 712 865 tionem
746 815 1027 869 aeternam,
1050 801 1304 872 gaudium
1338 797 1746 868 generationum
1781 796 2085 866 generatio-

515 898 670 954 nibus
721 896 787 952 ”.
821 914 839 946 ι
891 894 1034 950 Idem
1087 902 1141 948 et
1195 892 1484 959 Deiparens
1547 888 1709 942 David
1765 888 2078 949 ostendens,

517 991 587 1045 ait
626 1008 640 1046 :
681 1011 698 1042 ι
733 989 844 1043 Nisi
881 988 1140 1042 Dominus
1169 983 1489 1040 custodierit
1524 982 1825 1046 civitatem,
1882 979 2079 1034 frustra

515 1084 700 1151 vigilat
751 1082 845 1151 qui
893 1072 1129 1134 custodit
1197 1093 1312 1131 eam
1353 1076 1413 1128 ¹⁶.
1450 1094 1468 1126 ι
1515 1104 1575 1112 ——
1633 1091 1650 1124 ς
1690 1072 1752 1125 Et
1800 1084 1961 1140 suges
2002 1069 2085 1122 lac

517 1173 797 1242 gentium;
829 1189 848 1222 ι
889 1169 1317 1225 collaudalionen
1350 1182 1412 1220 ac
1434 1165 1588 1219 fidem
1627 1162 1904 1234 gentilium
1936 1167 2086 1212 vates

518 1265 715 1328 innuit,
755 1283 772 1316 ί
803 1271 855 1318 et
880 1262 1094 1317 divitias
1127 1275 1311 1329 regum
1332 1258 1602 1317 comedcs.
1638 1275 1654 1307 ι
1689 1254 1835 1325 Opus
1876 1267 2084 1322 regum,

519 1370 610 1414 aut
648 1358 716 1413 ab
752 1358 874 1412 aliis
915 1355 1078 1410 allata
1136 1368 1386 1416 munera,
1435 1359 1530 1404 aut
1579 1347 2007 1403 confractionem
2035 1353 2088 1398 et

518 1448 935 1506 simulacrorum
960 1446 1291 1516 ejectionem-
1329 1442 1588 1512 propheta
1623 1437 1934 1508 signiﬁcat:
1972 1452 1989 1486 ι
2022 1431 2089 1488 Et

519 1542 682 1605 scies,
716 1540 838 1608 quia
866 1554 966 1610 ego
1001 1537 1279 1596 Dominus,
1310 1535 1399 1605 qui
1451 1532 1596 1588 salvo
1625 1541 1698 1595 te,
1731 1539 1785 1584 et
1815 1527 1905 1597 qui
1954 1541 2088 1581 eruo

526 1646 577 1690 te
610 1635 751 1688 Deus
778 1631 945 1687 lsrael
974 1629 1039 1686 ¹⁷.
1073 1646 1091 1681 ι
1122 1657 1191 1668 -—
1227 1647 1244 1679 ‹
1273 1625 1719 1693 Quandoquidem
1764 1634 1871 1685 me,
1914 1617 2090 1687 inquit

523 1741 620 1796 per
649 1725 962 1788 Jcremiam,
1007 1718 1288 1776 beneﬁciis
1323 1717 1501 1773 aﬂ'ccti
1548 1733 1650 1771 nou
1693 1719 2085 1784 cognoverunt,

1737 313 2158 378 ANDRONICI
2191 311 2535 377 COMNENI

3643 302 3741 365 9l2

2186 424 2314 487 lem,
2348 421 2752 492 corruptionem
2802 427 2894 473 aut
2927 415 3297 472 interitionem
3331 414 3466 487 (49‘)
3510 415 3744 491 effugisse

2185 529 2406 578 remur;
2441 513 2522 568 sin
2549 525 2643 566 vos
2679 509 2899 574 tenetis,
2935 508 3115 562 doceri
3146 507 3402 576 petimus.

2254 603 2564 661 Cunts'rJn
2616 603 2730 657 haec
2773 602 2875 654 tria
2926 599 3216 655 humanam
3273 605 3518 650 naturam
3563 597 3749 666 partita

2185 710 2272 756 est
2313 699 2406 753 Dei
2453 696 2788 768 providentia
2828 712 2842 748 :
2882 694 2936 747 in
3006 707 3212 757 semen,
3278 690 3752 758 augmentationem

2188 809 2282 850 seu
2316 791 2692 852 nutritionem,
2732 795 2788 841 et
2835 785 2887 839 in
2941 792 3139 839 statum
3174 782 3558 838 consistentite.
3594 780 3754 847 Quam

2185 888 2254 939 ob
2286 898 2503 939 causam
2543 883 2641 934 tria
2686 887 2899 949 quoque
2929 891 2990 928 ex
3026 883 3147 928 nata
3185 881 3595 940 consequuntur
3630 887 3752 925 con-

2190 976 2353 1033 traria
2396 991 2410 1029 :
2453 987 2622 1036 mors,
2651 969 2951 1039 corruptio,
2979 967 3244 1021 lnteritio.
3275 965 3403 1032 Qua:
3430 979 3518 1019 res
3554 964 3761 1018 evidens

2187 1078 2272 1121 est
2321 1062 2384 1122 ex
2434 1063 2785 1126 funeralibus,
2833 1075 2967 1129 quas
3013 1059 3253 1123 obintus,
3305 1056 3480 1111 feriis.
3527 1055 3661 1110 Nam
3713 1056 3759 1109 in

2190 1167 2361 1212 morte
2402 1156 2756 1224 sepulturam,
2785 1154 2838 1209 in
2882 1151 3189 1220 corruptela
3233 1151 3424 1203 tertias
3451 1162 3590 1217 quas
3615 1163 3764 1202 voca-

2190 1268 2310 1308 mus
2342 1252 2522 1313 ferias,
2575 1250 2626 1302 in
2673 1247 2832 1302 tertia
2887 1244 3350 1315 quadragenarias
3392 1242 3628 1297 obimus.
3664 1239 3757 1294 No-

2190 1342 2466 1399 vendiales
2504 1341 2652 1396 enim
2683 1341 2986 1393 animarum
3036 1335 3417 1390 instaurationi
3459 1334 3765 1404 excogitatae

2189 1444 2334 1491 sunt.
2370 1434 2533 1504 igitur
2560 1433 2774 1502 quidam
2823 1439 2949 1484 ante
2979 1429 3176 1499 legem,
3207 1437 3262 1483 et
3293 1427 3346 1482 in
3379 1426 3518 1498 lege,
3551 1434 3608 1480 et
3657 1436 3769 1494 post

2191 1531 2385 1600 legem,
2422 1530 2488 1582 ob
2530 1538 2874 1598 praestantem
2904 1525 2957 1578 in
2986 1523 3152 1578 Deum
3188 1538 3427 1578 amorem
3479 1538 3650 1592 supra
3682 1537 3768 1575 na-

2191 1629 2365 1676 turam
2418 1617 2628 1684 luctati,
2670 1614 3074 1684 corruptionem
3122 1628 3229 1668 non
3287 1619 3599 1674 senserunt,
3640 1623 3772 1661 mor-

2194 1720 2303 1768 tem
2344 1710 2512 1782 passi.

523 1817 720 1889 captivi
761 1825 814 1874 et
863 1815 1122 1872 servitute
1160 1811 1367 1866 tnultati
1400 1817 1732 1880 cognoscent
1757 1806 1820 1860 “.
1859 1823 1877 1856 ι
1922 1801 2092 1858 Jacob
2121 1819 2169 1879 Β
2271 1823 2536 1879 caseum,
2574 1835 2729 1876 meus
2761 1817 3014 1874 salvum.
3045 1827 3205 1887 atque
3234 1816 3375 1870 Deus
3399 1823 3633 1868 morm
3663 1828 3778 1882 ιη,-

529 1924 661 1966 vero
697 1911 768 1962 ita
820 1908 1058 1977 loquitur
1095 1925 1111 1961 :
1153 1923 1171 1958 ι
1207 1902 1550 1959 Recumhens
1588 1898 1857 1962 dormisti,
1886 1905 1943 1950 ut
1986 1896 2092 1961 leo,

529 2013 586 2057 et
634 2003 788 2072 quasi
827 2001 1038 2058 catulus
1073 1999 1282 2054 leonis:
1329 1997 1449 2064 quis
1467 1993 1887 2051 suscitabiteum
1939 1988 2030 2042 υτ
2070 2006 2089 2040 ι

525 2091 595 2147 Ει
650 2091 718 2146 de
776 2089 1037 2145 confectis
1081 2100 1314 2143 marore
1366 2086 1561 2140 animis
1623 2082 1812 2138 scribit
1866 2079 2032 2134 David
2079 2094 2096 2133 :

534 2202 553 2237 ι
593 2183 976 2239 Clamaverunt
1004 2183 1068 2236 ad
1105 2179 1388 2235 Dominum
1429 2193 1549 2234 cum
1585 2174 1998 2238 tribularentur,
2045 2181 2102 2227 et

529 2281 596 2334 de
622 2277 1041 2333 necessitatibus
1065 2289 1250 2329 eorunt
1278 2272 1479 2341 eripuit
1506 2285 1622 2334 eos,
1649 2267 1903 2324 sedentes
1935 2265 1989 2318 in
2017 2272 2097 2317 te-

531 2371 712 2427 nebris
755 2379 811 2426 et
842 2369 1031 2424 umbra
1067 2367 1280 2430 mortis,
1317 2365 1528 2420 vinctos
1570 2362 1622 2417 in
1667 2357 2014 2414 mendicitate
2046 2365 2100 2410 et

535 2463 681 2517 ferro
718 2462 785 2522 ὀ,
823 2479 840 2512 ι
884 2461 1061 2528 inopia
1103 2455 1196 2513 Dei
1225 2456 1450 2520 notitiae,
1491 2456 1633 2510 ferro
1660 2451 2096 2514 simulacrorum,

524 2554 708 2609 cultus
726 2554 948 2608 duritie.
968 2551 1034 2606 Et
1052 2551 1249 2606 ibidem
1282 2567 1294 2602 :
1317 2568 1336 2601 ‹
1363 2543 1553 2604 Portas
1566 2559 1735 2600 aereas
1751 2541 2028 2606 contrivit,
2047 2549 2102 2596 et

535 2657 714 2702 vectes
742 2645 946 2700 ferreos
990 2641 1257 2710 confregit
1294 2642 1363 2696 “.
1392 2659 1410 2692 ι
1455 2640 1520 2694 Et
1563 2638 1731 2693 Isaias
1762 2635 1905 2689 velut
1934 2648 1965 2687 a
2012 2632 2104 2687 Di-

538 2738 768 2793 vinitate
791 2734 858 2791 ad
890 2733 1196 2803 copulatum
1232 2747 1355 2786 cum
1393 2746 1456 2786 ea
1506 2742 1700 2798 corpus
1735 2744 1748 2781 :
1791 2743 1809 2778 α
1847 2723 1939 2781 Sic
1969 2723 2103 2778 dicit

533 2827 794 2886 Dominus
829 2825 978 2902 Deus
996 2823 1220 2881 Christo
1253 2839 1369 2878 meo
1403 2841 1418 2878 :
1470 2816 1885 2892 Apprehcndam
1919 2818 2107 2871 dexte-

537 2939 654 2980 ram
679 2924 819 2994 ejus,
849 2933 905 2978 et
942 2922 1223 2978 exaudiam
1255 2934 1415 2974 eum:
1449 2927 1572 2970 ante
1608 2915 1799 2968 faciem
1830 2911 1946 2979 ejus
1971 2925 2103 2982 gen-

529 3027 617 3072 tes
666 3025 722 3074 et
768 3016 1135 3073 fortitudinem
1193 3027 1376 3083 tegunt
1426 3009 1758 3078 disrumpam
1803 3025 1818 3061 :
1868 3007 2104 3077 aperiam

537 3117 664 3163 ante
693 3122 814 3163 eum
843 3107 1059 3176 januas,
1093 3115 1148 3161 et
1180 3106 1429 3159 civitates
1460 3118 1562 3157 non
1607 3100 1955 3157 claudentur.
1991 3098 2104 3168 Ego

2199 1932 2293 1972 sus
2326 1923 2410 1970 est
2436 1923 2660 1984 propter
2685 1926 2917 1982 corpus,
2953 1909 3096 1981 quod
3129 1924 3192 1964 ex
3217 1923 3351 1978 puro
3375 1906 3626 1975 virginali
3659 1921 3775 1959 san-

2199 2007 2380 2078 guine,
2408 2003 2670 2060 testantia;
2697 2002 2920 2060 omnino
2959 2002 3203 2055 humanae
3229 2012 3341 2052 suae
3379 2006 3628 2058 naturae,
3660 2009 3780 2048 con-

2202 2101 2385 2156 traxit.
2414 2099 2548 2153 Nam
2583 2098 2626 2153 si
2651 2099 2720 2151 ob
2737 2104 3018 2166 peccatum
3049 2093 3104 2147 in
3123 2091 3313 2146 orbem
3338 2101 3617 2143 terrarum
3649 2103 3780 2144 mors

2204 2193 2420 2258 invasit,
2473 2205 2671 2260 expers
2701 2197 2879 2242 autem
2907 2184 3114 2256 peccati
3141 2183 3393 2238 Christus
3418 2190 3522 2243 est,
3563 2196 3668 2234 non
3696 2182 3782 2234 ha-

2201 2287 2407 2341 buisset
2433 2285 2485 2339 in
2507 2299 2573 2339 eo
2603 2281 2778 2336 locum
2807 2294 2973 2344 mors,
3005 2277 3108 2331 nisi
3149 2277 3304 2347 jussa
3326 2275 3637 2345 paruisset;
3671 2288 3782 2327 cor-

2202 2380 2505 2449 ruptionem
2560 2391 2693 2432 vero
2747 2382 2840 2428 aut
2889 2371 3184 2442 perniciem
3221 2383 3578 2439 nequaquam
3629 2365 3784 2422 sensit

2201 2469 2539 2526 Dominicum
2568 2479 2785 2536 corpus,
2815 2477 2939 2520 cum
2972 2476 3078 2516 nec
3118 2467 3270 2515 satus
3300 2457 3520 2528 quidem
3574 2464 3630 2511 et
3675 2469 3783 2509 cor-

2201 2577 2371 2631 porea
2423 2559 2665 2630 voluptas
2714 2543 3090 2624 praecesserit;
3127 2563 3303 2620 neque
3358 2550 3408 2604 in
3456 2549 3617 2604 vitiis
3666 2561 3785 2603 con-

2204 2661 2413 2723 ceptus,
2470 2665 2645 2720 neque
2709 2650 2763 2703 in
2808 2647 3045 2718 peccatis
3095 2645 3310 2707 enixus,
3375 2652 3433 2697 ut
3479 2639 3784 2703 aitDavid;

2205 2746 2474 2816 siquidem
2511 2744 2599 2799 ubi
2637 2743 2753 2798 haec
2787 2749 2936 2804 sunt,
2986 2737 3296 2793 necessario
3325 2744 3381 2790 et
3409 2733 3693 2803 corruptio
3737 2741 3786 2788 et

2207 2840 2475 2910 pernicies
2533 2843 2962 2904 consequuntur.
3031 2831 3291 2885 Servator
3358 2835 3549 2882 autem
3613 2825 3785 2878 mundi

2206 2932 2396 2987 volens
2422 2929 2648 2999 benigne
2669 2928 2967 2982 humanum
3003 2938 3174 2993 genus
3213 2933 3454 2984 servare,
3487 2917 3645 2971 ultro
3671 2915 3789 2970 sub-

2207 3026 2272 3080 iit
2321 3025 2622 3087 interitum,
2653 3018 2706 3074 id
2759 3019 2899 3090 quod
2946 3017 3012 3072 de
3036 3031 3094 3075 se
3121 3016 3236 3085 ipse
3263 3016 3542 3080 testatum
3605 3029 3624 3063 ι
3649 3010 3792 3064 Pote-

2211 3128 2403 3176 statetn
2438 3117 2610 3171 habeo
2647 3112 2876 3183 ponendi
2900 3110 3160 3172 animam,
3188 3117 3240 3161 et
3265 3116 3594 3178 pateatatem
3628 3103 3790 3160 habeo

539 3211 663 3256 ante
693 3210 743 3255 te
787 3201 896 3263 ibo,
929 3210 983 3254 et
1037 3207 1248 3254 montes
1280 3195 1662 3265 complanabo,
1709 3201 1895 3260 portas
1939 3205 2109 3245 a‘reas
2138 3193 2184 3252 Β
2214 3212 2414 3268 mrum
2439 3207 2681 3264 sumendi
2718 3221 2836 3261 eam
2861 3206 2928 3269 ιτ,
2965 3221 2984 3254 ,
3022 3212 3182 3271 mque
3216 3201 3267 3254 id
3301 3200 3505 3255 τιεωω
3537 3207 3626 3254 εει
3655 3207 3786 3267 ρος..

545 3300 846 3355 conteram,
880 3298 932 3345 ct
979 3299 1159 3345 vectes
1197 3287 1404 3342 ferreos
1432 3285 1773 3355 confringam
1802 3283 1870 3336 ".
1909 3300 1927 3335 ι
1950 3281 2016 3337 Et
2046 3283 2112 3336 de

542 3385 848 3439 animarum
920 3398 984 3440 ex
1053 3381 1244 3436 inferis
1307 3377 1626 3437 liberatione
1694 3378 1768 3432 ita
1834 3375 2110 3432 Nahum:

546 3497 567 3530 α
599 3476 774 3533 Porta:
809 3476 1089 3532 civitatum
1140 3485 1342 3546 apertae
1391 3481 1560 3528 sunt:
1599 3480 1654 3526 et
1691 3469 1895 3542 regalia
1926 3470 2112 3526 conci-

543 3571 759 3633 derunt,
787 3578 848 3626 et
874 3568 1178 3630 substantia
1216 3566 1448 3622 revelata
1484 3574 1570 3623 est
1603 3563 1837 3632 (scilicet
1880 3559 1974 3616 Dei
2021 3564 2118 3617 lto-

549 3663 712 3718 tninis
731 3661 961 3732 Christi)
987 3669 1046 3717 et
1071 3660 1282 3722 ancilla:
1308 3659 1423 3726 ejus
1453 3657 1787 3712 ducebantur
1813 3653 1881 3719 ",
1909 3672 1926 3705 ι
1976 3653 2118 3708 sicut

540 3751 812 3808 columbae
833 3751 1059 3823 (anima:
1093 3760 1406 3806 sanctorum
1435 3746 1526 3801 Dei
1560 3745 1796 3801 hominis
1826 3743 1953 3798 Jesu
1987 3743 2118 3796 divi-

549 3847 718 3903 nitate
747 3843 1011 3912 aﬂ‘ectte);
1047 3843 1248 3912 quibus
1274 3841 1422 3896 addit
1451 3839 1615 3894 Isaias
1647 3854 1662 3892 :
1716 3855 1734 3888 ι
1763 3836 1865 3902 Qui
1906 3835 2118 3892 habita-

548 3939 619 3996 tis
645 3939 697 3994 in
729 3938 949 4009 regione
979 3945 1032 3991 et
1058 3936 1246 3990 umbra
1278 3935 1494 3998 mortis,
1518 3933 1698 3986 lunten
1725 3927 1930 3983 lucebit
1957 3941 2120 3995 super

551 4046 645 4087 vos
674 4030 744 4096 ",
781 4048 800 4082 ι
837 4028 1013 4084 lucem
1054 4025 1334 4096 appellans
1394 4022 1616 4086 Filium,
1677 4033 1736 4075 ut
1767 4033 1833 4074 ex
1882 4031 2121 4084 evange-

553 4123 678 4178 lista
709 4121 1020 4182 didicimus,
1052 4132 1116 4174 ex
1163 4129 1396 4188 persona
1419 4113 1628 4168 Christi
1660 4112 1912 4166 dicente:
1955 4126 1973 4160 ι
2007 4110 2122 4175 Ego

553 4230 670 4269 sum
707 4214 796 4268 lux
829 4211 1012 4266 mundi
1043 4227 1059 4266 :
1097 4210 1190 4279 qui
1226 4207 1474 4279 sequitur
1501 4219 1608 4268 me,
1644 4218 1748 4256 non
1798 4200 2038 4254 ambulat
2069 4200 2120 4253 in

551 4309 816 4375 tenebris,
843 4309 938 4364 sed
993 4305 1216 4360 habebit
1253 4309 1433 4358 lumen
1474 4301 1594 4356 vita:
1628 4302 1697 4354 ’⁵.
1728 4317 1748 4351 ›
1783 4299 1923 4365 Quin
1967 4298 2125 4353 Citri-

554 4414 670 4460 stus
704 4405 818 4472 ipse
848 4416 944 4469 per
978 4399 1235 4454 Davidem
1268 4395 1414 4451 velut
1441 4410 1468 4448 a
1498 4407 1726 4463 corpore
1757 4392 1824 4445 ad
1868 4391 2034 4444 Deum
2070 4400 2126 4444 et

557 4499 776 4552 Patrem
810 4493 1053 4548 clamat:
1091 4510 1110 4543 ι
1147 4488 1417 4555 Quoniam
1474 4501 1579 4542 non
1628 4483 1973 4552 derelinques
2002 4481 2123 4535 ani-

557 4603 699 4645 mam
733 4601 908 4643 meam
941 4585 994 4640 in
1027 4583 1244 4639 inferno
1287 4597 1302 4635 :
1351 4596 1451 4637 nec
1493 4578 1649 4633 dabis
1694 4586 1940 4631 sanetum
1975 4584 2123 4628 tuum

560 4680 745 4736 videre
774 4676 1184 4746 corruptionem
1213 4674 1279 4726 ".
1310 4691 1338 4726 ὀ
1387 4671 1544 4738 Agite
1579 4682 1727 4732 vero,
1757 4666 1885 4736 quid
1920 4665 1988 4719 de
2026 4663 2128 4718 boc

561 4782 752 4827 sancto
779 4767 1269 4838 censetis?ecqnid
1302 4766 1447 4819 enim
1485 4771 1702 4816 sanctus
1733 4757 1909 4815 omnis
1938 4771 2128 4811 corru-

562 4861 754 4929 tutelam
787 4875 893 4915 non
942 4859 1352 4928 sensitlApage
1383 4856 1477 4910 sis.
1505 4852 1655 4908 Unus
1703 4851 1966 4907 duntaxat
2007 4863 2133 4904 vere

563 4966 782 5011 sanctus
820 4966 871 5010 et
903 4969 932 5006 a
973 4953 1081 5009 Deo
1111 4953 1338 5017 electus,
1377 4958 1432 5004 et
1465 4947 1556 5019 qui
1593 4947 1996 5016 corruptionem
2025 4956 2130 4997 non

562 5049 784 5114 viderit,
814 5046 1036 5103 Chistus
1059 5054 1169 5100 est.

1086 5137 1243 5196 CAP.
1281 5132 1588 5190 LXI-LXII.

778 5223 1016 5289 Christus
1052 5227 1289 5286 mortuus
1321 5226 1704 5294 corruptionem
1734 5221 1940 5292 afugit.

637 5350 759 5406 Jun.
810 5344 922 5402 Nos
979 5346 1194 5415 quidem
1260 5343 1526 5396 nemiuem
1580 5337 1853 5392 hominem
1915 5342 2134 5386 morta-

639 5511 683 5540 “
717 5504 1036 5568 lsa.t.x,15.
1117 5504 1160 5536 ¹⁸
1190 5501 1318 5555 ibid.
1390 5499 1438 5530 ”
1466 5497 1606 5553 Psal.
1631 5511 1810 5556 cxxvt.
1847 5494 1895 5546 Ι.

573 5565 923 5642 svt,10.15.'
1014 5575 1058 5607 υ
1084 5571 1225 5642 Psal.
1272 5569 1507 5642 cvt,16.
1617 5568 1662 5642 ff
1688 5569 1794 5642 lsa.
1826 5578 1962 5642 _x1.v,
1996 5565 2113 5642 1-5..

564 5655 614 5686 4‘
641 5641 782 5706 l’sal.
811 5665 901 5714 xv,
933 5649 1018 5703 10.
1100 5645 1145 5674 ’⁷
1176 5641 1332 5697 Joan.
1368 5658 1420 5706 κ,
1453 5641 1541 5695 18.

525 5776 550 5798 κ

639 5818 779 5878 159‘)
821 5812 1127 5872 Διαωοοοὰν
1163 5805 1533 5865 καταφθοράν.

1976 5494 2014 5524 ⁸⁷
2041 5491 2138 5544 lsa.
2161 5487 2362 5545 Lx.16.

1617 5638 1662 5670 ⁸⁸
1694 5636 1877 5690 Matth.
1914 5651 2047 5700 χχιι,
2081 5631 2172 5687 29.

2217 3315 2274 3359 ut
2312 3303 2568 3357 omnibus
2595 3299 2818 3354 omnino
2847 3296 3039 3350 Adami
3072 3294 3325 3364 posteris,
3353 3301 3624 3361 quantum
3654 3291 3706 3344 in
3735 3303 3792 3343 eo

2218 3405 2409 3461 esset,
2476 3395 2786 3448 libertatem
2837 3397 3108 3459 quareret
3177 3385 3350 3440 soluta
3408 3383 3660 3453 corporis
3708 3384 3794 3438 da.

2218 3488 2517 3552 mtatione,
2550 3485 2602 3539 in
2653 3484 2770 3553 ipso
2801 3496 3032 3552 corpore
3059 3480 3326 3534 exstincta
3363 3488 3566 3533 morte.

2783 3619 3014 3678 CAPUT
3048 3617 3234 3674 LXIII.

2292 3740 2560 3795 Ehristum
2583 3747 2698 3806 post
2730 3737 3156 3792 resurrectionem
3187 3733 3381 3799 edisse,
3408 3740 3458 3786 et
3490 3732 3547 3786 in
3577 3732 3732 3786 creto:

2845 3806 3170 3861 ascendisse.

2290 3929 2414 3987 Jun.
2476 3926 2838 3996 Quamobrem
2892 3938 3056 3986 vero,
3109 3935 3286 3991 quove
3313 3930 3475 3988 pacto
3528 3917 3797 3972 Christum

2225 4025 2564 4086 redivivum,
2603 4030 2659 4074 et
2713 4019 3111 4085 incorruptum,
3174 4028 3348 4084 neque
3410 4011 3522 4080 jam
3585 4008 3796 4066 caducis

2225 4128 2472 4191 egentem
2532 4116 2692 4178 cibis,
2750 4127 2962 4168 rursum
3012 4110 3340 4172 comedisse,
3394 4123 3462 4162 ac
3518 4106 3579 4161 its
3643 4104 3801 4160 celos

2226 4221 2560 4279 assumptum
2587 4208 2813 4262 dicitis?
2857 4207 3005 4260 Itane
3031 4202 3278 4259 homines
3305 4215 3524 4269 quoque
3551 4209 3671 4267 post
3695 4197 3797 4269 (ὅθ)

2225 4296 2677 4360 resurrectionem
2729 4300 2998 4370 publicam
3049 4295 3246 4366 epulati
3281 4294 3334 4348 in
3369 4294 3542 4348 eteius
3574 4293 3802 4360 denique

2229 4396 2643 4454 conscendent?

2298 4490 2525 4544 Cuntsr.
2561 4489 2632 4542 De
2679 4488 2763 4541 his
2794 4503 2925 4542 sane
2955 4501 3106 4540 meus
3155 4482 3411 4538 Servator
3446 4490 3656 4536 certam
3685 4491 3804 4531 scn-

2237 4583 2461 4638 tentium
2495 4582 2652 4636 dixit.
2685 4580 2816 4634 Nam
2857 4577 3159 4646 majoribus
3205 4579 3405 4630 vestris
3443 4571 3804 4643 quaerentibus

2236 4691 2358 4728 eum
2394 4676 2461 4728 de
2495 4673 2819 4740 quibusdam
2867 4678 3076 4738 septem
3130 4666 3434 4729 fratribus,
3487 4662 3576 4732 qni
3625 4671 3805 4715 omnes

2242 4784 2406 4823 unam
2439 4781 2664 4821 uxorem
2703 4765 2992 4824 duxerant,
3021 4770 3081 4815 ut
3109 4758 3262 4812 fratri
3289 4772 3475 4812 semen
3513 4754 3806 4810 excitarent

2240 4862 2538 4918 secundum
2573 4859 2766 4927 legem,
2808 4855 2963 4924 cujus
3002 4869 3066 4907 ex
3117 4861 3320 4920 septem
3354 4858 3522 4912 esset,
3549 4849 3603 4901 in
3629 4857 3806 4899 resur-

2242 4953 2525 5009 rectione?
2557 4970 2574 5002 s
2607 4949 2841 5010 Erratis,
2877 4947 3078 5014 inquit,
3115 4944 3421 4998 nescientes
3477 4938 3803 5007 Scripturas,

2243 5063 2414 5116 neque
2442 5047 2693 5099 virtutem
2725 5041 2817 5095 Dei
2843 5059 2855 5096 :
2883 5041 2938 5095 in
2964 5035 3567 5105 resttrrectione‘neque
3586 5032 3805 5090 nubent,

2244 5153 2416 5207 neque
2482 5138 2776 5199 nubentur,
2840 5131 2932 5188 sed
2990 5137 3151 5186 erunt
3205 5127 3345 5182 sicut
3403 5122 3572 5192 angeli
3631 5119 3722 5173 Dei
3757 5119 3804 5170 in

2243 5233 2382 5288 caelo
2411 5232 2477 5285 ³⁸.
2515 5251 2532 5282 ι
2572 5228 2836 5284 Caeterum
2867 5225 3008 5295 quod
3037 5222 3184 5279 dubii
3219 5220 3362 5276 scire
3405 5213 3672 5288 quaeritis,
3704 5223 3805 5282 quo

2244 5338 2404 5399 pacto
2431 5333 2550 5394 post
2591 5321 3054 5379 resurrectionem
3095 5311 3415 5378 comederit,
3449 5307 3600 5364 facile
3646 5316 3805 5375 atque

2442 5486 2483 5516 "
2504 5483 2704 5538 Jerem.
2733 5493 2880 5541 XXXI,
2907 5475 2997 5527 δι.
3076 5473 3117 5504 ⁸⁸
3141 5471 3274 5526 Gen.
3299 5486 3446 5541 χιιι.
3467 5468 3518 5523 9.
3594 5465 3642 5496 ’⁸
3664 5462 3806 5541 P:_a_l.

2230 5533 2709 5617 'I'.l‘:lahuniwtt,6.
2739 5554 2789 5605 't'.
2870 5533 2942 5578 ”⁸
2972 5545 3074 5601 lsa.
3100 5560 3175 5607 tx,
3204 5543 3259 5596 2.
3333 5541 3380 5572 ’⁸
3401 5540 3694 5603 Joau.vttt,
3726 5533 3807 5588 η.

2312 5791 2424 5856 (50)
2456 5787 2714 5844 Nazianz.
2750 5784 2802 5840 in
2839 5782 3106 5846 Epiphan.
3142 5780 3271 5843 235,
3298 5777 3391 5834 52.
