3816 6204
123 354 200 416 9l3
1188 357 1568 437 DlALOGUS
1605 355 1904 419 CONTRA
1940 353 2270 420 JUDdtIOS.

3219 356 3324 423 914

124 469 341 537 explorate
383 483 446 525 ex
492 471 559 527 iis
603 488 723 542 quae
756 474 977 539 tenetis,
1015 485 1068 529 et
1094 477 1438 544 questionem
1467 491 1632 546 expe-
1666 480 1711 536 Α
1746 473 1950 528 Deinde
1979 473 2182 530 Christi
2219 475 2659 546 prrepotentiam;
2711 487 3000 546 rerumque
3040 472 3320 544 gestarum

121 561 248 626 diam,
273 570 319 615 et
338 565 654 632 scrupulum
690 567 1004 623 dissolvam.
1033 566 1299 625 Nimirum
1331 583 1388 626 ut
1419 571 1632 638 epulata

121 659 181 703 est
203 660 361 706 sancta
389 650 654 720 Trinitas,
692 657 922 712 invitata
962 660 1028 712 ab
1065 657 1375 714 Abrahamo
1411 660 1639 729 patriar-

118 742 417 811 elta,ntejus
469 744 748 802 facultates
787 749 1089 816 absumpsit
1142 750 1301 820 ignis,
1350 766 1473 805 cum
1518 751 1638 818 qni-

119 832 207 884 dem
232 832 415 887 solidas
457 835 668 892 hostias
714 840 974 895 dissecuit
1024 841 1252 906 medias,
1280 853 1332 896 et
1367 843 1418 895 in
1464 841 1634 896 frusta

114 923 303 993 redegit;
345 941 474 982 aves
514 944 619 982 non
655 930 946 996 disseruit,
979 931 1073 987 sed
1108 933 1323 988 caelitus
1372 933 1511 999 ignis
1540 934 1634 986 de-

117 1015 258 1081 lapsus
293 1021 628 1087 consumpsit
653 1023 731 1088 ης
764 1022 1216 1091 quemadmodum
1261 1035 1315 1079 et
1363 1025 1492 1079 Elim
1522 1041 1633 1079 me-

114 1107 242 1161 moria
270 1125 380 1162 cum
414 1111 778 1169 ineendiarias
804 1117 1070 1179 victimas,
1101 1126 1155 1170 et
1175 1119 1339 1187 ligna.
1366 1127 1413 1171 el
1441 1134 1635 1187 aquam

112 1199 150 1250 in
188 1202 355 1257 scrobe
387 1215 443 1258 et
494 1208 713 1261 humum
766 1209 954 1264 lambit
1001 1210 1140 1283 ignis
1167 1212 1233 1265 ³ο.
1270 1211 1385 1266 lam
1423 1227 1552 1266 vero
1576 1222 1636 1266 ut

111 1292 148 1345 ia
183 1291 331 1348 cados
374 1299 775 1364 ascenderit,et
803 1302 1092 1358 immortali
1133 1301 1280 1356 Patri
1323 1302 1513 1358 dexter
1545 1320 1631 1358 se-

109 1381 222 1448 deat,
249 1401 565 1456 rursumque
590 1389 642 1444 in
681 1405 846 1446 carne
870 1392 1180 1462 indicandis
1216 1395 1354 1448 vivis
1387 1410 1447 1448 ac
1489 1410 1634 1448 mor-

109 1475 189 1528 tuis
213 1484 455 1531 venturus
504 1480 595 1545 sit,
629 1482 902 1550 prophetm
957 1484 1044 1538 hic
1077 1500 1312 1554 quoque,
1358 1501 1462 1539 non
1511 1502 1631 1554 ego,

106 1568 226 1620 vobis
252 1571 479 1635 prodent
510 1573 816 1630 veritatem.
843 1574 1010 1644 Igitur
1037 1575 1207 1630 lsaias
1248 1577 1476 1642 CliriSti,
1509 1593 1630 1631 cum

106 1674 290 1723 corpore
351 1677 634 1718 ascensum
693 1666 916 1731 videns,
969 1677 1024 1720 et
1079 1669 1152 1722 rei
1207 1670 1631 1739 magnitudinem

103 1758 283 1812 stupens
321 1764 382 1803 ac
417 1752 727 1818 demirans,
761 1753 1002 1824 clamat:
1036 1773 1055 1807 ι
1091 1756 1224 1822 Quis
1273 1767 1356 1811 est
1386 1758 1508 1824 iste,
1541 1760 1629 1826 qui

1747 563 2169 632 magnitudinem
2214 565 2442 617 miratus
2483 561 2686 617 infert:
2726 581 2746 614 ‹
2783 561 2896 616 Non
2939 562 3177 631 legatus,
3215 575 3320 619 non

1745 653 1990 723 angelus,
2019 653 2111 706 sed
2140 653 2252 721 ipse
2285 653 2544 708 Dominus
2573 653 2802 710 salvavit
2839 667 2933 706 eos
2957 651 3024 706 ".
3059 669 3077 703 ι
3115 649 3322 704 Zacha-

1747 745 1892 799 rias:
1924 764 1942 796 ι
1986 743 2112 800 Haec
2157 746 2287 800 dicit
2341 747 2647 801 Dominus:
2687 747 2824 801 Ecce
2880 748 2995 800 dies
3042 744 3234 799 venit:
3267 750 3320 795 et

1746 838 1965 890 stalmnt
2002 840 2163 904 pedes
2196 835 2312 906 ejus
2351 838 2402 891 in
2437 837 2521 891 die
2551 837 2634 890 illa
2673 852 2835 905 super
2871 844 3108 891 montem
3131 831 3310 888 Oliva-

1752 946 1868 983 rum
1902 930 1972 984 “.
2011 949 2028 982 ι
2063 931 2232 985 Pedes
2265 945 2391 985 vero
2420 930 2507 982 Dei
2536 931 2846 998 nominans,
2875 943 2982 983 non
3013 937 3314 989 actuosam,

1744 1038 1863 1092 qua:
1911 1039 1936 1074 a
1988 1023 2216 1092 pedibus
2267 1033 2467 1086 manat,
2522 1023 2613 1075 Dei
2673 1021 2982 1076 facultatem
3044 1016 3314 1086 intelligit,

1743 1114 2190 1181 quemadmodum
2233 1111 2394 1166 David
2429 1127 2544 1165 eam
2583 1127 2702 1178 quae
2726 1125 2754 1163 a
2788 1109 3033 1162 manibus
3071 1105 3317 1175 proficis-

1740 1205 1900 1263 citur.
1965 1220 2154 1260 manus
2197 1205 2481 1271 appellavit
2523 1205 2604 1256 his
2637 1203 2813 1256 verbis
2867 1221 2882 1256 :
2929 1219 2947 1252 ‹
2987 1200 3176 1252 Manus
3208 1206 3310 1250 tua:

1745 1298 1984 1350 fecerunt
2009 1311 2113 1358 me,
2138 1307 2189 1348 et
2218 1298 2621 1364 plasmaverunt
2651 1311 2732 1348 me
2753 1293 2818 1356 “,
2852 1310 2871 1344 ι
2909 1292 3000 1346 sed
3026 1304 3315 1359 corporeus

1742 1389 1903 1450 pedes
1938 1387 2299 1455 signiﬁcavit;
2335 1401 2456 1439 nam
2504 1400 2624 1438 eam
2671 1385 2923 1447 obrem,
2962 1394 3020 1436 et
3069 1383 3208 1436 diem
3265 1391 3318 1434 et

1742 1479 1936 1534 Oliveti
1989 1488 2226 1532 mentem
2286 1479 2754 1541 commemoravit,
2806 1483 2866 1529 ut
2923 1476 3233 1538 humanam,
3264 1482 3318 1526 et

1742 1569 1884 1624 velut
1945 1569 2408 1639 circumscriptam
2474 1568 2678 1624 Christi
2733 1577 2980 1621 naturam
3019 1565 3313 1624 vindicaret.

1743 1660 1909 1714 David
1943 1675 2158 1729 quoque
2183 1660 2383 1714 Christi
2417 1674 2445 1711 a
2484 1658 2710 1714 mortuis
2744 1656 3222 1719 resurrectionem,
3255 1669 3317 1707 ac

1740 1763 1860 1820 post
1887 1765 2004 1806 eam
2034 1755 2084 1806 in
2117 1753 2284 1806 ccelos
2329 1767 2637 1815 ascensum,
2667 1759 2721 1803 et
2764 1752 2880 1815 eius
2909 1748 3062 1817 quasi
3098 1747 3318 1802 restitu-

100 1841 212 1891 venit
235 1843 292 1895 de
330 1841 523 1907 Edom,
560 1844 724 1898 rubor
774 1847 1005 1901 vestium
1044 1849 1111 1903 de
1146 1847 1360 1902 Bosor?
1388 1849 1466 1904 sic
1519 1849 1625 1902 for-
1662 1867 1701 1922 η
1733 1845 1931 1897 tionem
1963 1844 2016 1899 in
2049 1845 2313 1913 integrum
2338 1844 2524 1897 volens
2573 1857 2731 1912 quam
2761 1839 3113 1910 liquidissime
3130 1851 3316 1896 osten-

97 1944 243 1983 mosus
293 1933 344 1986 in
401 1934 538 1988 stola
597 1935 680 1989 3‘?
716 1955 734 1989 ι
771 1935 1072 2005 lntelligitis
1116 1939 1334 1993 vatem?
1386 1941 1518 1992 Cum
1575 1942 1627 1993 in

96 2017 257 2072 Christi
288 2021 678 2078 humanitatem
739 2023 1068 2090 intueretur,
1104 2030 1353 2082 ruborem
1399 2028 1632 2082 vestium

93 2111 199 2175 cjtts,
229 2122 278 2166 et
307 2114 372 2168 de
421 2113 617 2180 Bosor,
665 2118 818 2180 dixit.
849 2121 994 2187 quod
1034 2131 1152 2175 erat
1196 2121 1399 2176 carnis.
1435 2120 1502 2174 At
1548 2121 1632 2174 ubi

94 2203 130 2252 in
157 2203 372 2259 divinam
412 2219 662 2262 naturam
699 2211 1040 2280 perspicaces
1083 2213 1279 2267 mentis
1327 2213 1512 2267 oculos
1544 2227 1631 2266 re-

91 2295 204 2359 iecit,
235 2298 306 2351 ait
340 2316 356 2351 :
390 2318 410 2351 (
457 2299 547 2356 Sic
572 2301 841 2358 formosus
890 2305 940 2357 in
989 2305 1166 2359 atola?
1203 2324 1220 2356 ι
1261 2304 1396 2358 Τιιιιι
1448 2315 1628 2359 autem

92 2399 132 2439 ut
157 2391 467 2456 apertiorem
515 2395 819 2450 orationem
853 2397 1124 2460 redderet,
1157 2399 1303 2452 velut
1329 2414 1358 2453 a
1404 2399 1512 2454 Deo
1543 2399 1639 2452 ho-

91 2479 221 2544 mine,
257 2483 406 2536 addit
440 2499 454 2534 z
495 2501 514 2535 ι
555 2485 665 2554 Ego
714 2488 804 2554 qui
858 2487 1050 2556 loquor
1092 2489 1379 2558 justitiam,
1409 2501 1465 2545 et
1496 2488 1637 2557 judi-

88 2569 254 2623 dirium
296 2573 580 2628 salutaris.
613 2593 632 2625 ι
692 2575 962 2630 Justitiam
1032 2577 1264 2647 (loquor)
1327 2591 1382 2634 ut
1431 2581 1520 2650 qui
1571 2580 1636 2634 ad

87 2660 322 2715 hominum
352 2665 582 2719 salutem
611 2667 771 2724 homo
796 2668 970 2722 factus
999 2671 1121 2733 sim,
1156 2672 1246 2741 qui
1278 2688 1304 2726 a
1333 2673 1639 2728 simulacris

86 2753 396 2821 ai-sistentes,
427 2773 481 2812 et
513 2759 578 2812 iis
626 2762 919 2828 priestitam
978 2763 1294 2832 religionem
1342 2776 1505 2834 atque
1545 2767 1639 2820 ho-

87 2859 239 2897 tt-trem
294 2849 358 2901 ad
426 2865 612 2902 verum
669 2851 833 2907 Deum
903 2856 1318 2911 transtulerunt.
1367 2857 1636 2913 Judicium

85 2936 326 3003 salutaris,
379 2950 440 2993 ut
489 2943 583 3011 qui
625 2942 764 2997 Deus
811 2946 1071 3010 existens,
1095 2949 1346 3002 omnibus
1383 2959 1640 3005 venturus

83 3026 236 3091 iudex,
277 3031 378 3083 sint
436 3048 880 3103 unumquemque
917 3051 1011 3105 pro
1043 3038 1156 3091 suis
1199 3036 1356 3093 factis
1392 3054 1642 3094 remune-

88 3130 228 3176 ratus.
263 3121 361 3176 Cui
401 3127 683 3179 sctttcntize
708 3138 1011 3182 consonant
1049 3130 1134 3182 illa
1171 3131 1426 3188 Davidis:
1458 3152 1476 3185 ι
1507 3134 1640 3203 Spe-

1739 1942 1884 2002 dcre,
1935 1936 2075 1990 inter
2123 1951 2183 1991 se
2234 1935 2539 1990 dubitantes
2591 1934 2775 2001 copias
2805 1933 3052 1988 caelestes
3087 1932 3314 1999 inducit;

1737 2044 2066 2097 carmenque
2103 2045 2200 2098 per
2245 2027 2726 2098 interrogationem
2772 2025 2934 2080 simul
2982 2041 3045 2080 ac
3090 2042 3316 2097 respon-

1738 2119 1941 2173 sionem
1967 2119 2226 2172 detexens
2251 2117 2329 2173 sic
2355 2116 2550 2172 effatur
2579 2133 2594 2170 :
2630 2134 2648 2167 r
2687 2113 2929 2168 Attollite
2956 2123 3138 2184 portas
3167 2113 3320 2183 prin-

1740 2210 1890 2278 cipes
1923 2220 2129 2265 vestras
2155 2249 2170 2273 ,
2205 2220 2257 2264 et
2290 2209 2573 2264 elevamini
2609 2215 2777 2272 portae
2797 2204 3100 2271 mteruales,
3131 2213 3185 2260 et
3230 2204 3318 2259 in-

1740 2302 1924 2356 troibit
1953 2315 2045 2356 rex
2095 2301 2278 2371 gloriae
2304 2299 2372 2354 ".
2412 2318 2431 2352 ι
2469 2298 2638 2367 igitur
2670 2298 2719 2352 hi
2765 2297 3148 2352 ascendentem
3195 2309 3315 2349 cum

1741 2405 1965 2460 corpore
2017 2389 2312 2460 gloriosum
2366 2389 2530 2444 Deum
2583 2388 2905 2455 conspicati,
2951 2397 3003 2442 et
3063 2385 3314 2441 insolenti

1741 2483 2052 2552 spectaculo
2107 2482 2366 2552 perculsi,
2425 2497 2659 2552 rogare:
2701 2499 2720 2532 ε
2753 2480 2882 2544 Quis
2927 2489 3012 2535 est
3067 2479 3167 2533 iste
3222 2493 3313 2534 rex

1741 2575 1968 2645 gloriae?
2007 2593 2025 2628 ι
2059 2573 2134 2628 llli
2168 2584 2358 2629 contra
2399 2573 2723 2642 respondere
2752 2590 2765 2627 :
2798 2593 2816 2622 ι
2858 2573 3115 2627 Dominus
3163 2571 3317 2625 fortis

1740 2677 1796 2722 et
1826 2679 2036 2736 potens,
2083 2666 2344 2722 Dominus
2397 2672 2587 2732 potens
2639 2665 2691 2718 in
2741 2663 2924 2731 prmlio
2956 2663 3027 2728 δ’,
3077 2683 3094 2715 ι
3126 2672 3313 2716 contra

1743 2767 1992 2821 mortem,
2030 2758 2251 2820 inferos,
2281 2766 2336 2810 et
2359 2755 2654 2820 diabolum;
2691 2755 2897 2809 calcata
2939 2755 3083 2808 enim
3118 2766 3309 2813 morte.

1743 2849 1965 2918 direptis
1992 2850 2198 2914 inleris,
2235 2846 2404 2901 fracto
2434 2845 2669 2912 diabolo,
2717 2853 2775 2899 ut
2826 2843 2966 2900 Deus
2993 2843 3146 2898 fortis
3175 2857 3317 2899 nunc

1742 2942 2016 3005 ascendit;
2055 2958 2183 3012 ergo
2215 2960 2233 2993 r
2264 2939 2492 2995 attollite
2521 2948 2705 3008 portas
2730 2937 2997 3008 principes
3023 2946 3249 3003 vestras,
3287 2953 3305 2987 ι

1743 3034 2124 3104 Angelicarnm
2162 3042 2489 3103 potestatum
2536 3031 2787 3095 Domino,
2819 3029 3159 3100 gloriosoque
3191 3043 3316 3098 rege

1745 3128 2034 3190 intrature,
2075 3128 2126 3181 id
2166 3137 2268 3190 est,
2299 3143 2418 3182 cum
2450 3141 2677 3195 corpore
2716 3125 2825 3180 Deo
2854 3133 2906 3178 et
2938 3122 3085 3179 Patri
3117 3140 3144 3177 a
3185 3125 3314 3179 dex-

84 3211 231 3268 t-insns
265 3215 438 3269 forma
474 3233 578 3286 prae
617 3219 736 3274 (iliis
765 3221 1039 3274 hominum
1060 3222 1195 3274 ""6.
1234 3241 1251 3273 ι
1290 3221 1356 3277 Ει
1395 3223 1589 3278 iterum
1619 3244 1632 3279 :
1660 3214 1706 3278 C
1741 3221 1840 3275 tris
1867 3235 2166 3275 assessnro.
2197 3219 2341 3273 idem
2377 3234 2586 3272 rursum
2624 3218 2688 3271 de
2720 3215 2905 3270 eodem
2937 3217 3304 3270 ascendente:

86 3304 252 3360 «Deus
289 3307 490 3375 iudex,
541 3311 736 3376 justus,
789 3310 967 3376 fortis,
1015 3326 1070 3367 et
1118 3316 1328 3382 patiens
1359 3316 1423 3368 ³⁷.
1463 3338 1478 3369 ι
1517 3317 1623 3372 Sed

86 3394 216 3453 Isaias
245 3402 433 3457 volens
464 3403 680 3470 insuper
714 3406 1056 3472 apertissime
1095 3409 1401 3473 ostendere,
1432 3426 1634 3480 nequa-

81 3505 208 3555 qnam
245 3494 412 3548 alium
461 3510 610 3560 esse,
652 3497 742 3566 qui
777 3498 841 3552 de
869 3500 1005 3553 coelo
1032 3499 1367 3556 descendens
1393 3544 1408 3568 ,
1443 3519 1632 3573 passus

81 3585 370 3652 etsepnltus
414 3587 621 3644 inferos
660 3591 968 3658 spoliasset,
1003 3602 1054 3645 ct
1089 3593 1251 3647 alium
1300 3596 1389 3662 qui
1433 3611 1462 3649 e
1491 3604 1630 3649 terra

82 3675 119 3725 in
150 3679 308 3732 caelos
335 3680 685 3745 eveheretur,
724 3683 1205 3751 interrogationem
1252 3684 1378 3740 facit
1407 3687 1470 3739 ad
1505 3685 1634 3738 Scr-

81 3777 328 3826 vatorem:
370 3791 388 3823 ι
425 3770 604 3837 Quare
664 3775 824 3829 rubra
882 3785 1007 3830 sunt
1051 3777 1367 3832 vestimenta
1412 3788 1536 3844 tua,
1579 3789 1634 3832 et

80 3862 359 3919 indumenta
419 3875 508 3918 tua
570 3867 708 3921 sicut
761 3868 828 3923 de
895 3869 1106 3924 calcato
1161 3871 1457 3936 torculari,
1492 3871 1634 3940 pleni

79 3955 412 4014 percalcatze?
448 3955 626 4021 Quare
671 3975 799 4030 ergo
849 3972 932 4017 est
987 3963 1207 4016 rnbt'um
1257 3963 1630 4017 indumentu-n

78 4057 220 4112 tuum,
246 4057 298 4102 et
322 4052 651 4104 vestimenta
703 4033 786 4104 tua
837 4052 976 4107 sicut
1012 4053 1336 4107 calcantium
1368 4054 1420 4107 itt
1456 4063 1634 4107 torcu-

79 4135 156 4187 lari
181 4136 259 4192 ἐἳ
285 4156 304 4190 ι
334 4139 516 4207 Atque
545 4139 631 4194 ille
663 4141 875 4209 quidem
922 4151 1072 4212 rogat
1113 4143 1165 4195 in
1207 4143 1352 4196 hunc
1394 4143 1630 4209 modum,

79 4224 407 4300 inritatusque
447 4231 723 4286 Christum
785 4233 1090 4299 Dominum,
1127 4234 1220 4302 qui
1269 4235 1370 4287 sibi
1428 4235 1528 4304 ipsi
1580 4245 1632 4288 ct

78 4321 355 4387 sacriﬁcus,
410 4332 469 4376 et
515 4324 842 4378 sacrilicinm
897 4323 1032 4390 fuit,
1081 4341 1278 4396 rogans
1317 4327 1630 4395 respondet,

76 4413 347 4468 orationem
376 4413 609 4484 ﬁngens,
641 4415 794 4482 quasi
829 4413 916 4468 ille
943 4416 1316 4484 responderet.
1351 4417 1490 4486 Ergo
1519 4417 1615 4469 ait:

81 4522 94 4551 ‹
127 4507 382 4561 Torcular
413 4507 617 4562 calcavi
655 4507 820 4572 solus,
845 4519 899 4561 et
935 4509 1000 4562 de
1036 4509 1286 4580 gentibus
1311 4526 1413 4563 non
1446 4523 1526 4564 est
1553 4514 1631 4565 vir

77 4613 256 4653 succum
289 4601 359 4654 ³⁹.
396 4618 416 4651 ι
451 4599 585 4654 Nam
621 4609 680 4655 ut
704 4601 753 4656 ei
783 4611 1028 4670 tempore
1058 4583 1325 4668 passionis
1362 4617 1468 4656 non
1498 4619 1634 4672 opus

75 4693 482 4749 rratduodeeim
512 4693 814 4764 legionibus
853 4693 1167 4762 angelorum
1205 4696 1442 4764 (poterat
1483 4696 1628 4750 enim

79 4785 141 4838 vel
165 4787 306 4842 solus
339 4803 400 4842 se
431 4801 794 4856 propugnare.
823 4797 876 4841 et
907 4797 1134 4840 mortem
1169 4786 1424 4854 cthtgere,
1461 4790 1505 4844 si
1540 4807 1633 4842 vo-

81 4877 264 4947 fuisset,
301 4881 660 4950 quantumvis
689 4879 980 4932 humanum
1011 4878 1264 4947 quiddam
1299 4878 1632 4949 loqueretur:

81 4986 95 5017 ι
132 4968 278 5025 Pater
307 4971 411 5036 mi,
447 4969 492 5023 si
531 4967 786 5038 possibile
840 4979 957 5032 est,
997 4981 1236 5022 transeat
1277 4985 1303 5022 a
1355 4986 1437 5024 me
1479 4971 1624 5025 calix

78 5062 193 5116 iste:
228 5069 610 5116 verumtamen
668 5077 772 5114 non
838 5062 974 5114 sicut
1024 5076 1120 5129 ego
1161 5063 1302 5124 volo,
1345 5064 1438 5116 sed
1493 5064 1632 5117 sicut

79 5157 166 5205 tu“
195 5175 239 5208 κ
266 5157 339 5210 ita
366 5155 456 5210 hic
479 5171 694 5225 quoque
719 5155 956 5208 torcular
979 5155 1205 5207 calcavit
1233 5155 1401 5217 solus,
1433 5157 1631 5210 nullius

79 5259 100 5294 ε
125 5247 371 5314 gentibus
401 5261 537 5316 opus
570 5244 792 5300 habens.
829 5245 897 5298 At
940 5245 991 5297 in
1024 5261 1275 5308 ascensu,
1305 5247 1446 5316 quod
1485 5248 1625 5301 idem

82 5335 222 5392 Isaias
252 5354 474 5392 rursum
520 5346 772 5402 testatur,
809 5355 826 5389 r
860 5337 1049 5390 Decies
1091 5347 1317 5390 centena
1350 5339 1535 5404 millia,
1575 5349 1628 5395 ει

80 5432 244 5488 millies
276 5444 515 5488 centena
552 5429 718 5484 millia
748 5429 1018 5486 serviliter
1041 5431 1088 5484 ei
1124 5431 1570 5486 ministrabant".
1600 5451 1618 5483 ι

783 5631 828 5663 ³⁸
855 5631 919 5686 lll
941 5630 1074 5701 Reg.
1099 5647 1246 5694 ιιιίιι,
1279 5631 1366 5684 38.

742 5704 786 5735 ‘°
815 5701 1003 5755 Matth.
1040 5718 1187 5758 xxvi.
1218 5703 1306 5756 59.
1384 5701 1425 5732 ⁸³
1471 5703 1578 5754 Dan

742 5790 889 5835 mn,
929 5775 978 5826 7.
1008 5773 1061 5825 9.
1170 5771 1216 5804 “
1255 5772 1382 5827 ibid.
1409 5772 1464 5838 8,
1501 5773 1582 5827 lO.

135 5633 172 5662 "
204 5633 343 5688 Gen.
384 5649 540 5695 xvm,
571 5633 625 5690 5.
651 5633 703 5686 4.

81 5716 210 5768 ιιιιι,
236 5704 292 5758 2.
375 5703 424 5734 ³⁸
452 5704 579 5756 ibid.
613 5705 666 5758 ’5.

82 5789 240 5836 ιιιειι,
270 5770 364 5830 ὗῖ».
475 5775 518 5805 ⁸³
557 5774 698 5827 ΡεειΙ.
735 5790 889 5835 χχιιι,
929 5775 978 5826 7.
1008 5773 1061 5825 9.

84 5839 248 5899 “Psal
296 5860 425 5907 χιιι,
455 5843 488 5898 6
584 5845 625 5876 "
659 5843 800 5899 l‘sal.
842 5860 988 5913 ιιι-ιιι,
1018 5844 1071 5906 ι’,
1100 5842 1150 5897 7.

1444 5631 1484 5662 ³¹
1522 5632 1618 5688 lsa.
1652 5649 1806 5690 unt.
1837 5635 1882 5686 l.

1384 5700 1425 5732 “
1471 5703 1600 5757 Dan.
1648 5721 1743 5768 νιν,
1780 5705 1864 5757 ll.

1711 5777 1725 5797 ⁷
1762 5777 1901 5828 Psal.
1933 5791 2038 5838 ιιι,
2073 5776 2152 5827 l2.

1739 3335 1758 3367 r
1800 3315 2051 3370 Exaltare
2083 3329 2243 3383 super
2269 3314 2461 3377 caelos,
2493 3314 2652 3376 Deus,
2693 3323 2743 3367 et
2777 3315 2828 3366 in
2855 3327 3065 3366 omnem
3111 3323 3311 3365 terram

1733 3407 1899 3479 gloria
1929 3406 2100 3469 tua",
2123 3405 2376 3474 quoniam
2401 3406 2740 3476 magnilirata
2763 3414 2844 3459 est
2868 3419 3034 3474 usque
3058 3402 3123 3456 ad
3146 3403 3312 3457 cmlos

1735 3499 2100 3552 misericordia
2129 3507 2219 3551 tua
2255 3516 2269 3565 ;
2299 3507 2353 3552 et
2383 3513 2549 3568 usque
2582 3497 2645 3549 ad
2675 3500 2842 3553 nubes
2865 3499 3059 3553 veritas
3087 3497 3257 3562 tua",
3287 3516 3306 3551 ι

1735 3591 1886 3659 quasi
1917 3591 2122 3645 diceret
2153 3606 2165 3643 :
2217 3587 2370 3642 Nunc
2399 3590 2505 3658 jam
2543 3605 2728 3646 Omnes
2763 3599 2938 3644 vatum
2972 3590 3304 3660 praesagitio-

1736 3697 1830 3736 ttes
1852 3691 1975 3737 sunt
2003 3681 2303 3751 complet-.e.
2337 3681 2472 3734 Ante
2514 3681 2659 3735 enim
2702 3689 2823 3735 tuus
2871 3681 2921 3733 iu
2969 3691 3169 3735 terram
3212 3681 3310 3734 ad-

1734 3781 1970 3837 ventus,
2003 3789 2032 3828 e
2088 3772 2331 3840 virginali
2385 3772 2645 3839 sanguine
2699 3772 2943 3839 corporis
2987 3773 3307 3842 assumptio,

1735 3867 1992 3923 miracula
2019 3908 2032 3929 ,
2067 3866 2373 3922 Judrmrum
2429 3866 2684 3932 ludibria,
2739 3881 2865 3921 crux
2894 3907 2909 3931 ,
2960 3867 3306 3936 supplicium,

1736 3977 1905 4023 mors,
1939 3960 2242 4029 sepultura,
2278 3957 2399 4013 (ιι-οἰ
2442 3958 2706 4028 direptio,
2745 3959 2934 4013 mortis
2979 3959 3306 4024 intemecio,

1736 4064 1858 4124 post
1889 4053 2126 4110 triduum
2158 4067 2223 4107 ex
2258 4052 2486 4106 mortuis
2535 4055 2897 4118 resurrectio,
2935 4069 3080 4109 nunc
3109 4064 3163 4109 te
3194 4055 3310 4124 glo-

1736 4146 1878 4199 riose
1921 4144 2182 4210 redivivo,
2240 4143 2609 4198 misericordia
2657 4151 2746 4197 tua
2797 4159 2966 4213 usque
3021 4142 3088 4198 ad
3140 4145 3308 4200 caelos

1736 4235 2077 4304 magnidcata
2113 4236 2230 4301 est,
2265 4243 2318 4288 et
2374 4249 2545 4302 usque
2601 4234 2667 4288 ad
2712 4235 2882 4288 nubes
2938 4234 3141 4289 veritas
3194 4243 3306 4290 tua.

1737 4329 1892 4384 Unde
1922 4338 1978 4383 et
2022 4327 2179 4382 lmtus
2228 4336 2437 4395 gratum
2491 4340 2708 4380 carmen
2767 4325 2993 4379 Domino
3044 4326 3306 4394 Propheta

1735 4422 2029 4476 decantatis
2054 4421 2119 4472 ab
2164 4423 2394 4474 humana
2433 4429 2618 4471 natura
2656 4417 2794 4480 (erat
2823 4420 2965 4471 enim
2994 4419 3080 4472 illa
3109 4419 3306 4472 misere

1740 4512 1988 4581 paradiso
2023 4514 2302 4564 exturbata
2326 4548 2342 4574 ,
2380 4524 2521 4562 nunc
2553 4509 2766 4578 egregia
2806 4507 3007 4563 Christi
3062 4508 3307 4575 benigni-

1740 4615 1849 4659 tate
1907 4603 2238 4666 revocanda,
2282 4611 2335 4655 et
2362 4603 2426 4654 ad
2462 4601 2760 4671 majestatis
2820 4583 3068 4656 dextram
3116 4599 3304 4656 aeterni

1737 4699 1918 4756 Patris
1951 4697 2285 4766 collocanda)
2314 4715 2327 4750 :
2368 4715 2386 4748 ι
2424 4697 2554 4762 Quis
2583 4696 2852 4766 loquetur,
2897 4697 3087 4768 inquit,
3117 4701 3302 4766 potenv

1736 4789 1840 4841 tias
1867 4787 2100 4850 Domini,
2128 4795 2183 4840 et
2211 4787 2426 4840 auditas
2461 4785 2620 4840 faciet
2646 4800 2834 4839 omnes
2861 4785 3048 4840 laudes
3071 4785 3292 4856 ejus”?r

1735 4881 1801 4935 Et
1833 4881 2025 4935 iterum
2055 4898 2069 4934 :
2111 4899 2128 4930 ί
2164 4879 2416 4934 Ascendit
2451 4879 2592 4933 Deus
2638 4878 2692 4932 in
2721 4877 2912 4947 jubilo,
2960 4889 3013 4931 et
3043 4875 3302 4933 Dominus

1735 4970 1787 5024 in
1815 4984 1949 5024 voce
1982 4970 2123 5024 tubae
2156 4969 2220 5022 ⁸⁸.
2265 4990 2280 5020 υ
2320 4969 2457 5023 Alibi
2487 4985 2500 5022 :
2540 4985 2558 5018 r
2597 4967 2654 5021 ltt
2689 4966 2800 5022 sole
2834 4967 3010 5036 posuit
3049 4967 3300 5021 taberna-

1739 5064 1916 5118 culum
1953 5079 2129 5128 suum,
2168 5083 2182 5114 ι
2220 5080 2336 5116 cum
2377 5077 2601 5132 corpore
2641 5060 3069 5131 assumptionem
3097 5061 3304 5126 signili-

1739 5175 1902 5223 cans;
1940 5168 1995 5212 ct
2049 5157 2205 5224 paulo
2229 5165 2388 5225 post:
2428 5175 2446 5207 ‹
2503 5157 2548 5207 Α
2601 5169 2820 5209 summo
2872 5153 3011 5208 cmlo
3064 5152 3303 5223 egressio

1736 5252 1872 5320 ejus,
1900 5260 1952 5304 ct
1984 5266 2243 5305 Occursus
2273 5250 2389 5319 ejus
2414 5264 2580 5316 usque
2611 5247 2674 5300 ad
2721 5263 2987 5299 summum
3030 5245 3145 5314 ejus
3181 5247 3250 5302 ".
3277 5265 3295 5297 ι

1735 5347 1940 5413 Quibus
1984 5347 2163 5400 verbis
2215 5346 2476 5412 duplicem
2509 5345 2829 5399 descensum
2858 5358 2886 5396 e
2917 5344 3066 5398 caelis
3103 5345 3153 5397 in
3192 5354 3298 5397 ter-

1733 5449 1868 5496 ram,
1884 5443 1938 5487 et
1960 5434 2060 5486 sub
2082 5445 2303 5496 terram,
2327 5447 2647 5502 rurSttqute
2667 5433 2820 5488 exiis
2847 5433 2898 5486 in
2921 5432 3086 5487 custos
3104 5449 3296 5489 ascen-

1959 5632 2406 5696 ”"“Psa|.XLtv,
2451 5633 2504 5686 5.
2582 5632 2624 5663 ³⁷
2660 5632 2796 5688 l‘sal.
2837 5649 2928 5697 \‘tl,
2965 5633 3047 5687 12.
3126 5634 3170 5665 ³⁸
3201 5635 3299 5692 Ιειι,

1944 5704 1988 5735 ’δ’
2033 5705 2128 5756 lsa.
2166 5719 2313 5758 urit.
2351 5705 2404 5758 9.
2484 5703 2525 5734 ⁵³
2549 5702 2778 5757 Zachar.
2812 5720 2918 5758 xtv.
2952 5704 3003 5756 4.
3083 5704 3126 5734 ⁸⁸
3158 5703 3276 5758 Psal

2259 5745 2289 5757 ..
2354 5745 2404 5758 .,.
2551 5745 2778 5757 ............
2812 5745 2918 5763 η.-.
2964 5745 3003 5756 ,.

2257 5747 2465 5827 u"l‘sni.
2519 5789 2646 5836 CVll‘,
2694 5774 2745 5826 ϐ.
2843 5775 3051 5828 “Psal.
3104 5790 3185 5842 Cv,
3247 5777 3296 5830 αὶ,
