  <div class='ocr_page' id='page_1' title='image "/cluster/home/n/w/nwhite01/storage/ocr_20150623/133/hvd.32044073502502/463.png"; bbox 0 0 3816 6204; ppageno 0'>
   <div class='ocr_carea' id='block_1_1' title="bbox 495 370 603 435">
    <p class='ocr_par' dir='ltr' id='par_1_1' title="bbox 495 370 603 435">
     <span class='ocr_line' id='line_1_1' title="bbox 495 370 603 435; baseline -0.009 -1"><span class='ocrx_word' id='word_1_1' title='bbox 495 370 603 435; x_wconf 75' lang='lat'><strong>915</strong></span> 
     </span>
    </p>
   </div>
   <div class='ocr_carea' id='block_1_2' title="bbox 1733 371 3699 444">
    <p class='ocr_par' dir='ltr' id='par_1_2' title="bbox 1733 371 3699 444">
     <span class='ocr_line' id='line_1_2' title="bbox 1733 371 3699 444; baseline -0.004 -4"><span class='ocrx_word' id='word_1_2' title='bbox 1733 383 2140 444; x_wconf 72' lang='lat' dir='ltr'><strong>ANDRONIC!</strong></span> <span class='ocrx_word' id='word_1_3' title='bbox 2170 381 2503 442; x_wconf 77' lang='lat' dir='ltr'><strong>COMNENI</strong></span> <span class='ocrx_word' id='word_1_4' title='bbox 3622 371 3699 432; x_wconf 78' lang='lat'><strong>916</strong></span> 
     </span>
    </p>
   </div>
   <div class='ocr_carea' id='block_1_3' title="bbox 495 488 3690 566">
    <p class='ocr_par' dir='ltr' id='par_1_3' title="bbox 495 488 3690 566">
     <span class='ocr_line' id='line_1_3' title="bbox 495 488 3690 566; baseline -0.003 -17"><span class='ocrx_word' id='word_1_5' title='bbox 495 509 639 557; x_wconf 82' lang='lat' dir='ltr'><strong>sum,</strong></span> <span class='ocrx_word' id='word_1_6' title='bbox 666 501 718 547; x_wconf 91' lang='lat' dir='ltr'><strong>et</strong></span> <span class='ocrx_word' id='word_1_7' title='bbox 757 492 939 566; x_wconf 70' lang='lat' dir='ltr'><strong>gloriae</strong></span> <span class='ocrx_word' id='word_1_8' title='bbox 969 494 1362 566; x_wconf 87' lang='lat' dir='ltr'><strong>potestatisque</strong></span> <span class='ocrx_word' id='word_1_9' title='bbox 1404 498 1748 554; x_wconf 85' lang='lat' dir='ltr'><strong>traditionem</strong></span> <span class='ocrx_word' id='word_1_10' title='bbox 1782 509 1932 555; x_wconf 89' lang='lat' dir='ltr'><strong>notat</strong></span> <span class='ocrx_word' id='word_1_11' title='bbox 1961 519 1973 553; x_wconf 95' lang='lat'><strong>:</strong></span> <span class='ocrx_word' id='word_1_12' title='bbox 2011 501 2081 555; x_wconf 89' lang='lat' dir='ltr'><strong>ita</strong></span> <span class='ocrx_word' id='word_1_13' title='bbox 2111 502 2159 560; x_wconf 82' lang='lat' dir='ltr'><strong>A</strong></span> <span class='ocrx_word' id='word_1_14' title='bbox 2190 501 2420 558; x_wconf 88' lang='lat' dir='ltr'><strong>mutabis</strong></span> <span class='ocrx_word' id='word_1_15' title='bbox 2453 516 2545 556; x_wconf 82' lang='lat' dir='ltr'><strong>eos</strong></span> <span class='ocrx_word' id='word_1_16' title='bbox 2567 541 2581 564; x_wconf 91' lang='lat'><strong>,</strong></span> <span class='ocrx_word' id='word_1_17' title='bbox 2617 510 2668 554; x_wconf 92' lang='lat' dir='ltr'><strong>et</strong></span> <span class='ocrx_word' id='word_1_18' title='bbox 2701 498 3095 553; x_wconf 86' lang='lat' dir='ltr'><strong>mutabuntur:</strong></span> <span class='ocrx_word' id='word_1_19' title='bbox 3133 505 3189 549; x_wconf 93' lang='lat' dir='ltr'><strong>tu</strong></span> <span class='ocrx_word' id='word_1_20' title='bbox 3227 504 3400 547; x_wconf 89' lang='lat' dir='ltr'><strong>autem</strong></span> <span class='ocrx_word' id='word_1_21' title='bbox 3451 489 3573 544; x_wconf 84' lang='lat' dir='ltr'><strong>idem</strong></span> <span class='ocrx_word' id='word_1_22' title='bbox 3606 488 3690 557; x_wconf 63' lang='lat' dir='ltr'><strong>ips&#39;</strong></span> 
     </span>
    </p>
   </div>
   <div class='ocr_carea' id='block_1_4' title="bbox 511 584 2076 654">
    <p class='ocr_par' dir='ltr' id='par_1_4' title="bbox 511 584 2076 654">
     <span class='ocr_line' id='line_1_4' title="bbox 511 584 2076 654; baseline 0.005 -16"><span class='ocrx_word' id='word_1_23' title='bbox 511 584 658 639; x_wconf 85' lang='lat' dir='ltr'><strong>enim</strong></span> <span class='ocrx_word' id='word_1_24' title='bbox 685 593 738 638; x_wconf 90' lang='lat' dir='ltr'><strong>et</strong></span> <span class='ocrx_word' id='word_1_25' title='bbox 766 584 990 638; x_wconf 90' lang='lat' dir='ltr'><strong>dilectus</strong></span> <span class='ocrx_word' id='word_1_26' title='bbox 1008 585 1096 640; x_wconf 89' lang='lat' dir='ltr'><strong>ille</strong></span> <span class='ocrx_word' id='word_1_27' title='bbox 1111 585 1440 654; x_wconf 79' lang='lat' dir='ltr'><strong>evangelista</strong></span> <span class='ocrx_word' id='word_1_28' title='bbox 1469 588 1544 643; x_wconf 88' lang='lat' dir='ltr'><strong>ait</strong></span> <span class='ocrx_word' id='word_1_29' title='bbox 1570 607 1614 642; x_wconf 76' lang='grc' dir='ltr'>τι</span> <span class='ocrx_word' id='word_1_30' title='bbox 1637 587 1809 645; x_wconf 84' lang='lat' dir='ltr'><strong>Nemo</strong></span> <span class='ocrx_word' id='word_1_31' title='bbox 1833 591 2076 646; x_wconf 73' lang='lat' dir='ltr'><strong>ascendit</strong></span> 
     </span>
    </p>
   </div>
   <div class='ocr_carea' id='block_1_5' title="bbox 498 671 2077 748">
    <p class='ocr_par' dir='ltr' id='par_1_5' title="bbox 498 671 2077 748">
     <span class='ocr_line' id='line_1_5' title="bbox 498 671 2077 748; baseline 0.005 -20"><span class='ocrx_word' id='word_1_32' title='bbox 498 674 552 728; x_wconf 92' lang='lat' dir='ltr'><strong>in</strong></span> <span class='ocrx_word' id='word_1_33' title='bbox 602 674 825 739; x_wconf 76' lang='lat' dir='ltr'><strong>ctelum,</strong></span> <span class='ocrx_word' id='word_1_34' title='bbox 859 673 960 730; x_wconf 86' lang='lat' dir='ltr'><strong>nisi</strong></span> <span class='ocrx_word' id='word_1_35' title='bbox 992 675 1081 746; x_wconf 92' lang='lat' dir='ltr'><strong>qui</strong></span> <span class='ocrx_word' id='word_1_36' title='bbox 1113 676 1396 734; x_wconf 89' lang='lat' dir='ltr'><strong>descendit</strong></span> <span class='ocrx_word' id='word_1_37' title='bbox 1427 680 1490 735; x_wconf 91' lang='lat' dir='ltr'><strong>de</strong></span> <span class='ocrx_word' id='word_1_38' title='bbox 1516 671 1676 748; x_wconf 62' lang='lat' dir='ltr'><strong>caélo,</strong></span> <span class='ocrx_word' id='word_1_39' title='bbox 1711 680 1880 737; x_wconf 83' lang='lat' dir='ltr'><strong>Filius</strong></span> <span class='ocrx_word' id='word_1_40' title='bbox 1904 682 2077 736; x_wconf 84' lang='lat' dir='ltr'><strong>homi-</strong></span> 
     </span>
    </p>
   </div>
   <div class='ocr_carea' id='block_1_6' title="bbox 497 769 2076 838">
    <p class='ocr_par' dir='ltr' id='par_1_6' title="bbox 497 769 2076 838">
     <span class='ocr_line' id='line_1_6' title="bbox 497 769 2076 838; baseline 0.005 -16"><span class='ocrx_word' id='word_1_41' title='bbox 497 772 603 830; x_wconf 85' lang='lat' dir='ltr'><strong>nis.</strong></span> <span class='ocrx_word' id='word_1_42' title='bbox 625 769 714 838; x_wconf 89' lang='lat' dir='ltr'><strong>qui</strong></span> <span class='ocrx_word' id='word_1_43' title='bbox 746 779 828 823; x_wconf 89' lang='lat' dir='ltr'><strong>est</strong></span> <span class='ocrx_word' id='word_1_44' title='bbox 850 773 900 822; x_wconf 89' lang='lat' dir='ltr'><strong>in</strong></span> <span class='ocrx_word' id='word_1_45' title='bbox 922 771 1058 824; x_wconf 87' lang='lat' dir='ltr'><strong>coelo</strong></span> <span class='ocrx_word' id='word_1_46' title='bbox 1088 772 1156 826; x_wconf 88' lang='lat'><strong>&quot;.</strong></span> <span class='ocrx_word' id='word_1_47' title='bbox 1187 774 1251 828; x_wconf 88' lang='lat' dir='ltr'><strong>Et</strong></span> <span class='ocrx_word' id='word_1_48' title='bbox 1273 773 1338 828; x_wconf 90' lang='lat' dir='ltr'><strong>de</strong></span> <span class='ocrx_word' id='word_1_49' title='bbox 1363 775 1991 830; x_wconf 81' lang='lat' dir='ltr'><strong>sanctarnmanimarum</strong></span> <span class='ocrx_word' id='word_1_50' title='bbox 2012 791 2076 830; x_wconf 89' lang='lat' dir='ltr'><strong>ex</strong></span> 
     </span>
    </p>
   </div>
   <div class='ocr_carea' id='block_1_7' title="bbox 495 861 2077 935">
    <p class='ocr_par' dir='ltr' id='par_1_7' title="bbox 495 861 2077 935">
     <span class='ocr_line' id='line_1_7' title="bbox 495 861 2077 935; baseline 0.006 -20"><span class='ocrx_word' id='word_1_51' title='bbox 495 861 685 915; x_wconf 81' lang='lat' dir='ltr'><strong>inferis</strong></span> <span class='ocrx_word' id='word_1_52' title='bbox 719 861 1061 929; x_wconf 73' lang='lat' dir='ltr'><strong>liberatione,</strong></span> <span class='ocrx_word' id='word_1_53' title='bbox 1108 873 1271 934; x_wconf 86' lang='lat' dir='ltr'><strong>atque</strong></span> <span class='ocrx_word' id='word_1_54' title='bbox 1298 863 1571 935; x_wconf 81' lang='lat' dir='ltr'><strong>Unigeniti</strong></span> <span class='ocrx_word' id='word_1_55' title='bbox 1597 882 1845 933; x_wconf 86' lang='lat' dir='ltr'><strong>ascensu,</strong></span> <span class='ocrx_word' id='word_1_56' title='bbox 1875 880 1929 924; x_wconf 92' lang='lat' dir='ltr'><strong>et</strong></span> <span class='ocrx_word' id='word_1_57' title='bbox 1958 885 2077 924; x_wconf 85' lang='lat' dir='ltr'><strong>ses-</strong></span> 
     </span>
    </p>
   </div>
   <div class='ocr_carea' id='block_1_8' title="bbox 493 953 2078 1026">
    <p class='ocr_par' dir='ltr' id='par_1_8' title="bbox 493 953 2078 1026">
     <span class='ocr_line' id='line_1_8' title="bbox 493 953 2078 1026; baseline 0.004 -21"><span class='ocrx_word' id='word_1_58' title='bbox 493 954 644 1006; x_wconf 83' lang='lat' dir='ltr'><strong>sione</strong></span> <span class='ocrx_word' id='word_1_59' title='bbox 674 953 740 1007; x_wconf 87' lang='lat' dir='ltr'><strong>ad</strong></span> <span class='ocrx_word' id='word_1_60' title='bbox 767 954 1044 1008; x_wconf 82' lang='lat' dir='ltr'><strong>dexteram</strong></span> <span class='ocrx_word' id='word_1_61' title='bbox 1069 954 1242 1011; x_wconf 86' lang='lat' dir='ltr'><strong>Patris</strong></span> <span class='ocrx_word' id='word_1_62' title='bbox 1270 956 1592 1026; x_wconf 80' lang='lat' dir='ltr'><strong>vaticinans,</strong></span> <span class='ocrx_word' id='word_1_63' title='bbox 1611 967 1666 1013; x_wconf 91' lang='lat' dir='ltr'><strong>et</strong></span> <span class='ocrx_word' id='word_1_64' title='bbox 1681 959 1749 1012; x_wconf 88' lang='lat' dir='ltr'><strong>ob</strong></span> <span class='ocrx_word' id='word_1_65' title='bbox 1774 973 1956 1012; x_wconf 90' lang='lat' dir='ltr'><strong>curam</strong></span> <span class='ocrx_word' id='word_1_66' title='bbox 1982 959 2078 1013; x_wconf 84' lang='lat' dir='ltr'><strong>ho-</strong></span> 
     </span>
    </p>
   </div>
   <div class='ocr_carea' id='block_1_9' title="bbox 495 1048 2080 1119">
    <p class='ocr_par' dir='ltr' id='par_1_9' title="bbox 495 1048 2080 1119">
     <span class='ocr_line' id='line_1_9' title="bbox 495 1048 2080 1119; baseline 0.004 -20"><span class='ocrx_word' id='word_1_67' title='bbox 495 1060 792 1116; x_wconf 89' lang='lat' dir='ltr'><strong>noremque</strong></span> <span class='ocrx_word' id='word_1_68' title='bbox 809 1048 1039 1100; x_wconf 85' lang='lat' dir='ltr'><strong>humano</strong></span> <span class='ocrx_word' id='word_1_69' title='bbox 1061 1049 1243 1117; x_wconf 79' lang='lat' dir='ltr'><strong>generi</strong></span> <span class='ocrx_word' id='word_1_70' title='bbox 1273 1053 1569 1118; x_wconf 86' lang='lat' dir='ltr'><strong>praestitum</strong></span> <span class='ocrx_word' id='word_1_71' title='bbox 1591 1050 1659 1104; x_wconf 92' lang='lat' dir='ltr'><strong>ab</strong></span> <span class='ocrx_word' id='word_1_72' title='bbox 1691 1049 1896 1119; x_wconf 78' lang='lat' dir='ltr'><strong>Opiﬁce</strong></span> <span class='ocrx_word' id='word_1_73' title='bbox 1919 1060 1972 1105; x_wconf 91' lang='lat' dir='ltr'><strong>et</strong></span> <span class='ocrx_word' id='word_1_74' title='bbox 2001 1061 2080 1107; x_wconf 79' lang='lat' dir='ltr'><strong>to-</strong></span> 
     </span>
    </p>
   </div>
   <div class='ocr_carea' id='block_1_10' title="bbox 496 1137 2080 1216">
    <p class='ocr_par' dir='ltr' id='par_1_10' title="bbox 496 1137 2080 1216">
     <span class='ocr_line' id='line_1_10' title="bbox 496 1137 2080 1216; baseline 0.008 -28"><span class='ocrx_word' id='word_1_75' title='bbox 496 1137 604 1190; x_wconf 89' lang='lat' dir='ltr'><strong>tius</strong></span> <span class='ocrx_word' id='word_1_76' title='bbox 623 1137 860 1191; x_wconf 92' lang='lat' dir='ltr'><strong>universi</strong></span> <span class='ocrx_word' id='word_1_77' title='bbox 883 1150 1232 1208; x_wconf 83' lang='lat' dir='ltr'><strong>procuratore</strong></span> <span class='ocrx_word' id='word_1_78' title='bbox 1253 1142 1602 1197; x_wconf 78' lang='lat' dir='ltr'><strong>vehementer</strong></span> <span class='ocrx_word' id='word_1_79' title='bbox 1619 1143 1895 1198; x_wconf 81' lang='lat' dir='ltr'><strong>exsultans</strong></span> <span class='ocrx_word' id='word_1_80' title='bbox 1910 1160 1971 1199; x_wconf 88' lang='lat' dir='ltr'><strong>ac</strong></span> <span class='ocrx_word' id='word_1_81' title='bbox 1994 1162 2080 1216; x_wconf 83' lang='lat' dir='ltr'><strong>ga-</strong></span> 
     </span>
    </p>
   </div>
   <div class='ocr_carea' id='block_1_11' title="bbox 493 1230 2077 1306">
    <p class='ocr_par' dir='ltr' id='par_1_11' title="bbox 493 1230 2077 1306">
     <span class='ocr_line' id='line_1_11' title="bbox 493 1230 2077 1306; baseline 0.008 -28"><span class='ocrx_word' id='word_1_82' title='bbox 493 1230 663 1297; x_wconf 75' lang='lat' dir='ltr'><strong>\isus,</strong></span> <span class='ocrx_word' id='word_1_83' title='bbox 696 1231 911 1300; x_wconf 86' lang='lat' dir='ltr'><strong>inquit:</strong></span> <span class='ocrx_word' id='word_1_84' title='bbox 975 1251 992 1283; x_wconf 80' lang='grc' dir='ltr'><strong>ι</strong></span> <span class='ocrx_word' id='word_1_85' title='bbox 1024 1232 1280 1290; x_wconf 85' lang='lat' dir='ltr'><strong>Dominus</strong></span> <span class='ocrx_word' id='word_1_86' title='bbox 1329 1237 1597 1306; x_wconf 80' lang='lat' dir='ltr'><strong>regnavit,</strong></span> <span class='ocrx_word' id='word_1_87' title='bbox 1636 1238 1882 1293; x_wconf 84' lang='lat' dir='ltr'><strong>decorem</strong></span> <span class='ocrx_word' id='word_1_88' title='bbox 1917 1238 2077 1294; x_wconf 81' lang='lat' dir='ltr'><strong>indu-</strong></span> 
     </span>
    </p>
   </div>
   <div class='ocr_carea' id='block_1_12' title="bbox 507 1324 2078 1402">
    <p class='ocr_par' dir='ltr' id='par_1_12' title="bbox 507 1324 2078 1402">
     <span class='ocr_line' id='line_1_12' title="bbox 507 1324 2078 1402; baseline 0.009 -29"><span class='ocrx_word' id='word_1_89' title='bbox 507 1332 594 1375; x_wconf 90' lang='lat' dir='ltr'><strong>tus</strong></span> <span class='ocrx_word' id='word_1_90' title='bbox 620 1332 701 1376; x_wconf 85' lang='lat' dir='ltr'><strong>est</strong></span> <span class='ocrx_word' id='word_1_91' title='bbox 731 1324 801 1388; x_wconf 79' lang='grc'><strong>⁵³,</strong></span> <span class='ocrx_word' id='word_1_92' title='bbox 827 1341 844 1374; x_wconf 86' lang='grc' dir='ltr'><strong>ι</strong></span> <span class='ocrx_word' id='word_1_93' title='bbox 881 1325 1255 1380; x_wconf 87' lang='lat' dir='ltr'><strong>excellentiam</strong></span> <span class='ocrx_word' id='word_1_94' title='bbox 1278 1328 1522 1396; x_wconf 85' lang='lat' dir='ltr'><strong>corporis</strong></span> <span class='ocrx_word' id='word_1_95' title='bbox 1551 1345 1612 1383; x_wconf 80' lang='lat' dir='ltr'><strong>ex</strong></span> <span class='ocrx_word' id='word_1_96' title='bbox 1648 1329 1866 1384; x_wconf 91' lang='lat' dir='ltr'><strong>interitu</strong></span> <span class='ocrx_word' id='word_1_97' title='bbox 1887 1339 2078 1402; x_wconf 85' lang='lat' dir='ltr'><strong>etpost</strong></span> 
     </span>
    </p>
   </div>
   <div class='ocr_carea' id='block_1_13' title="bbox 497 1415 1789 1483">
    <p class='ocr_par' dir='ltr' id='par_1_13' title="bbox 497 1415 1789 1483">
     <span class='ocr_line' id='line_1_13' title="bbox 497 1415 1789 1483; baseline 0.005 -15"><span class='ocrx_word' id='word_1_98' title='bbox 497 1415 772 1468; x_wconf 77' lang='lat' dir='ltr'><strong>interitum</strong></span> <span class='ocrx_word' id='word_1_99' title='bbox 821 1416 934 1483; x_wconf 86' lang='lat' dir='ltr'><strong>ejus</strong></span> <span class='ocrx_word' id='word_1_100' title='bbox 979 1417 1436 1471; x_wconf 78' lang='lat' dir='ltr'><strong>immortalitatem</strong></span> <span class='ocrx_word' id='word_1_101' title='bbox 1465 1419 1535 1472; x_wconf 86' lang='lat' dir='ltr'><strong>ita</strong></span> <span class='ocrx_word' id='word_1_102' title='bbox 1571 1435 1789 1476; x_wconf 85' lang='lat' dir='ltr'><strong>vocans.</strong></span> 
     </span>
    </p>
   </div>
   <div class='ocr_carea' id='block_1_14' title="bbox 569 1506 2076 1583">
    <p class='ocr_par' dir='ltr' id='par_1_14' title="bbox 569 1506 2076 1583">
     <span class='ocr_line' id='line_1_14' title="bbox 569 1506 2076 1583; baseline 0.005 -24"><span class='ocrx_word' id='word_1_103' title='bbox 569 1506 742 1575; x_wconf 81' lang='lat' dir='ltr'><strong>Atque</strong></span> <span class='ocrx_word' id='word_1_104' title='bbox 768 1506 818 1561; x_wconf 93' lang='lat' dir='ltr'><strong>id</strong></span> <span class='ocrx_word' id='word_1_105' title='bbox 852 1508 921 1560; x_wconf 87' lang='lat' dir='ltr'><strong>ita</strong></span> <span class='ocrx_word' id='word_1_106' title='bbox 950 1522 1070 1563; x_wconf 89' lang='lat' dir='ltr'><strong>esse</strong></span> <span class='ocrx_word' id='word_1_107' title='bbox 1096 1523 1156 1562; x_wconf 83' lang='lat' dir='ltr'><strong>ex</strong></span> <span class='ocrx_word' id='word_1_108' title='bbox 1185 1510 1539 1577; x_wconf 88' lang='lat' dir='ltr'><strong>sequentibus</strong></span> <span class='ocrx_word' id='word_1_109' title='bbox 1572 1512 1750 1564; x_wconf 77' lang='lat' dir='ltr'><strong>verbis</strong></span> <span class='ocrx_word' id='word_1_110' title='bbox 1777 1513 2076 1583; x_wconf 88' lang='lat' dir='ltr'><strong>planiorem</strong></span> 
     </span>
    </p>
   </div>
   <div class='ocr_carea' id='block_1_15' title="bbox 505 1599 2077 1666">
    <p class='ocr_par' dir='ltr' id='par_1_15' title="bbox 505 1599 2077 1666">
     <span class='ocr_line' id='line_1_15' title="bbox 505 1599 2077 1666; baseline 0.004 -14"><span class='ocrx_word' id='word_1_111' title='bbox 505 1599 770 1653; x_wconf 82' lang='lat' dir='ltr'><strong>habebitis</strong></span> <span class='ocrx_word' id='word_1_112' title='bbox 793 1600 1055 1653; x_wconf 82' lang='lat' dir='ltr'><strong>dictorum</strong></span> <span class='ocrx_word' id='word_1_113' title='bbox 1099 1615 1336 1666; x_wconf 86' lang='lat' dir='ltr'><strong>sensum,</strong></span> <span class='ocrx_word' id='word_1_114' title='bbox 1379 1603 1453 1654; x_wconf 89' lang='lat' dir='ltr'><strong>ait</strong></span> <span class='ocrx_word' id='word_1_115' title='bbox 1493 1605 1633 1656; x_wconf 88' lang='lat' dir='ltr'><strong>enim</strong></span> <span class='ocrx_word' id='word_1_116' title='bbox 1663 1621 1675 1656; x_wconf 94' lang='lat'><strong>:</strong></span> <span class='ocrx_word' id='word_1_117' title='bbox 1711 1623 1726 1654; x_wconf 80' lang='grc' dir='ltr'><strong>ι</strong></span> <span class='ocrx_word' id='word_1_118' title='bbox 1766 1603 1945 1658; x_wconf 87' lang='lat' dir='ltr'><strong>induit</strong></span> <span class='ocrx_word' id='word_1_119' title='bbox 1974 1605 2077 1659; x_wconf 59' lang='lat' dir='ltr'><strong>Do-</strong></span> 
     </span>
    </p>
   </div>
   <div class='ocr_carea' id='block_1_16' title="bbox 497 1690 2070 1762">
    <p class='ocr_par' dir='ltr' id='par_1_16' title="bbox 497 1690 2070 1762">
     <span class='ocr_line' id='line_1_16' title="bbox 497 1690 2070 1762; baseline 0.003 -17"><span class='ocrx_word' id='word_1_120' title='bbox 497 1690 676 1747; x_wconf 88' lang='lat' dir='ltr'><strong>minus</strong></span> <span class='ocrx_word' id='word_1_121' title='bbox 725 1691 1100 1747; x_wconf 78' lang='lat' dir='ltr'><strong>fortitudinem</strong></span> <span class='ocrx_word' id='word_1_122' title='bbox 1132 1737 1146 1760; x_wconf 90' lang='lat'><strong>,</strong></span> <span class='ocrx_word' id='word_1_123' title='bbox 1184 1703 1235 1749; x_wconf 92' lang='lat' dir='ltr'><strong>et</strong></span> <span class='ocrx_word' id='word_1_124' title='bbox 1279 1695 1558 1762; x_wconf 61' lang='lat' dir='ltr'><strong>praecinxit</strong></span> <span class='ocrx_word' id='word_1_125' title='bbox 1612 1712 1672 1750; x_wconf 88' lang='lat' dir='ltr'><strong>se</strong></span> <span class='ocrx_word' id='word_1_126' title='bbox 1717 1697 1913 1750; x_wconf 86' lang='lat' dir='ltr'><strong>virtute</strong></span> <span class='ocrx_word' id='word_1_127' title='bbox 1947 1698 2015 1749; x_wconf 68' lang='grc'><strong>⁸⁵.</strong></span> <span class='ocrx_word' id='word_1_128' title='bbox 2053 1717 2070 1749; x_wconf 79' lang='grc' dir='ltr'><strong>ι</strong></span> 
     </span>
    </p>
   </div>
   <div class='ocr_carea' id='block_1_17' title="bbox 497 1782 2072 1856">
    <p class='ocr_par' dir='ltr' id='par_1_17' title="bbox 497 1782 2072 1856">
     <span class='ocr_line' id='line_1_17' title="bbox 497 1782 2072 1856; baseline 0.003 -20"><span class='ocrx_word' id='word_1_129' title='bbox 497 1784 572 1838; x_wconf 84' lang='lat' dir='ltr'><strong>Ac</strong></span> <span class='ocrx_word' id='word_1_130' title='bbox 613 1782 810 1850; x_wconf 90' lang='lat' dir='ltr'><strong>videte,</strong></span> <span class='ocrx_word' id='word_1_131' title='bbox 842 1795 897 1837; x_wconf 89' lang='lat' dir='ltr'><strong>ut</strong></span> <span class='ocrx_word' id='word_1_132' title='bbox 935 1785 1047 1838; x_wconf 61' lang='lat' dir='ltr'><strong>haec</strong></span> <span class='ocrx_word' id='word_1_133' title='bbox 1086 1786 1148 1839; x_wconf 87' lang='lat' dir='ltr'><strong>de</strong></span> <span class='ocrx_word' id='word_1_134' title='bbox 1191 1785 1539 1855; x_wconf 84' lang='lat' dir='ltr'><strong>inseparabili</strong></span> <span class='ocrx_word' id='word_1_135' title='bbox 1582 1796 1860 1856; x_wconf 84' lang='lat' dir='ltr'><strong>assumpto</strong></span> <span class='ocrx_word' id='word_1_136' title='bbox 1904 1786 2072 1850; x_wconf 83' lang='lat' dir='ltr'><strong>dicat,</strong></span> 
     </span>
    </p>
   </div>
   <div class='ocr_carea' id='block_1_18' title="bbox 497 1877 2143 1947">
    <p class='ocr_par' dir='ltr' id='par_1_18' title="bbox 497 1877 2143 1947">
     <span class='ocr_line' id='line_1_18' title="bbox 497 1877 2143 1947; baseline 0.001 -18"><span class='ocrx_word' id='word_1_137' title='bbox 497 1889 676 1945; x_wconf 84' lang='lat' dir='ltr'><strong>neque</strong></span> <span class='ocrx_word' id='word_1_138' title='bbox 712 1891 856 1931; x_wconf 88' lang='lat' dir='ltr'><strong>nunc</strong></span> <span class='ocrx_word' id='word_1_139' title='bbox 887 1886 978 1930; x_wconf 87' lang='lat' dir='ltr'><strong>aut</strong></span> <span class='ocrx_word' id='word_1_140' title='bbox 1010 1877 1216 1947; x_wconf 88' lang='lat' dir='ltr'><strong>pridetu</strong></span> <span class='ocrx_word' id='word_1_141' title='bbox 1245 1879 1451 1934; x_wconf 86' lang='lat' dir='ltr'><strong>viribus</strong></span> <span class='ocrx_word' id='word_1_142' title='bbox 1479 1878 1664 1932; x_wconf 88' lang='lat' dir='ltr'><strong>induta</strong></span> <span class='ocrx_word' id='word_1_143' title='bbox 1691 1888 1771 1934; x_wconf 78' lang='lat' dir='ltr'><strong>est</strong></span> <span class='ocrx_word' id='word_1_144' title='bbox 1806 1877 2070 1932; x_wconf 86' lang='lat' dir='ltr'><strong>Diviuitas</strong></span> <span class='ocrx_word' id='word_1_145' title='bbox 2103 1884 2143 1938; x_wconf 84' lang='grc' dir='ltr'><strong>Β</strong></span> 
     </span>
    </p>
   </div>
   <div class='ocr_carea' id='block_1_19' title="bbox 496 1969 2072 2040">
    <p class='ocr_par' dir='ltr' id='par_1_19' title="bbox 496 1969 2072 2040">
     <span class='ocr_line' id='line_1_19' title="bbox 496 1969 2072 2040; baseline 0.001 -17"><span class='ocrx_word' id='word_1_146' title='bbox 496 1981 674 2040; x_wconf 87' lang='lat' dir='ltr'><strong>neque</strong></span> <span class='ocrx_word' id='word_1_147' title='bbox 724 1971 774 2023; x_wconf 91' lang='lat' dir='ltr'><strong>in</strong></span> <span class='ocrx_word' id='word_1_148' title='bbox 823 1979 1098 2040; x_wconf 88' lang='lat' dir='ltr'><strong>postermn</strong></span> <span class='ocrx_word' id='word_1_149' title='bbox 1137 1969 1433 2037; x_wconf 88' lang='lat' dir='ltr'><strong>induetnr;</strong></span> <span class='ocrx_word' id='word_1_150' title='bbox 1473 1972 1565 2025; x_wconf 89' lang='lat' dir='ltr'><strong>sed</strong></span> <span class='ocrx_word' id='word_1_151' title='bbox 1611 1981 1736 2025; x_wconf 83' lang='lat' dir='ltr'><strong>ante</strong></span> <span class='ocrx_word' id='word_1_152' title='bbox 1768 1971 1986 2037; x_wconf 64' lang='lat' dir='ltr'><strong>saecula,</strong></span> <span class='ocrx_word' id='word_1_153' title='bbox 2017 1983 2072 2025; x_wconf 81' lang='lat' dir='ltr'><strong>ct</strong></span> 
     </span>
    </p>
   </div>
   <div class='ocr_carea' id='block_1_20' title="bbox 496 2062 2066 2134">
    <p class='ocr_par' dir='ltr' id='par_1_20' title="bbox 496 2062 2066 2134">
     <span class='ocr_line' id='line_1_20' title="bbox 496 2062 2066 2134; baseline 0.002 -19"><span class='ocrx_word' id='word_1_154' title='bbox 496 2077 665 2129; x_wconf 80' lang='lat' dir='ltr'><strong>nunc,</strong></span> <span class='ocrx_word' id='word_1_155' title='bbox 698 2071 750 2117; x_wconf 86' lang='lat' dir='ltr'><strong>et</strong></span> <span class='ocrx_word' id='word_1_156' title='bbox 781 2063 991 2116; x_wconf 87' lang='lat' dir='ltr'><strong>cunctis</strong></span> <span class='ocrx_word' id='word_1_157' title='bbox 1026 2063 1245 2134; x_wconf 86' lang='lat' dir='ltr'><strong>insuper</strong></span> <span class='ocrx_word' id='word_1_158' title='bbox 1275 2062 1472 2119; x_wconf 77' lang='lat' dir='ltr'><strong>futuris</strong></span> <span class='ocrx_word' id='word_1_159' title='bbox 1495 2064 1705 2119; x_wconf 67' lang='lat' dir='ltr'><strong>saeculis</strong></span> <span class='ocrx_word' id='word_1_160' title='bbox 1752 2065 1935 2118; x_wconf 89' lang='lat' dir='ltr'><strong>induta</strong></span> <span class='ocrx_word' id='word_1_161' title='bbox 1966 2076 2066 2118; x_wconf 67' lang='lat' dir='ltr'><strong>esu.</strong></span> 
     </span>
    </p>
   </div>
   <div class='ocr_carea' id='block_1_21' title="bbox 494 2147 2071 2221">
    <p class='ocr_par' dir='ltr' id='par_1_21' title="bbox 494 2147 2071 2221">
     <span class='ocr_line' id='line_1_21' title="bbox 494 2147 2071 2221; baseline 0.003 -17"><span class='ocrx_word' id='word_1_162' title='bbox 494 2147 682 2218; x_wconf 83' lang='lat' dir='ltr'><strong>Neque</strong></span> <span class='ocrx_word' id='word_1_163' title='bbox 713 2150 827 2220; x_wconf 89' lang='lat' dir='ltr'><strong>ipsa</strong></span> <span class='ocrx_word' id='word_1_164' title='bbox 869 2151 1041 2205; x_wconf 89' lang='lat' dir='ltr'><strong>solum</strong></span> <span class='ocrx_word' id='word_1_165' title='bbox 1077 2167 1172 2221; x_wconf 92' lang='lat' dir='ltr'><strong>per</strong></span> <span class='ocrx_word' id='word_1_166' title='bbox 1215 2167 1273 2207; x_wconf 89' lang='lat' dir='ltr'><strong>se</strong></span> <span class='ocrx_word' id='word_1_167' title='bbox 1325 2154 1499 2208; x_wconf 84' lang='lat' dir='ltr'><strong>valida</strong></span> <span class='ocrx_word' id='word_1_168' title='bbox 1533 2165 1639 2220; x_wconf 86' lang='lat' dir='ltr'><strong>est,</strong></span> <span class='ocrx_word' id='word_1_169' title='bbox 1686 2155 1778 2208; x_wconf 86' lang='lat' dir='ltr'><strong>sed</strong></span> <span class='ocrx_word' id='word_1_170' title='bbox 1823 2155 2071 2209; x_wconf 79' lang='lat' dir='ltr'><strong>omnibus</strong></span> 
     </span>
    </p>
   </div>
   <div class='ocr_carea' id='block_1_22' title="bbox 495 2242 2072 2318">
    <p class='ocr_par' dir='ltr' id='par_1_22' title="bbox 495 2242 2072 2318">
     <span class='ocr_line' id='line_1_22' title="bbox 495 2242 2072 2318; baseline 0.003 -21"><span class='ocrx_word' id='word_1_171' title='bbox 495 2242 617 2297; x_wconf 86' lang='lat' dir='ltr'><strong>aliis</strong></span> <span class='ocrx_word' id='word_1_172' title='bbox 645 2253 857 2313; x_wconf 81' lang='lat' dir='ltr'><strong>qucque</strong></span> <span class='ocrx_word' id='word_1_173' title='bbox 888 2244 1076 2298; x_wconf 90' lang='lat' dir='ltr'><strong>eadem</strong></span> <span class='ocrx_word' id='word_1_174' title='bbox 1109 2258 1164 2297; x_wconf 86' lang='lat' dir='ltr'><strong>nt</strong></span> <span class='ocrx_word' id='word_1_175' title='bbox 1194 2244 1427 2311; x_wconf 85' lang='lat' dir='ltr'><strong>valeant,</strong></span> <span class='ocrx_word' id='word_1_176' title='bbox 1465 2247 1709 2318; x_wconf 80' lang='lat' dir='ltr'><strong>largitur.</strong></span> <span class='ocrx_word' id='word_1_177' title='bbox 1743 2246 1855 2313; x_wconf 84' lang='lat' dir='ltr'><strong>Qua</strong></span> <span class='ocrx_word' id='word_1_178' title='bbox 1904 2247 1969 2301; x_wconf 89' lang='lat' dir='ltr'><strong>de</strong></span> <span class='ocrx_word' id='word_1_179' title='bbox 2015 2263 2072 2301; x_wconf 88' lang='lat' dir='ltr'><strong>re</strong></span> 
     </span>
    </p>
   </div>
   <div class='ocr_carea' id='block_1_23' title="bbox 496 2334 2071 2409">
    <p class='ocr_par' dir='ltr' id='par_1_23' title="bbox 496 2334 2071 2409">
     <span class='ocr_line' id='line_1_23' title="bbox 496 2334 2071 2409; baseline 0.003 -20"><span class='ocrx_word' id='word_1_180' title='bbox 496 2334 734 2390; x_wconf 86' lang='lat' dir='ltr'><strong>Danielis</strong></span> <span class='ocrx_word' id='word_1_181' title='bbox 768 2337 1032 2390; x_wconf 79' lang='lat' dir='ltr'><strong>sententia</strong></span> <span class='ocrx_word' id='word_1_182' title='bbox 1086 2336 1198 2392; x_wconf 63' lang='lat' dir='ltr'><strong>haac</strong></span> <span class='ocrx_word' id='word_1_183' title='bbox 1228 2348 1308 2392; x_wconf 88' lang='lat' dir='ltr'><strong>est</strong></span> <span class='ocrx_word' id='word_1_184' title='bbox 1340 2356 1352 2392; x_wconf 92' lang='lat'><strong>:</strong></span> <span class='ocrx_word' id='word_1_185' title='bbox 1391 2357 1409 2390; x_wconf 79' lang='grc' dir='ltr'><strong>ι</strong></span> <span class='ocrx_word' id='word_1_186' title='bbox 1446 2337 1512 2392; x_wconf 88' lang='lat' dir='ltr'><strong>Et</strong></span> <span class='ocrx_word' id='word_1_187' title='bbox 1561 2355 1688 2395; x_wconf 88' lang='lat' dir='ltr'><strong>ecce</strong></span> <span class='ocrx_word' id='word_1_188' title='bbox 1737 2340 1889 2409; x_wconf 85' lang='lat' dir='ltr'><strong>quasi</strong></span> <span class='ocrx_word' id='word_1_189' title='bbox 1937 2340 2071 2394; x_wconf 83' lang='lat' dir='ltr'><strong>visio</strong></span> 
     </span>
    </p>
   </div>
   <div class='ocr_carea' id='block_1_24' title="bbox 495 2426 2070 2503">
    <p class='ocr_par' dir='ltr' id='par_1_24' title="bbox 495 2426 2070 2503">
     <span class='ocr_line' id='line_1_24' title="bbox 495 2426 2070 2503; baseline 0.003 -21"><span class='ocrx_word' id='word_1_190' title='bbox 495 2426 593 2483; x_wconf 82' lang='lat' dir='ltr'><strong>ﬁlii</strong></span> <span class='ocrx_word' id='word_1_191' title='bbox 641 2427 912 2483; x_wconf 86' lang='lat' dir='ltr'><strong>hominis:</strong></span> <span class='ocrx_word' id='word_1_192' title='bbox 945 2439 1000 2483; x_wconf 91' lang='lat' dir='ltr'><strong>et</strong></span> <span class='ocrx_word' id='word_1_193' title='bbox 1040 2430 1212 2484; x_wconf 79' lang='lat' dir='ltr'><strong>erexit</strong></span> <span class='ocrx_word' id='word_1_194' title='bbox 1264 2446 1349 2486; x_wconf 90' lang='lat' dir='ltr'><strong>me</strong></span> <span class='ocrx_word' id='word_1_195' title='bbox 1396 2445 1559 2501; x_wconf 83' lang='lat' dir='ltr'><strong>super</strong></span> <span class='ocrx_word' id='word_1_196' title='bbox 1604 2447 1778 2503; x_wconf 81' lang='lat' dir='ltr'><strong>genua</strong></span> <span class='ocrx_word' id='word_1_197' title='bbox 1829 2447 1970 2499; x_wconf 89' lang='lat' dir='ltr'><strong>mea,</strong></span> <span class='ocrx_word' id='word_1_198' title='bbox 2019 2443 2070 2487; x_wconf 90' lang='lat' dir='ltr'><strong>et</strong></span> 
     </span>
    </p>
   </div>
   <div class='ocr_carea' id='block_1_25' title="bbox 495 2517 2068 2589">
    <p class='ocr_par' dir='ltr' id='par_1_25' title="bbox 495 2517 2068 2589">
     <span class='ocr_line' id='line_1_25' title="bbox 495 2517 2068 2589; baseline 0.002 -17"><span class='ocrx_word' id='word_1_199' title='bbox 495 2532 660 2589; x_wconf 84' lang='lat' dir='ltr'><strong>super</strong></span> <span class='ocrx_word' id='word_1_200' title='bbox 707 2517 931 2588; x_wconf 89' lang='lat' dir='ltr'><strong>vestigia</strong></span> <span class='ocrx_word' id='word_1_201' title='bbox 976 2518 1170 2588; x_wconf 82' lang='lat' dir='ltr'><strong>pedum</strong></span> <span class='ocrx_word' id='word_1_202' title='bbox 1211 2533 1500 2588; x_wconf 86' lang='lat' dir='ltr'><strong>meorum;</strong></span> <span class='ocrx_word' id='word_1_203' title='bbox 1540 2527 1595 2574; x_wconf 92' lang='lat' dir='ltr'><strong>et</strong></span> <span class='ocrx_word' id='word_1_204' title='bbox 1644 2519 1780 2575; x_wconf 83' lang='lat' dir='ltr'><strong>dixit</strong></span> <span class='ocrx_word' id='word_1_205' title='bbox 1835 2522 1900 2574; x_wconf 87' lang='lat' dir='ltr'><strong>ad</strong></span> <span class='ocrx_word' id='word_1_206' title='bbox 1944 2536 2068 2575; x_wconf 91' lang='lat' dir='ltr'><strong>me:</strong></span> 
     </span>
    </p>
   </div>
   <div class='ocr_carea' id='block_1_26' title="bbox 497 2610 2073 2685">
    <p class='ocr_par' dir='ltr' id='par_1_26' title="bbox 497 2610 2073 2685">
     <span class='ocr_line' id='line_1_26' title="bbox 497 2610 2073 2685; baseline 0.002 -21"><span class='ocrx_word' id='word_1_207' title='bbox 497 2610 742 2666; x_wconf 80' lang='lat' dir='ltr'><strong>Viriliter</strong></span> <span class='ocrx_word' id='word_1_208' title='bbox 789 2626 909 2681; x_wconf 86' lang='lat' dir='ltr'><strong>age.</strong></span> <span class='ocrx_word' id='word_1_209' title='bbox 958 2623 1011 2666; x_wconf 88' lang='lat' dir='ltr'><strong>et</strong></span> <span class='ocrx_word' id='word_1_210' title='bbox 1057 2611 1414 2667; x_wconf 88' lang='lat' dir='ltr'><strong>confortare:</strong></span> <span class='ocrx_word' id='word_1_211' title='bbox 1457 2621 1513 2667; x_wconf 91' lang='lat' dir='ltr'><strong>et</strong></span> <span class='ocrx_word' id='word_1_212' title='bbox 1572 2615 1697 2667; x_wconf 90' lang='lat' dir='ltr'><strong>dum</strong></span> <span class='ocrx_word' id='word_1_213' title='bbox 1762 2613 2073 2685; x_wconf 84' lang='lat' dir='ltr'><strong>loqueretur</strong></span> 
     </span>
    </p>
   </div>
   <div class='ocr_carea' id='block_1_27' title="bbox 501 2700 2070 2777">
    <p class='ocr_par' dir='ltr' id='par_1_27' title="bbox 501 2700 2070 2777">
     <span class='ocr_line' id='line_1_27' title="bbox 501 2700 2070 2777; baseline 0.001 -21"><span class='ocrx_word' id='word_1_214' title='bbox 501 2715 710 2757; x_wconf 88' lang='lat' dir='ltr'><strong>mecum</strong></span> <span class='ocrx_word' id='word_1_215' title='bbox 739 2739 756 2767; x_wconf 95' lang='lat'><strong>,</strong></span> <span class='ocrx_word' id='word_1_216' title='bbox 796 2700 1128 2758; x_wconf 90' lang='lat' dir='ltr'><strong>confortatus</strong></span> <span class='ocrx_word' id='word_1_217' title='bbox 1158 2718 1275 2757; x_wconf 86' lang='lat' dir='ltr'><strong>sum</strong></span> <span class='ocrx_word' id='word_1_218' title='bbox 1299 2702 1368 2756; x_wconf 86' lang='lat'><strong>”.</strong></span> <span class='ocrx_word' id='word_1_219' title='bbox 1402 2721 1419 2755; x_wconf 83' lang='grc' dir='ltr'><strong>ι</strong></span> <span class='ocrx_word' id='word_1_220' title='bbox 1457 2701 1581 2759; x_wconf 75' lang='lat' dir='ltr'><strong>Haec</strong></span> <span class='ocrx_word' id='word_1_221' title='bbox 1610 2704 1720 2761; x_wconf 89' lang='lat' dir='ltr'><strong>ille.</strong></span> <span class='ocrx_word' id='word_1_222' title='bbox 1785 2705 1894 2761; x_wconf 84' lang='lat' dir='ltr'><strong>Nos</strong></span> <span class='ocrx_word' id='word_1_223' title='bbox 1923 2705 2070 2777; x_wconf 86' lang='lat' dir='ltr'><strong>psal-</strong></span> 
     </span>
    </p>
   </div>
   <div class='ocr_carea' id='block_1_28' title="bbox 500 2794 2068 2864">
    <p class='ocr_par' dir='ltr' id='par_1_28' title="bbox 500 2794 2068 2864">
     <span class='ocr_line' id='line_1_28' title="bbox 500 2794 2068 2864; baseline 0.002 -17"><span class='ocrx_word' id='word_1_224' title='bbox 500 2808 713 2849; x_wconf 86' lang='lat' dir='ltr'><strong>morum</strong></span> <span class='ocrx_word' id='word_1_225' title='bbox 757 2794 998 2849; x_wconf 77' lang='lat' dir='ltr'><strong>carmina</strong></span> <span class='ocrx_word' id='word_1_226' title='bbox 1040 2803 1366 2864; x_wconf 87' lang='lat' dir='ltr'><strong>repetamus.</strong></span> <span class='ocrx_word' id='word_1_227' title='bbox 1399 2813 1419 2847; x_wconf 70' lang='lat' dir='ltr'><strong>r</strong></span> <span class='ocrx_word' id='word_1_228' title='bbox 1450 2794 1642 2851; x_wconf 85' lang='lat' dir='ltr'><strong>Parata</strong></span> <span class='ocrx_word' id='word_1_229' title='bbox 1674 2805 1757 2852; x_wconf 90' lang='lat' dir='ltr'><strong>est</strong></span> <span class='ocrx_word' id='word_1_230' title='bbox 1792 2799 1948 2852; x_wconf 87' lang='lat' dir='ltr'><strong>sedes</strong></span> <span class='ocrx_word' id='word_1_231' title='bbox 1981 2807 2068 2852; x_wconf 85' lang='lat' dir='ltr'><strong>tua</strong></span> 
     </span>
    </p>
   </div>
   <div class='ocr_carea' id='block_1_29' title="bbox 498 2888 2074 2960">
    <p class='ocr_par' dir='ltr' id='par_1_29' title="bbox 498 2888 2074 2960">
     <span class='ocr_line' id='line_1_29' title="bbox 498 2888 2074 2960; baseline 0.002 -19"><span class='ocrx_word' id='word_1_232' title='bbox 498 2901 565 2941; x_wconf 90' lang='lat' dir='ltr'><strong>ex</strong></span> <span class='ocrx_word' id='word_1_233' title='bbox 597 2895 722 2942; x_wconf 86' lang='lat' dir='ltr'><strong>tunc</strong></span> <span class='ocrx_word' id='word_1_234' title='bbox 751 2888 819 2954; x_wconf 86' lang='lat'><strong>&quot;,</strong></span> <span class='ocrx_word' id='word_1_235' title='bbox 846 2905 865 2939; x_wconf 81' lang='grc' dir='ltr'><strong>ι</strong></span> <span class='ocrx_word' id='word_1_236' title='bbox 899 2888 1152 2957; x_wconf 79' lang='lat' dir='ltr'><strong>quando?</strong></span> <span class='ocrx_word' id='word_1_237' title='bbox 1186 2904 1250 2944; x_wconf 87' lang='lat' dir='ltr'><strong>ex</strong></span> <span class='ocrx_word' id='word_1_238' title='bbox 1284 2906 1389 2960; x_wconf 94' lang='lat' dir='ltr'><strong>quo</strong></span> <span class='ocrx_word' id='word_1_239' title='bbox 1413 2889 1694 2946; x_wconf 75' lang='lat' dir='ltr'><strong>molienda:</strong></span> <span class='ocrx_word' id='word_1_240' title='bbox 1727 2901 1886 2960; x_wconf 88' lang='lat' dir='ltr'><strong>atque</strong></span> <span class='ocrx_word' id='word_1_241' title='bbox 1911 2889 2074 2944; x_wconf 84' lang='lat' dir='ltr'><strong>fabri—</strong></span> 
     </span>
    </p>
   </div>
   <div class='ocr_carea' id='block_1_30' title="bbox 499 2978 2068 3037">
    <p class='ocr_par' dir='ltr' id='par_1_30' title="bbox 499 2978 2068 3037">
     <span class='ocr_line' id='line_1_30' title="bbox 499 2978 2068 3037; baseline 0.004 -10"><span class='ocrx_word' id='word_1_242' title='bbox 499 2978 686 3031; x_wconf 75' lang='lat' dir='ltr'><strong>caudae</strong></span> <span class='ocrx_word' id='word_1_243' title='bbox 742 2978 920 3032; x_wconf 89' lang='lat' dir='ltr'><strong>omnis</strong></span> <span class='ocrx_word' id='word_1_244' title='bbox 967 2987 1233 3034; x_wconf 73' lang='lat' dir='ltr'><strong>creaturae</strong></span> <span class='ocrx_word' id='word_1_245' title='bbox 1280 2978 1429 3034; x_wconf 88' lang='lat' dir='ltr'><strong>Patri</strong></span> <span class='ocrx_word' id='word_1_246' title='bbox 1478 2995 1705 3037; x_wconf 85' lang='lat' dir='ltr'><strong>consors</strong></span> <span class='ocrx_word' id='word_1_247' title='bbox 1767 2980 1944 3036; x_wconf 77' lang='lat' dir='ltr'><strong>lactus</strong></span> <span class='ocrx_word' id='word_1_248' title='bbox 1992 2994 2068 3035; x_wconf 84' lang='lat' dir='ltr'><strong>es.</strong></span> 
     </span>
    </p>
   </div>
   <div class='ocr_carea' id='block_1_31' title="bbox 501 3068 2074 3140">
    <p class='ocr_par' dir='ltr' id='par_1_31' title="bbox 501 3068 2074 3140">
     <span class='ocr_line' id='line_1_31' title="bbox 501 3068 2074 3140; baseline 0.003 -18"><span class='ocrx_word' id='word_1_249' title='bbox 501 3068 780 3140; x_wconf 83' lang='lat' dir='ltr'><strong>Siquidem</strong></span> <span class='ocrx_word' id='word_1_250' title='bbox 827 3073 1143 3126; x_wconf 65' lang='lat' dir='ltr'><strong>oeconomia:</strong></span> <span class='ocrx_word' id='word_1_251' title='bbox 1175 3081 1278 3126; x_wconf 68' lang='lat' dir='ltr'><strong>tuas</strong></span> <span class='ocrx_word' id='word_1_252' title='bbox 1309 3077 1538 3138; x_wconf 84' lang='lat' dir='ltr'><strong>arcana,</strong></span> <span class='ocrx_word' id='word_1_253' title='bbox 1575 3074 1641 3128; x_wconf 83' lang='lat' dir='ltr'><strong>ab</strong></span> <span class='ocrx_word' id='word_1_254' title='bbox 1665 3074 1809 3127; x_wconf 90' lang='lat' dir='ltr'><strong>omni</strong></span> <span class='ocrx_word' id='word_1_255' title='bbox 1855 3076 2074 3128; x_wconf 59' lang='lat' dir='ltr'><strong>aeterni-</strong></span> 
     </span>
    </p>
   </div>
   <div class='ocr_carea' id='block_1_32' title="bbox 502 3164 2070 3236">
    <p class='ocr_par' dir='ltr' id='par_1_32' title="bbox 502 3164 2070 3236">
     <span class='ocr_line' id='line_1_32' title="bbox 502 3164 2070 3236; baseline 0.004 -21"><span class='ocrx_word' id='word_1_256' title='bbox 502 3171 612 3218; x_wconf 87' lang='lat' dir='ltr'><strong>tate</strong></span> <span class='ocrx_word' id='word_1_257' title='bbox 635 3164 958 3233; x_wconf 74' lang='lat' dir='ltr'><strong>praestituta,</strong></span> <span class='ocrx_word' id='word_1_258' title='bbox 993 3165 1253 3220; x_wconf 84' lang='lat' dir='ltr'><strong>extremis</strong></span> <span class='ocrx_word' id='word_1_259' title='bbox 1278 3167 1608 3234; x_wconf 82' lang='lat' dir='ltr'><strong>temporibus</strong></span> <span class='ocrx_word' id='word_1_260' title='bbox 1637 3178 1759 3221; x_wconf 85' lang='lat' dir='ltr'><strong>sunt</strong></span> <span class='ocrx_word' id='word_1_261' title='bbox 1811 3167 2070 3236; x_wconf 75' lang='lat' dir='ltr'><strong>perfecta.</strong></span> 
     </span>
    </p>
   </div>
   <div class='ocr_carea' id='block_1_33' title="bbox 494 3255 2067 3325">
    <p class='ocr_par' dir='ltr' id='par_1_33' title="bbox 494 3255 2067 3325">
     <span class='ocr_line' id='line_1_33' title="bbox 494 3255 2067 3325; baseline 0.003 -17"><span class='ocrx_word' id='word_1_262' title='bbox 494 3255 683 3325; x_wconf 82' lang='lat' dir='ltr'><strong>Addit,</strong></span> <span class='ocrx_word' id='word_1_263' title='bbox 716 3266 773 3311; x_wconf 93' lang='lat' dir='ltr'><strong>ut</strong></span> <span class='ocrx_word' id='word_1_264' title='bbox 802 3257 1104 3313; x_wconf 84' lang='lat' dir='ltr'><strong>orationem</strong></span> <span class='ocrx_word' id='word_1_265' title='bbox 1134 3255 1376 3314; x_wconf 87' lang='lat' dir='ltr'><strong>illustret</strong></span> <span class='ocrx_word' id='word_1_266' title='bbox 1403 3275 1420 3314; x_wconf 90' lang='lat'><strong>:</strong></span> <span class='ocrx_word' id='word_1_267' title='bbox 1455 3276 1476 3310; x_wconf 84' lang='grc'><em>‹</em></span> <span class='ocrx_word' id='word_1_268' title='bbox 1514 3261 1555 3313; x_wconf 79' lang='grc' dir='ltr'><strong>Δ</strong></span> <span class='ocrx_word' id='word_1_269' title='bbox 1579 3259 1775 3313; x_wconf 56' lang='lat' dir='ltr'><strong>saeculo</strong></span> <span class='ocrx_word' id='word_1_270' title='bbox 1804 3270 1856 3313; x_wconf 93' lang='lat' dir='ltr'><strong>tu</strong></span> <span class='ocrx_word' id='word_1_271' title='bbox 1889 3275 1947 3314; x_wconf 90' lang='lat' dir='ltr'><strong>es</strong></span> <span class='ocrx_word' id='word_1_272' title='bbox 1970 3259 2067 3315; x_wconf 74' lang='grc'><strong>⁸⁷.»</strong></span> 
     </span>
    </p>
   </div>
   <div class='ocr_carea' id='block_1_34' title="bbox 496 3347 2075 3418">
    <p class='ocr_par' dir='ltr' id='par_1_34' title="bbox 496 3347 2075 3418">
     <span class='ocr_line' id='line_1_34' title="bbox 496 3347 2075 3418; baseline 0.004 -17"><span class='ocrx_word' id='word_1_273' title='bbox 496 3347 565 3401; x_wconf 83' lang='grc' dir='ltr'>Ει</span> <span class='ocrx_word' id='word_1_274' title='bbox 612 3348 773 3417; x_wconf 78' lang='lat' dir='ltr'><strong>paulo</strong></span> <span class='ocrx_word' id='word_1_275' title='bbox 820 3358 976 3418; x_wconf 87' lang='lat' dir='ltr'><strong>post:</strong></span> <span class='ocrx_word' id='word_1_276' title='bbox 1005 3367 1024 3401; x_wconf 80' lang='grc' dir='ltr'><strong>ι</strong></span> <span class='ocrx_word' id='word_1_277' title='bbox 1073 3349 1407 3406; x_wconf 88' lang='lat' dir='ltr'><strong>Testimonia</strong></span> <span class='ocrx_word' id='word_1_278' title='bbox 1462 3360 1552 3406; x_wconf 89' lang='lat' dir='ltr'><strong>tua</strong></span> <span class='ocrx_word' id='word_1_279' title='bbox 1600 3353 1881 3407; x_wconf 83' lang='lat' dir='ltr'><strong>credibilia</strong></span> <span class='ocrx_word' id='word_1_280' title='bbox 1933 3355 2075 3408; x_wconf 86' lang='lat' dir='ltr'><strong>facta</strong></span> 
     </span>
    </p>
   </div>
   <div class='ocr_carea' id='block_1_35' title="bbox 496 3441 2076 3508">
    <p class='ocr_par' dir='ltr' id='par_1_35' title="bbox 496 3441 2076 3508">
     <span class='ocr_line' id='line_1_35' title="bbox 496 3441 2076 3508; baseline 0.005 -14"><span class='ocrx_word' id='word_1_281' title='bbox 496 3450 623 3495; x_wconf 88' lang='lat' dir='ltr'><strong>sunt</strong></span> <span class='ocrx_word' id='word_1_282' title='bbox 674 3441 834 3497; x_wconf 90' lang='lat' dir='ltr'><strong>nimis</strong></span> <span class='ocrx_word' id='word_1_283' title='bbox 863 3443 932 3508; x_wconf 82' lang='grc'><strong>⁵⁸,</strong></span> <span class='ocrx_word' id='word_1_284' title='bbox 966 3461 984 3494; x_wconf 80' lang='grc' dir='ltr'><strong>ι</strong></span> <span class='ocrx_word' id='word_1_285' title='bbox 1027 3443 1078 3498; x_wconf 91' lang='lat' dir='ltr'><strong>id</strong></span> <span class='ocrx_word' id='word_1_286' title='bbox 1131 3453 1235 3508; x_wconf 83' lang='lat' dir='ltr'><strong>est.</strong></span> <span class='ocrx_word' id='word_1_287' title='bbox 1297 3444 1402 3499; x_wconf 83' lang='lat' dir='ltr'><strong>lixa</strong></span> <span class='ocrx_word' id='word_1_288' title='bbox 1464 3456 1518 3500; x_wconf 88' lang='lat' dir='ltr'><strong>et</strong></span> <span class='ocrx_word' id='word_1_289' title='bbox 1546 3446 1920 3502; x_wconf 89' lang='lat' dir='ltr'><strong>irrevocabilia</strong></span> <span class='ocrx_word' id='word_1_290' title='bbox 1988 3458 2076 3502; x_wconf 89' lang='lat' dir='ltr'><strong>tua</strong></span> 
     </span>
    </p>
   </div>
   <div class='ocr_carea' id='block_1_36' title="bbox 496 3534 2079 3604">
    <p class='ocr_par' dir='ltr' id='par_1_36' title="bbox 496 3534 2079 3604">
     <span class='ocr_line' id='line_1_36' title="bbox 496 3534 2079 3604; baseline 0.006 -20"><span class='ocrx_word' id='word_1_291' title='bbox 496 3540 789 3602; x_wconf 66' lang='lat' dir='ltr'><strong>praecepta,</strong></span> <span class='ocrx_word' id='word_1_292' title='bbox 825 3534 982 3601; x_wconf 86' lang='lat' dir='ltr'><strong>quale</strong></span> <span class='ocrx_word' id='word_1_293' title='bbox 1015 3541 1133 3600; x_wconf 89' lang='lat' dir='ltr'><strong>est,</strong></span> <span class='ocrx_word' id='word_1_294' title='bbox 1161 3535 1302 3604; x_wconf 91' lang='lat' dir='ltr'><strong>quod</strong></span> <span class='ocrx_word' id='word_1_295' title='bbox 1349 3534 1772 3593; x_wconf 87' lang='lat' dir='ltr'><strong>Deuteronomio</strong></span> <span class='ocrx_word' id='word_1_296' title='bbox 1826 3539 1955 3593; x_wconf 79' lang='lat' dir='ltr'><strong>Mosi</strong></span> <span class='ocrx_word' id='word_1_297' title='bbox 2003 3539 2079 3596; x_wconf 90' lang='lat' dir='ltr'><strong>ait</strong></span> 
     </span>
    </p>
   </div>
   <div class='ocr_carea' id='block_1_37' title="bbox 497 3621 2079 3700">
    <p class='ocr_par' dir='ltr' id='par_1_37' title="bbox 497 3621 2079 3700">
     <span class='ocr_line' id='line_1_37' title="bbox 497 3621 2079 3700; baseline 0.006 -26"><span class='ocrx_word' id='word_1_298' title='bbox 497 3621 642 3680; x_wconf 90' lang='lat' dir='ltr'><strong>Deus</strong></span> <span class='ocrx_word' id='word_1_299' title='bbox 674 3640 688 3679; x_wconf 92' lang='lat'><strong>:</strong></span> <span class='ocrx_word' id='word_1_300' title='bbox 727 3643 744 3676; x_wconf 75' lang='grc' dir='ltr'><strong>ι</strong></span> <span class='ocrx_word' id='word_1_301' title='bbox 783 3626 1055 3680; x_wconf 87' lang='lat' dir='ltr'><strong>Descende</strong></span> <span class='ocrx_word' id='word_1_302' title='bbox 1105 3637 1162 3682; x_wconf 90' lang='lat' dir='ltr'><strong>et</strong></span> <span class='ocrx_word' id='word_1_303' title='bbox 1205 3637 1516 3683; x_wconf 88' lang='lat' dir='ltr'><strong>contestare</strong></span> <span class='ocrx_word' id='word_1_304' title='bbox 1575 3630 1827 3700; x_wconf 88' lang='lat' dir='ltr'><strong>populum</strong></span> <span class='ocrx_word' id='word_1_305' title='bbox 1865 3631 1931 3696; x_wconf 79' lang='lat'><strong>&quot;,</strong></span> <span class='ocrx_word' id='word_1_306' title='bbox 1970 3649 1988 3682; x_wconf 76' lang='grc' dir='ltr'><strong>ι</strong></span> <span class='ocrx_word' id='word_1_307' title='bbox 2023 3641 2079 3684; x_wconf 87' lang='grc' dir='ltr'><strong>ιιι</strong></span> 
     </span>
    </p>
   </div>
   <div class='ocr_carea' id='block_1_38' title="bbox 498 3717 2072 3792">
    <p class='ocr_par' dir='ltr' id='par_1_38' title="bbox 498 3717 2072 3792">
     <span class='ocr_line' id='line_1_38' title="bbox 498 3717 2072 3792; baseline 0.009 -28"><span class='ocrx_word' id='word_1_308' title='bbox 498 3725 756 3772; x_wconf 77' lang='lat' dir='ltr'><strong>accurate</strong></span> <span class='ocrx_word' id='word_1_309' title='bbox 782 3717 1069 3773; x_wconf 88' lang='lat' dir='ltr'><strong>observent</strong></span> <span class='ocrx_word' id='word_1_310' title='bbox 1103 3721 1484 3792; x_wconf 87' lang='lat' dir='ltr'><strong>mysteriorum</strong></span> <span class='ocrx_word' id='word_1_311' title='bbox 1546 3738 1643 3777; x_wconf 89' lang='lat' dir='ltr'><strong>seu</strong></span> <span class='ocrx_word' id='word_1_312' title='bbox 1675 3734 2072 3792; x_wconf 80' lang='lat' dir='ltr'><strong>praeceptorum</strong></span> 
     </span>
    </p>
   </div>
   <div class='ocr_carea' id='block_1_39' title="bbox 499 3808 2075 3872">
    <p class='ocr_par' dir='ltr' id='par_1_39' title="bbox 499 3808 2075 3872">
     <span class='ocr_line' id='line_1_39' title="bbox 499 3808 2075 3872; baseline 0.007 -11"><span class='ocrx_word' id='word_1_313' title='bbox 499 3808 764 3864; x_wconf 87' lang='lat' dir='ltr'><strong>rationem</strong></span> <span class='ocrx_word' id='word_1_314' title='bbox 795 3829 809 3864; x_wconf 91' lang='lat'><strong>:</strong></span> <span class='ocrx_word' id='word_1_315' title='bbox 847 3830 864 3862; x_wconf 84' lang='grc' dir='ltr'><strong>ι</strong></span> <span class='ocrx_word' id='word_1_316' title='bbox 905 3812 1128 3867; x_wconf 91' lang='lat' dir='ltr'><strong>Domum</strong></span> <span class='ocrx_word' id='word_1_317' title='bbox 1167 3825 1311 3869; x_wconf 90' lang='lat' dir='ltr'><strong>tuam</strong></span> <span class='ocrx_word' id='word_1_318' title='bbox 1344 3816 1500 3872; x_wconf 88' lang='lat' dir='ltr'><strong>decet</strong></span> <span class='ocrx_word' id='word_1_319' title='bbox 1529 3818 1835 3872; x_wconf 80' lang='lat' dir='ltr'><strong>snuctitudo</strong></span> <span class='ocrx_word' id='word_1_320' title='bbox 1876 3820 1928 3872; x_wconf 89' lang='lat' dir='ltr'><strong>in</strong></span> <span class='ocrx_word' id='word_1_321' title='bbox 1959 3819 2075 3872; x_wconf 91' lang='lat' dir='ltr'><strong>lou-</strong></span> 
     </span>
    </p>
   </div>
   <div class='ocr_carea' id='block_1_40' title="bbox 495 3902 2075 3982">
    <p class='ocr_par' dir='ltr' id='par_1_40' title="bbox 495 3902 2075 3982">
     <span class='ocr_line' id='line_1_40' title="bbox 495 3902 2075 3982; baseline 0.006 -28"><span class='ocrx_word' id='word_1_322' title='bbox 495 3902 792 3973; x_wconf 88' lang='lat' dir='ltr'><strong>gitudinem</strong></span> <span class='ocrx_word' id='word_1_323' title='bbox 820 3905 1027 3958; x_wconf 90' lang='lat' dir='ltr'><strong>dierum</strong></span> <span class='ocrx_word' id='word_1_324' title='bbox 1063 3907 1131 3962; x_wconf 75' lang='lat'><strong>‘°.</strong></span> <span class='ocrx_word' id='word_1_325' title='bbox 1168 3925 1184 3958; x_wconf 81' lang='grc' dir='ltr'><strong>ι</strong></span> <span class='ocrx_word' id='word_1_326' title='bbox 1229 3907 1454 3963; x_wconf 89' lang='lat' dir='ltr'><strong>Domum</strong></span> <span class='ocrx_word' id='word_1_327' title='bbox 1490 3910 1580 3964; x_wconf 88' lang='lat' dir='ltr'><strong>Dei</strong></span> <span class='ocrx_word' id='word_1_328' title='bbox 1613 3910 1851 3982; x_wconf 87' lang='lat' dir='ltr'><strong>intellige</strong></span> <span class='ocrx_word' id='word_1_329' title='bbox 1877 3911 2075 3965; x_wconf 84' lang='lat' dir='ltr'><strong>divini-</strong></span> 
     </span>
    </p>
   </div>
   <div class='ocr_carea' id='block_1_41' title="bbox 497 3995 2076 4071">
    <p class='ocr_par' dir='ltr' id='par_1_41' title="bbox 497 3995 2076 4071">
     <span class='ocr_line' id='line_1_41' title="bbox 497 3995 2076 4071; baseline 0.007 -24"><span class='ocrx_word' id='word_1_330' title='bbox 497 4005 609 4051; x_wconf 84' lang='lat' dir='ltr'><strong>tate</strong></span> <span class='ocrx_word' id='word_1_331' title='bbox 655 3995 906 4051; x_wconf 77' lang='lat' dir='ltr'><strong>alfectum</strong></span> <span class='ocrx_word' id='word_1_332' title='bbox 948 3998 1226 4053; x_wconf 83' lang='lat' dir='ltr'><strong>Christum</strong></span> <span class='ocrx_word' id='word_1_333' title='bbox 1271 4013 1610 4071; x_wconf 86' lang='lat' dir='ltr'><strong>assumptum</strong></span> <span class='ocrx_word' id='word_1_334' title='bbox 1642 4020 1656 4057; x_wconf 90' lang='lat'><strong>:</strong></span> <span class='ocrx_word' id='word_1_335' title='bbox 1686 4006 1992 4059; x_wconf 88' lang='lat' dir='ltr'><strong>sanctitudo</strong></span> <span class='ocrx_word' id='word_1_336' title='bbox 2023 4014 2076 4061; x_wconf 89' lang='lat' dir='ltr'><strong>et</strong></span> 
     </span>
    </p>
   </div>
   <div class='ocr_carea' id='block_1_42' title="bbox 500 4088 2072 4168">
    <p class='ocr_par' dir='ltr' id='par_1_42' title="bbox 500 4088 2072 4168">
     <span class='ocr_line' id='line_1_42' title="bbox 500 4088 2072 4168; baseline 0.004 -24"><span class='ocrx_word' id='word_1_337' title='bbox 500 4088 782 4159; x_wconf 75' lang='lat' dir='ltr'><strong>longitudo</strong></span> <span class='ocrx_word' id='word_1_338' title='bbox 819 4090 1053 4158; x_wconf 85' lang='lat' dir='ltr'><strong>dierum,</strong></span> <span class='ocrx_word' id='word_1_339' title='bbox 1087 4104 1169 4146; x_wconf 90' lang='lat' dir='ltr'><strong>est</strong></span> <span class='ocrx_word' id='word_1_340' title='bbox 1216 4095 1471 4166; x_wconf 88' lang='lat' dir='ltr'><strong>perennis</strong></span> <span class='ocrx_word' id='word_1_341' title='bbox 1498 4105 1811 4168; x_wconf 77' lang='lat' dir='ltr'><strong>aeternaque</strong></span> <span class='ocrx_word' id='word_1_342' title='bbox 1840 4097 2072 4151; x_wconf 86' lang='lat' dir='ltr'><strong>duarum</strong></span> 
     </span>
    </p>
   </div>
   <div class='ocr_carea' id='block_1_43' title="bbox 495 4186 2072 4260">
    <p class='ocr_par' dir='ltr' id='par_1_43' title="bbox 495 4186 2072 4260">
     <span class='ocr_line' id='line_1_43' title="bbox 495 4186 2072 4260; baseline 0.004 -24"><span class='ocrx_word' id='word_1_343' title='bbox 495 4190 812 4238; x_wconf 87' lang='lat' dir='ltr'><strong>naturarum</strong></span> <span class='ocrx_word' id='word_1_344' title='bbox 855 4186 1005 4250; x_wconf 91' lang='lat' dir='ltr'><strong>unio,</strong></span> <span class='ocrx_word' id='word_1_345' title='bbox 1039 4202 1158 4259; x_wconf 67' lang='lat' dir='ltr'><strong>qna:</strong></span> <span class='ocrx_word' id='word_1_346' title='bbox 1199 4189 1480 4243; x_wconf 91' lang='lat' dir='ltr'><strong>discidium</strong></span> <span class='ocrx_word' id='word_1_347' title='bbox 1530 4190 1598 4245; x_wconf 82' lang='lat' dir='ltr'><strong>sit</strong></span> <span class='ocrx_word' id='word_1_348' title='bbox 1643 4204 1893 4260; x_wconf 88' lang='lat' dir='ltr'><strong>passura.</strong></span> <span class='ocrx_word' id='word_1_349' title='bbox 1926 4190 2072 4245; x_wconf 90' lang='lat' dir='ltr'><strong>idem</strong></span> 
     </span>
    </p>
   </div>
   <div class='ocr_carea' id='block_1_44' title="bbox 500 4278 2077 4349">
    <p class='ocr_par' dir='ltr' id='par_1_44' title="bbox 500 4278 2077 4349">
     <span class='ocr_line' id='line_1_44' title="bbox 500 4278 2077 4349; baseline 0.005 -20"><span class='ocrx_word' id='word_1_350' title='bbox 500 4291 756 4332; x_wconf 84' lang='lat' dir='ltr'><strong>rursum:</strong></span> <span class='ocrx_word' id='word_1_351' title='bbox 802 4297 819 4328; x_wconf 77' lang='grc' dir='ltr'><strong>ι</strong></span> <span class='ocrx_word' id='word_1_352' title='bbox 863 4278 1340 4334; x_wconf 85' lang='lat' dir='ltr'><strong>Annuntiaverunt</strong></span> <span class='ocrx_word' id='word_1_353' title='bbox 1375 4281 1498 4336; x_wconf 74' lang='lat' dir='ltr'><strong>cmli</strong></span> <span class='ocrx_word' id='word_1_354' title='bbox 1527 4281 1794 4349; x_wconf 85' lang='lat' dir='ltr'><strong>justitiam</strong></span> <span class='ocrx_word' id='word_1_355' title='bbox 1833 4281 1982 4349; x_wconf 88' lang='lat' dir='ltr'><strong>ejus,</strong></span> <span class='ocrx_word' id='word_1_356' title='bbox 2023 4293 2077 4337; x_wconf 90' lang='lat' dir='ltr'><strong>et</strong></span> 
     </span>
    </p>
   </div>
   <div class='ocr_carea' id='block_1_45' title="bbox 494 4369 2076 4442">
    <p class='ocr_par' dir='ltr' id='par_1_45' title="bbox 494 4369 2076 4442">
     <span class='ocr_line' id='line_1_45' title="bbox 494 4369 2076 4442; baseline 0.004 -19"><span class='ocrx_word' id='word_1_357' title='bbox 494 4369 744 4423; x_wconf 89' lang='lat' dir='ltr'><strong>viderunt</strong></span> <span class='ocrx_word' id='word_1_358' title='bbox 765 4383 953 4423; x_wconf 88' lang='lat' dir='ltr'><strong>omnes</strong></span> <span class='ocrx_word' id='word_1_359' title='bbox 977 4371 1155 4440; x_wconf 87' lang='lat' dir='ltr'><strong>populi</strong></span> <span class='ocrx_word' id='word_1_360' title='bbox 1190 4372 1413 4442; x_wconf 85' lang='lat' dir='ltr'><strong>gloriam</strong></span> <span class='ocrx_word' id='word_1_361' title='bbox 1440 4374 1634 4442; x_wconf 81' lang='lat' dir='ltr'><strong>ejus“.</strong></span> <span class='ocrx_word' id='word_1_362' title='bbox 1667 4392 1684 4425; x_wconf 80' lang='grc' dir='ltr'><strong>ι</strong></span> <span class='ocrx_word' id='word_1_363' title='bbox 1712 4374 1775 4428; x_wconf 84' lang='grc' dir='ltr'>Ει</span> <span class='ocrx_word' id='word_1_364' title='bbox 1799 4374 2076 4429; x_wconf 82' lang='lat' dir='ltr'><strong>adoranti-</strong></span> 
     </span>
    </p>
   </div>
   <div class='ocr_carea' id='block_1_46' title="bbox 495 4461 2071 4534">
    <p class='ocr_par' dir='ltr' id='par_1_46' title="bbox 495 4461 2071 4534">
     <span class='ocr_line' id='line_1_46' title="bbox 495 4461 2071 4534; baseline 0.005 -20"><span class='ocrx_word' id='word_1_365' title='bbox 495 4462 595 4515; x_wconf 86' lang='lat' dir='ltr'><strong>bus</strong></span> <span class='ocrx_word' id='word_1_366' title='bbox 628 4461 822 4516; x_wconf 86' lang='lat' dir='ltr'><strong>Filium</strong></span> <span class='ocrx_word' id='word_1_367' title='bbox 859 4463 1084 4531; x_wconf 80' lang='lat' dir='ltr'><strong>angelis,</strong></span> <span class='ocrx_word' id='word_1_368' title='bbox 1123 4465 1196 4518; x_wconf 88' lang='lat' dir='ltr'><strong>ait</strong></span> <span class='ocrx_word' id='word_1_369' title='bbox 1226 4483 1240 4519; x_wconf 93' lang='lat'><strong>:</strong></span> <span class='ocrx_word' id='word_1_370' title='bbox 1275 4483 1293 4516; x_wconf 81' lang='grc' dir='ltr'><strong>ι</strong></span> <span class='ocrx_word' id='word_1_371' title='bbox 1325 4467 1561 4521; x_wconf 73' lang='lat' dir='ltr'><strong>Atlorate</strong></span> <span class='ocrx_word' id='word_1_372' title='bbox 1592 4483 1737 4534; x_wconf 92' lang='lat' dir='ltr'><strong>eum,</strong></span> <span class='ocrx_word' id='word_1_373' title='bbox 1763 4483 1952 4523; x_wconf 87' lang='lat' dir='ltr'><strong>omnes</strong></span> <span class='ocrx_word' id='word_1_374' title='bbox 1979 4484 2071 4522; x_wconf 86' lang='lat' dir='ltr'><strong>an-</strong></span> 
     </span>
    </p>
   </div>
   <div class='ocr_carea' id='block_1_47' title="bbox 2181 589 3192 657">
    <p class='ocr_par' dir='ltr' id='par_1_47' title="bbox 2181 589 3192 657">
     <span class='ocr_line' id='line_1_47' title="bbox 2181 589 3192 657; baseline -0.007 -9"><span class='ocrx_word' id='word_1_375' title='bbox 2181 608 2261 657; x_wconf 81' lang='lat' dir='ltr'><strong>es,</strong></span> <span class='ocrx_word' id='word_1_376' title='bbox 2293 603 2343 648; x_wconf 90' lang='lat' dir='ltr'><strong>et</strong></span> <span class='ocrx_word' id='word_1_377' title='bbox 2376 594 2503 648; x_wconf 90' lang='lat' dir='ltr'><strong>anni</strong></span> <span class='ocrx_word' id='word_1_378' title='bbox 2542 593 2616 648; x_wconf 91' lang='lat' dir='ltr'><strong>tui</strong></span> <span class='ocrx_word' id='word_1_379' title='bbox 2650 607 2754 648; x_wconf 92' lang='lat' dir='ltr'><strong>non</strong></span> <span class='ocrx_word' id='word_1_380' title='bbox 2789 593 3042 647; x_wconf 87' lang='lat' dir='ltr'><strong>deficient</strong></span> <span class='ocrx_word' id='word_1_381' title='bbox 3071 589 3136 641; x_wconf 73' lang='lat'><strong>“.</strong></span> <span class='ocrx_word' id='word_1_382' title='bbox 3173 608 3192 641; x_wconf 80' lang='grc' dir='ltr'><strong>ι</strong></span> 
     </span>
    </p>
   </div>
   <div class='ocr_carea' id='block_1_48' title="bbox 2249 672 3698 756">
    <p class='ocr_par' dir='ltr' id='par_1_48' title="bbox 2249 672 3698 756">
     <span class='ocr_line' id='line_1_48' title="bbox 2249 672 3698 756; baseline -0.008 -16"><span class='ocrx_word' id='word_1_383' title='bbox 2249 686 2536 756; x_wconf 75' lang='lat' dir='ltr'><strong>Propheta:</strong></span> <span class='ocrx_word' id='word_1_384' title='bbox 2576 689 2742 740; x_wconf 74' lang='lat' dir='ltr'><strong>Amos</strong></span> <span class='ocrx_word' id='word_1_385' title='bbox 2776 685 2890 739; x_wconf 69' lang='lat' dir='ltr'><strong>haec</strong></span> <span class='ocrx_word' id='word_1_386' title='bbox 2925 689 3050 738; x_wconf 89' lang='lat' dir='ltr'><strong>sunt</strong></span> <span class='ocrx_word' id='word_1_387' title='bbox 3081 680 3244 735; x_wconf 83' lang='lat' dir='ltr'><strong>verba</strong></span> <span class='ocrx_word' id='word_1_388' title='bbox 3273 696 3287 734; x_wconf 92' lang='lat'><strong>:</strong></span> <span class='ocrx_word' id='word_1_389' title='bbox 3325 698 3344 730; x_wconf 75' lang='grc' dir='ltr'><strong>ι</strong></span> <span class='ocrx_word' id='word_1_390' title='bbox 3383 676 3477 742; x_wconf 85' lang='lat' dir='ltr'><strong>Qui</strong></span> <span class='ocrx_word' id='word_1_391' title='bbox 3517 672 3698 729; x_wconf 67' lang='lat' dir='ltr'><strong>aediﬁcat</strong></span> 
     </span>
    </p>
   </div>
   <div class='ocr_carea' id='block_1_49' title="bbox 2182 769 3700 840">
    <p class='ocr_par' dir='ltr' id='par_1_49' title="bbox 2182 769 3700 840">
     <span class='ocr_line' id='line_1_49' title="bbox 2182 769 3700 840; baseline -0.009 -11"><span class='ocrx_word' id='word_1_392' title='bbox 2182 774 2235 832; x_wconf 89' lang='lat' dir='ltr'><strong>in</strong></span> <span class='ocrx_word' id='word_1_393' title='bbox 2269 776 2406 833; x_wconf 64' lang='lat' dir='ltr'><strong>caelo</strong></span> <span class='ocrx_word' id='word_1_394' title='bbox 2454 775 2827 832; x_wconf 85' lang='lat' dir='ltr'><strong>ascensionem</strong></span> <span class='ocrx_word' id='word_1_395' title='bbox 2882 788 3058 840; x_wconf 81' lang='lat' dir='ltr'><strong>suam,</strong></span> <span class='ocrx_word' id='word_1_396' title='bbox 3106 781 3163 825; x_wconf 86' lang='lat' dir='ltr'><strong>et</strong></span> <span class='ocrx_word' id='word_1_397' title='bbox 3209 769 3546 826; x_wconf 85' lang='lat' dir='ltr'><strong>securitatem</strong></span> <span class='ocrx_word' id='word_1_398' title='bbox 3583 779 3700 820; x_wconf 81' lang='lat' dir='ltr'><strong>suam</strong></span> 
     </span>
    </p>
   </div>
   <div class='ocr_carea' id='block_1_50' title="bbox 2184 853 3701 938">
    <p class='ocr_par' dir='ltr' id='par_1_50' title="bbox 2184 853 3701 938">
     <span class='ocr_line' id='line_1_50' title="bbox 2184 853 3701 938; baseline -0.014 -14"><span class='ocrx_word' id='word_1_399' title='bbox 2184 884 2348 938; x_wconf 89' lang='lat' dir='ltr'><strong>super</strong></span> <span class='ocrx_word' id='word_1_400' title='bbox 2394 877 2595 924; x_wconf 79' lang='lat' dir='ltr'><strong>teriam</strong></span> <span class='ocrx_word' id='word_1_401' title='bbox 2650 865 2882 921; x_wconf 87' lang='lat' dir='ltr'><strong>fundat:</strong></span> <span class='ocrx_word' id='word_1_402' title='bbox 2934 862 3024 933; x_wconf 92' lang='lat' dir='ltr'><strong>qni</strong></span> <span class='ocrx_word' id='word_1_403' title='bbox 3057 869 3209 916; x_wconf 80' lang='lat' dir='ltr'><strong>vocat</strong></span> <span class='ocrx_word' id='word_1_404' title='bbox 3243 872 3436 928; x_wconf 89' lang='lat' dir='ltr'><strong>aquam</strong></span> <span class='ocrx_word' id='word_1_405' title='bbox 3485 853 3628 908; x_wconf 84' lang='lat' dir='ltr'><strong>maris</strong></span> <span class='ocrx_word' id='word_1_406' title='bbox 3665 860 3701 904; x_wconf 83' lang='lat' dir='ltr'><strong>et</strong></span> 
     </span>
    </p>
   </div>
   <div class='ocr_carea' id='block_1_51' title="bbox 2182 947 3702 1028">
    <p class='ocr_par' dir='ltr' id='par_1_51' title="bbox 2182 947 3702 1028">
     <span class='ocr_line' id='line_1_51' title="bbox 2182 947 3702 1028; baseline -0.014 -10"><span class='ocrx_word' id='word_1_407' title='bbox 2182 963 2405 1018; x_wconf 75' lang='lat' dir='ltr'><strong>effundit</strong></span> <span class='ocrx_word' id='word_1_408' title='bbox 2445 977 2564 1015; x_wconf 89' lang='lat' dir='ltr'><strong>eam</strong></span> <span class='ocrx_word' id='word_1_409' title='bbox 2618 973 2782 1028; x_wconf 88' lang='lat' dir='ltr'><strong>super</strong></span> <span class='ocrx_word' id='word_1_410' title='bbox 2831 955 3023 1012; x_wconf 77' lang='lat' dir='ltr'><strong>faciem</strong></span> <span class='ocrx_word' id='word_1_411' title='bbox 3057 964 3240 1019; x_wconf 66' lang='lat' dir='ltr'><strong>terrae,</strong></span> <span class='ocrx_word' id='word_1_412' title='bbox 3289 949 3541 1004; x_wconf 89' lang='lat' dir='ltr'><strong>Dominus</strong></span> <span class='ocrx_word' id='word_1_413' title='bbox 3567 947 3702 1000; x_wconf 82' lang='lat' dir='ltr'><strong>omni-</strong></span> 
     </span>
    </p>
   </div>
   <div class='ocr_carea' id='block_1_52' title="bbox 2183 1039 3702 1118">
    <p class='ocr_par' dir='ltr' id='par_1_52' title="bbox 2183 1039 3702 1118">
     <span class='ocr_line' id='line_1_52' title="bbox 2183 1039 3702 1118; baseline -0.016 -6"><span class='ocrx_word' id='word_1_414' title='bbox 2183 1065 2375 1118; x_wconf 81' lang='lat' dir='ltr'><strong>potens</strong></span> <span class='ocrx_word' id='word_1_415' title='bbox 2405 1070 2596 1110; x_wconf 84' lang='lat' dir='ltr'><strong>nomen</strong></span> <span class='ocrx_word' id='word_1_416' title='bbox 2635 1053 2684 1107; x_wconf 88' lang='lat' dir='ltr'><strong>ei</strong></span> <span class='ocrx_word' id='word_1_417' title='bbox 2718 1053 2782 1105; x_wconf 79' lang='grc'><strong>⁸⁵.</strong></span> <span class='ocrx_word' id='word_1_418' title='bbox 2819 1071 2837 1102; x_wconf 85' lang='grc' dir='ltr'><strong>ι</strong></span> <span class='ocrx_word' id='word_1_419' title='bbox 2865 1048 2960 1104; x_wconf 86' lang='lat' dir='ltr'><strong>Est</strong></span> <span class='ocrx_word' id='word_1_420' title='bbox 2992 1059 3168 1103; x_wconf 88' lang='lat' dir='ltr'><strong>autem</strong></span> <span class='ocrx_word' id='word_1_421' title='bbox 3197 1043 3338 1114; x_wconf 89' lang='lat' dir='ltr'><strong>quod</strong></span> <span class='ocrx_word' id='word_1_422' title='bbox 3371 1039 3702 1109; x_wconf 88' lang='lat' dir='ltr'><strong>dicitejusmo-</strong></span> 
     </span>
    </p>
   </div>
   <div class='ocr_carea' id='block_1_53' title="bbox 2181 1119 3704 1212">
    <p class='ocr_par' dir='ltr' id='par_1_53' title="bbox 2181 1119 3704 1212">
     <span class='ocr_line' id='line_1_53' title="bbox 2181 1119 3704 1212; baseline -0.014 -7"><span class='ocrx_word' id='word_1_423' title='bbox 2181 1119 2232 1205; x_wconf 80' lang='lat' dir='ltr'><strong>di</strong></span> <span class='ocrx_word' id='word_1_424' title='bbox 2262 1168 2275 1203; x_wconf 95' lang='lat'><strong>:</strong></span> <span class='ocrx_word' id='word_1_425' title='bbox 2306 1149 2448 1204; x_wconf 86' lang='lat' dir='ltr'><strong>Deus</strong></span> <span class='ocrx_word' id='word_1_426' title='bbox 2483 1146 2570 1202; x_wconf 91' lang='lat' dir='ltr'><strong>ille</strong></span> <span class='ocrx_word' id='word_1_427' title='bbox 2600 1145 2966 1212; x_wconf 74' lang='lat' dir='ltr'><strong>omnipotens,</strong></span> <span class='ocrx_word' id='word_1_428' title='bbox 2997 1136 3370 1195; x_wconf 83' lang='lat' dir='ltr'><strong>universitatis</strong></span> <span class='ocrx_word' id='word_1_429' title='bbox 3405 1133 3704 1190; x_wconf 83' lang='lat' dir='ltr'><strong>architectus,</strong></span> 
     </span>
    </p>
   </div>
   <div class='ocr_carea' id='block_1_54' title="bbox 2181 1225 3704 1311">
    <p class='ocr_par' dir='ltr' id='par_1_54' title="bbox 2181 1225 3704 1311">
     <span class='ocr_line' id='line_1_54' title="bbox 2181 1225 3704 1311; baseline -0.014 -17"><span class='ocrx_word' id='word_1_430' title='bbox 2181 1240 2271 1311; x_wconf 89' lang='lat' dir='ltr'><strong>qni</strong></span> <span class='ocrx_word' id='word_1_431' title='bbox 2314 1238 2566 1294; x_wconf 90' lang='lat' dir='ltr'><strong>reductas</strong></span> <span class='ocrx_word' id='word_1_432' title='bbox 2614 1235 2779 1290; x_wconf 86' lang='lat' dir='ltr'><strong>totius</strong></span> <span class='ocrx_word' id='word_1_433' title='bbox 2825 1243 2985 1288; x_wconf 78' lang='lat' dir='ltr'><strong>terra:</strong></span> <span class='ocrx_word' id='word_1_434' title='bbox 3045 1245 3214 1300; x_wconf 85' lang='lat' dir='ltr'><strong>aquas</strong></span> <span class='ocrx_word' id='word_1_435' title='bbox 3265 1227 3318 1282; x_wconf 86' lang='lat' dir='ltr'><strong>in</strong></span> <span class='ocrx_word' id='word_1_436' title='bbox 3381 1225 3704 1293; x_wconf 64' lang='lat' dir='ltr'><strong>conceptacula</strong></span> 
     </span>
    </p>
   </div>
   <div class='ocr_carea' id='block_1_55' title="bbox 2180 1318 3708 1406">
    <p class='ocr_par' dir='ltr' id='par_1_55' title="bbox 2180 1318 3708 1406">
     <span class='ocr_line' id='line_1_55' title="bbox 2180 1318 3708 1406; baseline -0.012 -19"><span class='ocrx_word' id='word_1_437' title='bbox 2180 1335 2426 1406; x_wconf 71' lang='lat' dir='ltr'><strong>quzedam</strong></span> <span class='ocrx_word' id='word_1_438' title='bbox 2460 1332 2656 1402; x_wconf 78' lang='lat' dir='ltr'><strong>coegit,</strong></span> <span class='ocrx_word' id='word_1_439' title='bbox 2697 1328 3017 1400; x_wconf 83' lang='lat' dir='ltr'><strong>degentibus</strong></span> <span class='ocrx_word' id='word_1_440' title='bbox 3067 1325 3120 1379; x_wconf 91' lang='lat' dir='ltr'><strong>in</strong></span> <span class='ocrx_word' id='word_1_441' title='bbox 3173 1335 3318 1378; x_wconf 90' lang='lat' dir='ltr'><strong>terra</strong></span> <span class='ocrx_word' id='word_1_442' title='bbox 3373 1319 3522 1391; x_wconf 87' lang='lat'><strong>(5|),</strong></span> <span class='ocrx_word' id='word_1_443' title='bbox 3551 1318 3708 1387; x_wconf 86' lang='lat' dir='ltr'><strong>ipsein</strong></span> 
     </span>
    </p>
   </div>
   <div class='ocr_carea' id='block_1_56' title="bbox 2179 1421 3706 1498">
    <p class='ocr_par' dir='ltr' id='par_1_56' title="bbox 2179 1421 3706 1498">
     <span class='ocr_line' id='line_1_56' title="bbox 2179 1421 3706 1498; baseline -0.014 -15"><span class='ocrx_word' id='word_1_444' title='bbox 2179 1443 2342 1483; x_wconf 87' lang='lat' dir='ltr'><strong>carne</strong></span> <span class='ocrx_word' id='word_1_445' title='bbox 2372 1427 2593 1498; x_wconf 86' lang='lat' dir='ltr'><strong>degens,</strong></span> <span class='ocrx_word' id='word_1_446' title='bbox 2620 1422 2971 1480; x_wconf 82' lang='lat' dir='ltr'><strong>securitatem</strong></span> <span class='ocrx_word' id='word_1_447' title='bbox 3017 1434 3196 1483; x_wconf 87' lang='lat' dir='ltr'><strong>suam,</strong></span> <span class='ocrx_word' id='word_1_448' title='bbox 3227 1430 3349 1486; x_wconf 63' lang='lat' dir='ltr'><strong>qua!</strong></span> <span class='ocrx_word' id='word_1_449' title='bbox 3385 1428 3505 1468; x_wconf 89' lang='lat' dir='ltr'><strong>vera</strong></span> <span class='ocrx_word' id='word_1_450' title='bbox 3533 1421 3605 1465; x_wconf 87' lang='lat' dir='ltr'><strong>est</strong></span> <span class='ocrx_word' id='word_1_451' title='bbox 3641 1424 3706 1462; x_wconf 59' lang='lat' dir='ltr'><strong>reo</strong></span> 
     </span>
    </p>
   </div>
   <div class='ocr_carea' id='block_1_57' title="bbox 2180 1503 3710 1590">
    <p class='ocr_par' dir='ltr' id='par_1_57' title="bbox 2180 1503 3710 1590">
     <span class='ocr_line' id='line_1_57' title="bbox 2180 1503 3710 1590; baseline -0.017 -13"><span class='ocrx_word' id='word_1_452' title='bbox 2180 1520 2330 1590; x_wconf 85' lang='lat' dir='ltr'><strong>ligio,</strong></span> <span class='ocrx_word' id='word_1_453' title='bbox 2367 1519 2586 1574; x_wconf 89' lang='lat' dir='ltr'><strong>molitus</strong></span> <span class='ocrx_word' id='word_1_454' title='bbox 2612 1518 2750 1574; x_wconf 85' lang='lat' dir='ltr'><strong>fuit:</strong></span> <span class='ocrx_word' id='word_1_455' title='bbox 2782 1513 2978 1570; x_wconf 89' lang='lat' dir='ltr'><strong>solium</strong></span> <span class='ocrx_word' id='word_1_456' title='bbox 3013 1526 3141 1566; x_wconf 87' lang='lat' dir='ltr'><strong>vero</strong></span> <span class='ocrx_word' id='word_1_457' title='bbox 3176 1525 3331 1564; x_wconf 92' lang='lat' dir='ltr'><strong>suum</strong></span> <span class='ocrx_word' id='word_1_458' title='bbox 3371 1507 3424 1560; x_wconf 91' lang='lat' dir='ltr'><strong>in</strong></span> <span class='ocrx_word' id='word_1_459' title='bbox 3459 1505 3583 1559; x_wconf 63' lang='lat' dir='ltr'><strong>ratio</strong></span> <span class='ocrx_word' id='word_1_460' title='bbox 3606 1503 3710 1562; x_wconf 79' lang='lat' dir='ltr'><strong>fixit,</strong></span> 
     </span>
    </p>
   </div>
   <div class='ocr_carea' id='block_1_58' title="bbox 2183 1595 3710 1678">
    <p class='ocr_par' dir='ltr' id='par_1_58' title="bbox 2183 1595 3710 1678">
     <span class='ocr_line' id='line_1_58' title="bbox 2183 1595 3710 1678; baseline -0.013 -14"><span class='ocrx_word' id='word_1_461' title='bbox 2183 1622 2376 1665; x_wconf 79' lang='lat' dir='ltr'><strong>notans</strong></span> <span class='ocrx_word' id='word_1_462' title='bbox 2428 1610 2852 1678; x_wconf 78' lang='lat' dir='ltr'><strong>assumptionem</strong></span> <span class='ocrx_word' id='word_1_463' title='bbox 2913 1606 3038 1676; x_wconf 89' lang='lat' dir='ltr'><strong>(qua</strong></span> <span class='ocrx_word' id='word_1_464' title='bbox 3091 1609 3404 1670; x_wconf 82' lang='lat' dir='ltr'><strong>assumptus</strong></span> <span class='ocrx_word' id='word_1_465' title='bbox 3461 1598 3511 1651; x_wconf 90' lang='lat' dir='ltr'><strong>in</strong></span> <span class='ocrx_word' id='word_1_466' title='bbox 3557 1595 3710 1651; x_wconf 64' lang='lat' dir='ltr'><strong>omium</strong></span> 
     </span>
    </p>
   </div>
   <div class='ocr_carea' id='block_1_59' title="bbox 2178 1696 3096 1767">
    <p class='ocr_par' dir='ltr' id='par_1_59' title="bbox 2178 1696 3096 1767">
     <span class='ocr_line' id='line_1_59' title="bbox 2178 1696 3096 1767; baseline -0.013 -8"><span class='ocrx_word' id='word_1_467' title='bbox 2178 1706 2326 1760; x_wconf 87' lang='lat' dir='ltr'><strong>sedet</strong></span> <span class='ocrx_word' id='word_1_468' title='bbox 2366 1707 2431 1758; x_wconf 90' lang='lat' dir='ltr'><strong>ad</strong></span> <span class='ocrx_word' id='word_1_469' title='bbox 2467 1703 2554 1758; x_wconf 75' lang='lat' dir='ltr'><strong>Dei</strong></span> <span class='ocrx_word' id='word_1_470' title='bbox 2596 1701 2770 1756; x_wconf 81' lang='lat' dir='ltr'><strong>Patris</strong></span> <span class='ocrx_word' id='word_1_471' title='bbox 2799 1696 3096 1767; x_wconf 79' lang='lat' dir='ltr'><strong>dextram).</strong></span> 
     </span>
    </p>
   </div>
   <div class='ocr_carea' id='block_1_60' title="bbox 2727 1876 3178 1934">
    <p class='ocr_par' dir='ltr' id='par_1_60' title="bbox 2727 1876 3178 1934">
     <span class='ocr_line' id='line_1_60' title="bbox 2727 1876 3178 1934; baseline -0.004 0"><span class='ocrx_word' id='word_1_472' title='bbox 2727 1877 2959 1934; x_wconf 79' lang='lat' dir='ltr'><strong>CAPUT</strong></span> <span class='ocrx_word' id='word_1_473' title='bbox 3001 1876 3178 1932; x_wconf 75' lang='lat' dir='ltr'><strong>LXIV.</strong></span> 
     </span>
    </p>
   </div>
   <div class='ocr_carea' id='block_1_61' title="bbox 2537 2018 3387 2075">
    <p class='ocr_par' dir='ltr' id='par_1_61' title="bbox 2537 2018 3387 2075">
     <span class='ocr_line' id='line_1_61' title="bbox 2537 2018 3387 2075; baseline 0.001 -3"><span class='ocrx_word' id='word_1_474' title='bbox 2537 2019 2609 2072; x_wconf 87' lang='lat' dir='ltr'><strong>De</strong></span> <span class='ocrx_word' id='word_1_475' title='bbox 2643 2018 2843 2073; x_wconf 78' lang='lat' dir='ltr'><strong>Christi</strong></span> <span class='ocrx_word' id='word_1_476' title='bbox 2871 2026 3097 2074; x_wconf 77' lang='lat' dir='ltr'><strong>secundo</strong></span> <span class='ocrx_word' id='word_1_477' title='bbox 3134 2019 3387 2075; x_wconf 79' lang='lat' dir='ltr'><strong>adventu.</strong></span> 
     </span>
    </p>
   </div>
   <div class='ocr_carea' id='block_1_62' title="bbox 2243 2152 3722 2217">
    <p class='ocr_par' dir='ltr' id='par_1_62' title="bbox 2243 2152 3722 2217">
     <span class='ocr_line' id='line_1_62' title="bbox 2243 2152 3722 2217; baseline -0.006 -7"><span class='ocrx_word' id='word_1_478' title='bbox 2243 2155 2612 2211; x_wconf 84' lang='lat' dir='ltr'><strong>Consentanea</strong></span> <span class='ocrx_word' id='word_1_479' title='bbox 2673 2165 2798 2210; x_wconf 89' lang='lat' dir='ltr'><strong>sunt</strong></span> <span class='ocrx_word' id='word_1_480' title='bbox 2875 2156 2964 2209; x_wconf 88' lang='lat' dir='ltr'><strong>illa</strong></span> <span class='ocrx_word' id='word_1_481' title='bbox 3029 2171 3044 2211; x_wconf 91' lang='lat'><strong>:</strong></span> <span class='ocrx_word' id='word_1_482' title='bbox 3093 2173 3110 2206; x_wconf 72' lang='grc' dir='ltr'><strong>ι</strong></span> <span class='ocrx_word' id='word_1_483' title='bbox 3164 2153 3226 2207; x_wconf 87' lang='lat' dir='ltr'><strong>Et</strong></span> <span class='ocrx_word' id='word_1_484' title='bbox 3283 2152 3529 2208; x_wconf 83' lang='lat' dir='ltr'><strong>ascendit</strong></span> <span class='ocrx_word' id='word_1_485' title='bbox 3593 2165 3722 2217; x_wconf 79' lang='lat' dir='ltr'><strong>super</strong></span> 
     </span>
    </p>
   </div>
   <div class='ocr_carea' id='block_1_63' title="bbox 2173 2243 3716 2317">
    <p class='ocr_par' dir='ltr' id='par_1_63' title="bbox 2173 2243 3716 2317">
     <span class='ocr_line' id='line_1_63' title="bbox 2173 2243 3716 2317; baseline -0.004 -16"><span class='ocrx_word' id='word_1_486' title='bbox 2173 2249 2483 2312; x_wconf 84' lang='lat' dir='ltr'><strong>Cheruhim,</strong></span> <span class='ocrx_word' id='word_1_487' title='bbox 2514 2259 2566 2304; x_wconf 88' lang='lat' dir='ltr'><strong>et</strong></span> <span class='ocrx_word' id='word_1_488' title='bbox 2603 2249 2800 2303; x_wconf 90' lang='lat' dir='ltr'><strong>volavit</strong></span> <span class='ocrx_word' id='word_1_489' title='bbox 2851 2263 3012 2316; x_wconf 75' lang='lat' dir='ltr'><strong>Super</strong></span> <span class='ocrx_word' id='word_1_490' title='bbox 3063 2261 3266 2317; x_wconf 82' lang='lat' dir='ltr'><strong>pennas</strong></span> <span class='ocrx_word' id='word_1_491' title='bbox 3326 2255 3600 2301; x_wconf 85' lang='lat' dir='ltr'><strong>ventorum</strong></span> <span class='ocrx_word' id='word_1_492' title='bbox 3623 2243 3716 2297; x_wconf 81' lang='lat' dir='ltr'><strong>“.t</strong></span> 
     </span>
    </p>
   </div>
   <div class='ocr_carea' id='block_1_64' title="bbox 2175 2339 3723 2412">
    <p class='ocr_par' dir='ltr' id='par_1_64' title="bbox 2175 2339 3723 2412">
     <span class='ocr_line' id='line_1_64' title="bbox 2175 2339 3723 2412; baseline -0.005 -16"><span class='ocrx_word' id='word_1_493' title='bbox 2175 2346 2348 2412; x_wconf 87' lang='lat' dir='ltr'><strong>Atque</strong></span> <span class='ocrx_word' id='word_1_494' title='bbox 2380 2343 2547 2398; x_wconf 89' lang='lat' dir='ltr'><strong>alibi:</strong></span> <span class='ocrx_word' id='word_1_495' title='bbox 2586 2361 2604 2394; x_wconf 77' lang='grc' dir='ltr'><strong>ι</strong></span> <span class='ocrx_word' id='word_1_496' title='bbox 2663 2341 2933 2405; x_wconf 87' lang='lat' dir='ltr'><strong>Exaltare,</strong></span> <span class='ocrx_word' id='word_1_497' title='bbox 2987 2341 3237 2406; x_wconf 89' lang='lat' dir='ltr'><strong>Domine,</strong></span> <span class='ocrx_word' id='word_1_498' title='bbox 3286 2339 3340 2393; x_wconf 88' lang='lat' dir='ltr'><strong>in</strong></span> <span class='ocrx_word' id='word_1_499' title='bbox 3395 2340 3588 2393; x_wconf 90' lang='lat' dir='ltr'><strong>virtute</strong></span> <span class='ocrx_word' id='word_1_500' title='bbox 3636 2347 3723 2398; x_wconf 80' lang='lat' dir='ltr'><strong>tua,</strong></span> 
     </span>
    </p>
   </div>
   <div class='ocr_carea' id='block_1_65' title="bbox 2175 2419 3725 2508">
    <p class='ocr_par' dir='ltr' id='par_1_65' title="bbox 2175 2419 3725 2508">
     <span class='ocr_line' id='line_1_65' title="bbox 2175 2419 3725 2508; baseline -0.005 -20"><span class='ocrx_word' id='word_1_501' title='bbox 2175 2437 2513 2492; x_wconf 81' lang='lat' dir='ltr'><strong>cantabimus</strong></span> <span class='ocrx_word' id='word_1_502' title='bbox 2562 2445 2614 2491; x_wconf 83' lang='lat' dir='ltr'><strong>et</strong></span> <span class='ocrx_word' id='word_1_503' title='bbox 2663 2419 2954 2508; x_wconf 86' lang='lat' dir='ltr'><strong>psallemus</strong></span> <span class='ocrx_word' id='word_1_504' title='bbox 3001 2437 3231 2491; x_wconf 85' lang='lat' dir='ltr'><strong>virtutes</strong></span> <span class='ocrx_word' id='word_1_505' title='bbox 3273 2445 3396 2490; x_wconf 88' lang='lat' dir='ltr'><strong>tuas</strong></span> <span class='ocrx_word' id='word_1_506' title='bbox 3421 2435 3488 2488; x_wconf 83' lang='lat'><strong>&quot;.</strong></span> <span class='ocrx_word' id='word_1_507' title='bbox 3541 2452 3557 2485; x_wconf 85' lang='grc' dir='ltr'><strong>ι</strong></span> <span class='ocrx_word' id='word_1_508' title='bbox 3593 2430 3725 2484; x_wconf 82' lang='lat' dir='ltr'><strong>Porro</strong></span> 
     </span>
    </p>
   </div>
   <div class='ocr_carea' id='block_1_66' title="bbox 2175 2525 3726 2596">
    <p class='ocr_par' dir='ltr' id='par_1_66' title="bbox 2175 2525 3726 2596">
     <span class='ocr_line' id='line_1_66' title="bbox 2175 2525 3726 2596; baseline -0.004 -16"><span class='ocrx_word' id='word_1_509' title='bbox 2175 2538 2354 2583; x_wconf 87' lang='lat' dir='ltr'><strong>autem</strong></span> <span class='ocrx_word' id='word_1_510' title='bbox 2417 2530 2481 2585; x_wconf 88' lang='lat' dir='ltr'><strong>de</strong></span> <span class='ocrx_word' id='word_1_511' title='bbox 2527 2530 2765 2586; x_wconf 79' lang='lat' dir='ltr'><strong>secundo</strong></span> <span class='ocrx_word' id='word_1_512' title='bbox 2813 2528 3014 2584; x_wconf 86' lang='lat' dir='ltr'><strong>Christi</strong></span> <span class='ocrx_word' id='word_1_513' title='bbox 3059 2528 3289 2581; x_wconf 87' lang='lat' dir='ltr'><strong>adventu</strong></span> <span class='ocrx_word' id='word_1_514' title='bbox 3340 2543 3442 2596; x_wconf 86' lang='lat' dir='ltr'><strong>per</strong></span> <span class='ocrx_word' id='word_1_515' title='bbox 3489 2525 3726 2580; x_wconf 70' lang='lat' dir='ltr'><strong>Michman:</strong></span> 
     </span>
    </p>
   </div>
   <div class='ocr_carea' id='block_1_67' title="bbox 2175 2624 3723 2697">
    <p class='ocr_par' dir='ltr' id='par_1_67' title="bbox 2175 2624 3723 2697">
     <span class='ocr_line' id='line_1_67' title="bbox 2175 2624 3723 2697; baseline -0.006 -17"><span class='ocrx_word' id='word_1_516' title='bbox 2175 2624 2309 2681; x_wconf 82' lang='lat' dir='ltr'><strong>Filio</strong></span> <span class='ocrx_word' id='word_1_517' title='bbox 2357 2627 2432 2680; x_wconf 86' lang='lat' dir='ltr'><strong>ait</strong></span> <span class='ocrx_word' id='word_1_518' title='bbox 2473 2626 2657 2682; x_wconf 87' lang='lat' dir='ltr'><strong>Deus:</strong></span> <span class='ocrx_word' id='word_1_519' title='bbox 2698 2648 2716 2678; x_wconf 74' lang='grc' dir='ltr'><strong>ι</strong></span> <span class='ocrx_word' id='word_1_520' title='bbox 2757 2626 2930 2697; x_wconf 81' lang='lat' dir='ltr'><strong>Surge</strong></span> <span class='ocrx_word' id='word_1_521' title='bbox 2979 2636 3034 2681; x_wconf 91' lang='lat' dir='ltr'><strong>et</strong></span> <span class='ocrx_word' id='word_1_522' title='bbox 3092 2626 3284 2679; x_wconf 87' lang='lat' dir='ltr'><strong>tritura</strong></span> <span class='ocrx_word' id='word_1_523' title='bbox 3338 2624 3512 2695; x_wconf 87' lang='lat' dir='ltr'><strong>:quia</strong></span> <span class='ocrx_word' id='word_1_524' title='bbox 3557 2635 3723 2675; x_wconf 68' lang='lat' dir='ltr'><strong>cornu:</strong></span> 
     </span>
    </p>
   </div>
   <div class='ocr_carea' id='block_1_68' title="bbox 2177 2717 3726 2789">
    <p class='ocr_par' dir='ltr' id='par_1_68' title="bbox 2177 2717 3726 2789">
     <span class='ocr_line' id='line_1_68' title="bbox 2177 2717 3726 2789; baseline -0.004 -19"><span class='ocrx_word' id='word_1_525' title='bbox 2177 2728 2260 2772; x_wconf 87' lang='lat' dir='ltr'><strong>tua</strong></span> <span class='ocrx_word' id='word_1_526' title='bbox 2295 2734 2488 2788; x_wconf 91' lang='lat' dir='ltr'><strong>ponam</strong></span> <span class='ocrx_word' id='word_1_527' title='bbox 2529 2717 2729 2785; x_wconf 61' lang='lat' dir='ltr'><strong>ferrea,</strong></span> <span class='ocrx_word' id='word_1_528' title='bbox 2762 2729 2812 2773; x_wconf 85' lang='lat' dir='ltr'><strong>el</strong></span> <span class='ocrx_word' id='word_1_529' title='bbox 2858 2718 3081 2789; x_wconf 87' lang='lat' dir='ltr'><strong>ungulas</strong></span> <span class='ocrx_word' id='word_1_530' title='bbox 3125 2727 3244 2771; x_wconf 89' lang='lat' dir='ltr'><strong>tuas</strong></span> <span class='ocrx_word' id='word_1_531' title='bbox 3295 2732 3496 2784; x_wconf 90' lang='lat' dir='ltr'><strong>ponam</strong></span> <span class='ocrx_word' id='word_1_532' title='bbox 3549 2729 3726 2768; x_wconf 59' lang='grc' dir='ltr'><strong>τηρεε·</strong></span> 
     </span>
    </p>
   </div>
   <div class='ocr_carea' id='block_1_69' title="bbox 2173 2806 3725 2879">
    <p class='ocr_par' dir='ltr' id='par_1_69' title="bbox 2173 2806 3725 2879">
     <span class='ocr_line' id='line_1_69' title="bbox 2173 2806 3725 2879; baseline -0.006 -17"><span class='ocrx_word' id='word_1_533' title='bbox 2173 2816 2227 2862; x_wconf 91' lang='lat' dir='ltr'><strong>et</strong></span> <span class='ocrx_word' id='word_1_534' title='bbox 2277 2809 2612 2863; x_wconf 88' lang='lat' dir='ltr'><strong>commimtes</strong></span> <span class='ocrx_word' id='word_1_535' title='bbox 2669 2809 2894 2879; x_wconf 86' lang='lat' dir='ltr'><strong>populos</strong></span> <span class='ocrx_word' id='word_1_536' title='bbox 2954 2806 3148 2861; x_wconf 90' lang='lat' dir='ltr'><strong>multos</strong></span> <span class='ocrx_word' id='word_1_537' title='bbox 3191 2807 3273 2872; x_wconf 68' lang='grc' dir='ltr'><strong>ἐς</strong></span> <span class='ocrx_word' id='word_1_538' title='bbox 3330 2826 3350 2858; x_wconf 75' lang='grc' dir='ltr'><strong>ι</strong></span> <span class='ocrx_word' id='word_1_539' title='bbox 3400 2818 3456 2862; x_wconf 91' lang='lat' dir='ltr'><strong>et</strong></span> <span class='ocrx_word' id='word_1_540' title='bbox 3512 2807 3725 2860; x_wconf 86' lang='lat' dir='ltr'><strong>iterum:</strong></span> 
     </span>
    </p>
   </div>
   <div class='ocr_carea' id='block_1_70' title="bbox 2181 2895 3727 2972">
    <p class='ocr_par' dir='ltr' id='par_1_70' title="bbox 2181 2895 3727 2972">
     <span class='ocr_line' id='line_1_70' title="bbox 2181 2895 3727 2972; baseline -0.006 -15"><span class='ocrx_word' id='word_1_541' title='bbox 2181 2922 2200 2956; x_wconf 73' lang='grc' dir='ltr'><strong>ι</strong></span> <span class='ocrx_word' id='word_1_542' title='bbox 2242 2904 2417 2970; x_wconf 86' lang='lat' dir='ltr'><strong>Surge</strong></span> <span class='ocrx_word' id='word_1_543' title='bbox 2442 2902 2685 2972; x_wconf 73' lang='lat' dir='ltr'><strong>judicare</strong></span> <span class='ocrx_word' id='word_1_544' title='bbox 2737 2904 2876 2972; x_wconf 84' lang='lat' dir='ltr'><strong>apud</strong></span> <span class='ocrx_word' id='word_1_545' title='bbox 2925 2911 3134 2955; x_wconf 90' lang='lat' dir='ltr'><strong>montes</strong></span> <span class='ocrx_word' id='word_1_546' title='bbox 3177 2910 3278 2957; x_wconf 88' lang='lat' dir='ltr'><strong>:et</strong></span> <span class='ocrx_word' id='word_1_547' title='bbox 3322 2900 3548 2955; x_wconf 86' lang='lat' dir='ltr'><strong>audiant</strong></span> <span class='ocrx_word' id='word_1_548' title='bbox 3592 2895 3727 2953; x_wconf 86' lang='lat' dir='ltr'><strong>colles</strong></span> 
     </span>
    </p>
   </div>
   <div class='ocr_carea' id='block_1_71' title="bbox 2176 2990 3731 3062">
    <p class='ocr_par' dir='ltr' id='par_1_71' title="bbox 2176 2990 3731 3062">
     <span class='ocr_line' id='line_1_71' title="bbox 2176 2990 3731 3062; baseline -0.003 -16"><span class='ocrx_word' id='word_1_549' title='bbox 2176 3009 2360 3049; x_wconf 90' lang='lat' dir='ltr'><strong>vocem</strong></span> <span class='ocrx_word' id='word_1_550' title='bbox 2398 3004 2563 3048; x_wconf 90' lang='lat' dir='ltr'><strong>tuam.</strong></span> <span class='ocrx_word' id='word_1_551' title='bbox 2593 2994 2806 3060; x_wconf 83' lang='lat' dir='ltr'><strong>Audite,</strong></span> <span class='ocrx_word' id='word_1_552' title='bbox 2843 3003 3081 3057; x_wconf 85' lang='lat' dir='ltr'><strong>montes,</strong></span> <span class='ocrx_word' id='word_1_553' title='bbox 3135 2992 3402 3062; x_wconf 79' lang='lat' dir='ltr'><strong>judicium</strong></span> <span class='ocrx_word' id='word_1_554' title='bbox 3452 2990 3666 3054; x_wconf 89' lang='lat' dir='ltr'><strong>Domini,</strong></span> <span class='ocrx_word' id='word_1_555' title='bbox 3692 2998 3731 3042; x_wconf 69' lang='lat' dir='ltr'><strong>et</strong></span> 
     </span>
    </p>
   </div>
   <div class='ocr_carea' id='block_1_72' title="bbox 2176 3081 3727 3154">
    <p class='ocr_par' dir='ltr' id='par_1_72' title="bbox 2176 3081 3727 3154">
     <span class='ocr_line' id='line_1_72' title="bbox 2176 3081 3727 3154; baseline -0.004 -14"><span class='ocrx_word' id='word_1_556' title='bbox 2176 3086 2360 3153; x_wconf 88' lang='lat' dir='ltr'><strong>valles,</strong></span> <span class='ocrx_word' id='word_1_557' title='bbox 2395 3096 2448 3141; x_wconf 82' lang='lat' dir='ltr'><strong>ct</strong></span> <span class='ocrx_word' id='word_1_558' title='bbox 2485 3086 2828 3141; x_wconf 82' lang='lat' dir='ltr'><strong>fundamenta</strong></span> <span class='ocrx_word' id='word_1_559' title='bbox 2861 3097 3021 3140; x_wconf 65' lang='lat' dir='ltr'><strong>terra:</strong></span> <span class='ocrx_word' id='word_1_560' title='bbox 3047 3103 3060 3151; x_wconf 92' lang='lat'>;</span> <span class='ocrx_word' id='word_1_561' title='bbox 3087 3086 3211 3154; x_wconf 90' lang='lat' dir='ltr'><strong>quia</strong></span> <span class='ocrx_word' id='word_1_562' title='bbox 3240 3084 3506 3154; x_wconf 87' lang='lat' dir='ltr'><strong>judicium</strong></span> <span class='ocrx_word' id='word_1_563' title='bbox 3538 3081 3727 3135; x_wconf 86' lang='lat' dir='ltr'><strong>Domino</strong></span> 
     </span>
    </p>
   </div>
   <div class='ocr_carea' id='block_1_73' title="bbox 2177 3173 3729 3248">
    <p class='ocr_par' dir='ltr' id='par_1_73' title="bbox 2177 3173 3729 3248">
     <span class='ocr_line' id='line_1_73' title="bbox 2177 3173 3729 3248; baseline -0.006 -15"><span class='ocrx_word' id='word_1_564' title='bbox 2177 3182 2436 3236; x_wconf 86' lang='lat' dir='ltr'><strong>adversus</strong></span> <span class='ocrx_word' id='word_1_565' title='bbox 2477 3179 2725 3248; x_wconf 90' lang='lat' dir='ltr'><strong>populum</strong></span> <span class='ocrx_word' id='word_1_566' title='bbox 2769 3195 2962 3240; x_wconf 83' lang='lat' dir='ltr'><strong>suum;</strong></span> <span class='ocrx_word' id='word_1_567' title='bbox 2998 3188 3052 3232; x_wconf 86' lang='lat' dir='ltr'><strong>et</strong></span> <span class='ocrx_word' id='word_1_568' title='bbox 3098 3191 3220 3231; x_wconf 89' lang='lat' dir='ltr'><strong>cum</strong></span> <span class='ocrx_word' id='word_1_569' title='bbox 3272 3177 3439 3231; x_wconf 89' lang='lat' dir='ltr'><strong>lsrael</strong></span> <span class='ocrx_word' id='word_1_570' title='bbox 3493 3173 3729 3246; x_wconf 70' lang='lat' dir='ltr'><strong>judicabi-</strong></span> 
     </span>
    </p>
   </div>
   <div class='ocr_carea' id='block_1_74' title="bbox 2186 3268 3734 3329">
    <p class='ocr_par' dir='ltr' id='par_1_74' title="bbox 2186 3268 3734 3329">
     <span class='ocr_line' id='line_1_74' title="bbox 2186 3268 3734 3329; baseline -0.005 -4"><span class='ocrx_word' id='word_1_571' title='bbox 2186 3283 2272 3326; x_wconf 92' lang='lat' dir='ltr'><strong>tur</strong></span> <span class='ocrx_word' id='word_1_572' title='bbox 2300 3274 2366 3329; x_wconf 68' lang='grc' dir='ltr'><strong>θ’.</strong></span> <span class='ocrx_word' id='word_1_573' title='bbox 2406 3291 2424 3324; x_wconf 77' lang='grc' dir='ltr'><strong>ι</strong></span> <span class='ocrx_word' id='word_1_574' title='bbox 2461 3272 2565 3327; x_wconf 90' lang='lat' dir='ltr'><strong>Per</strong></span> <span class='ocrx_word' id='word_1_575' title='bbox 2593 3271 2787 3327; x_wconf 85' lang='lat' dir='ltr'><strong>lsaiam</strong></span> <span class='ocrx_word' id='word_1_576' title='bbox 2817 3287 2948 3327; x_wconf 89' lang='lat' dir='ltr'><strong>vero</strong></span> <span class='ocrx_word' id='word_1_577' title='bbox 2981 3269 3123 3326; x_wconf 89' lang='lat' dir='ltr'><strong>Deus</strong></span> <span class='ocrx_word' id='word_1_578' title='bbox 3158 3271 3235 3326; x_wconf 90' lang='lat' dir='ltr'><strong>sic</strong></span> <span class='ocrx_word' id='word_1_579' title='bbox 3265 3287 3278 3324; x_wconf 91' lang='lat'><strong>:</strong></span> <span class='ocrx_word' id='word_1_580' title='bbox 3316 3288 3337 3322; x_wconf 86' lang='grc'><strong><em>‹</em></strong></span> <span class='ocrx_word' id='word_1_581' title='bbox 3380 3268 3596 3324; x_wconf 75' lang='lat' dir='ltr'><strong>Jusutia</strong></span> <span class='ocrx_word' id='word_1_582' title='bbox 3642 3280 3734 3319; x_wconf 85' lang='lat' dir='ltr'><strong>mea</strong></span> 
     </span>
    </p>
   </div>
   <div class='ocr_carea' id='block_1_75' title="bbox 2184 3364 3736 3436">
    <p class='ocr_par' dir='ltr' id='par_1_75' title="bbox 2184 3364 3736 3436">
     <span class='ocr_line' id='line_1_75' title="bbox 2184 3364 3736 3436; baseline -0.007 -16"><span class='ocrx_word' id='word_1_583' title='bbox 2184 3380 2286 3420; x_wconf 89' lang='lat' dir='ltr'><strong>non</strong></span> <span class='ocrx_word' id='word_1_584' title='bbox 2327 3365 2669 3436; x_wconf 85' lang='lat' dir='ltr'><strong>eiongabitnr</strong></span> <span class='ocrx_word' id='word_1_585' title='bbox 2702 3382 2716 3420; x_wconf 93' lang='lat'><strong>:</strong></span> <span class='ocrx_word' id='word_1_586' title='bbox 2751 3373 2802 3418; x_wconf 93' lang='lat' dir='ltr'><strong>et</strong></span> <span class='ocrx_word' id='word_1_587' title='bbox 2851 3364 3102 3429; x_wconf 85' lang='lat' dir='ltr'><strong>salutem,</strong></span> <span class='ocrx_word' id='word_1_588' title='bbox 3133 3378 3253 3432; x_wconf 65' lang='lat' dir='ltr'><strong>quae</strong></span> <span class='ocrx_word' id='word_1_589' title='bbox 3301 3377 3330 3415; x_wconf 88' lang='lat' dir='ltr'><strong>a</strong></span> <span class='ocrx_word' id='word_1_590' title='bbox 3380 3378 3470 3416; x_wconf 88' lang='lat' dir='ltr'><strong>me</strong></span> <span class='ocrx_word' id='word_1_591' title='bbox 3513 3373 3609 3423; x_wconf 89' lang='lat' dir='ltr'><strong>est,</strong></span> <span class='ocrx_word' id='word_1_592' title='bbox 3649 3370 3736 3411; x_wconf 84' lang='lat' dir='ltr'><strong>tar-</strong></span> 
     </span>
    </p>
   </div>
   <div class='ocr_carea' id='block_1_76' title="bbox 2181 3449 3737 3526">
    <p class='ocr_par' dir='ltr' id='par_1_76' title="bbox 2181 3449 3737 3526">
     <span class='ocr_line' id='line_1_76' title="bbox 2181 3449 3737 3526; baseline -0.005 -16"><span class='ocrx_word' id='word_1_593' title='bbox 2181 3457 2310 3512; x_wconf 88' lang='lat' dir='ltr'><strong>dare</strong></span> <span class='ocrx_word' id='word_1_594' title='bbox 2339 3472 2447 3512; x_wconf 92' lang='lat' dir='ltr'><strong>non</strong></span> <span class='ocrx_word' id='word_1_595' title='bbox 2481 3457 2672 3512; x_wconf 85' lang='lat' dir='ltr'><strong>faciam</strong></span> <span class='ocrx_word' id='word_1_596' title='bbox 2705 3457 2774 3512; x_wconf 70' lang='lat'><strong>7°.</strong></span> <span class='ocrx_word' id='word_1_597' title='bbox 2815 3475 2834 3509; x_wconf 81' lang='grc' dir='ltr'><strong>ι</strong></span> <span class='ocrx_word' id='word_1_598' title='bbox 2880 3456 3225 3526; x_wconf 89' lang='lat' dir='ltr'><strong>Sophonias:</strong></span> <span class='ocrx_word' id='word_1_599' title='bbox 3262 3474 3281 3508; x_wconf 75' lang='grc' dir='ltr'><strong>ι</strong></span> <span class='ocrx_word' id='word_1_600' title='bbox 3319 3453 3538 3509; x_wconf 86' lang='lat' dir='ltr'><strong>Timete</strong></span> <span class='ocrx_word' id='word_1_601' title='bbox 3574 3468 3601 3505; x_wconf 87' lang='lat' dir='ltr'><strong>a</strong></span> <span class='ocrx_word' id='word_1_602' title='bbox 3629 3449 3737 3503; x_wconf 71' lang='lat' dir='ltr'><strong>fat-ie</strong></span> 
     </span>
    </p>
   </div>
   <div class='ocr_carea' id='block_1_77' title="bbox 2184 3541 3731 3620">
    <p class='ocr_par' dir='ltr' id='par_1_77' title="bbox 2184 3541 3731 3620">
     <span class='ocr_line' id='line_1_77' title="bbox 2184 3541 3731 3620; baseline -0.006 -18"><span class='ocrx_word' id='word_1_603' title='bbox 2184 3549 2392 3603; x_wconf 86' lang='lat' dir='ltr'><strong>Domini</strong></span> <span class='ocrx_word' id='word_1_604' title='bbox 2446 3548 2576 3612; x_wconf 89' lang='lat' dir='ltr'><strong>Dei,</strong></span> <span class='ocrx_word' id='word_1_605' title='bbox 2607 3550 2730 3619; x_wconf 89' lang='lat' dir='ltr'><strong>quia</strong></span> <span class='ocrx_word' id='word_1_606' title='bbox 2772 3564 2939 3620; x_wconf 88' lang='lat' dir='ltr'><strong>prope</strong></span> <span class='ocrx_word' id='word_1_607' title='bbox 2979 3557 3061 3603; x_wconf 91' lang='lat' dir='ltr'><strong>est</strong></span> <span class='ocrx_word' id='word_1_608' title='bbox 3092 3548 3207 3602; x_wconf 88' lang='lat' dir='ltr'><strong>dies</strong></span> <span class='ocrx_word' id='word_1_609' title='bbox 3243 3546 3458 3601; x_wconf 88' lang='lat' dir='ltr'><strong>Domini</strong></span> <span class='ocrx_word' id='word_1_610' title='bbox 3491 3547 3558 3598; x_wconf 72' lang='grc' dir='ltr'><strong>τί.</strong></span> <span class='ocrx_word' id='word_1_611' title='bbox 3593 3562 3610 3595; x_wconf 80' lang='grc' dir='ltr'><strong>ι</strong></span> <span class='ocrx_word' id='word_1_612' title='bbox 3645 3541 3731 3594; x_wconf 80' lang='lat' dir='ltr'><strong>Za-</strong></span> 
     </span>
    </p>
   </div>
   <div class='ocr_carea' id='block_1_78' title="bbox 2180 3631 3741 3710">
    <p class='ocr_par' dir='ltr' id='par_1_78' title="bbox 2180 3631 3741 3710">
     <span class='ocr_line' id='line_1_78' title="bbox 2180 3631 3741 3710; baseline -0.007 -14"><span class='ocrx_word' id='word_1_613' title='bbox 2180 3643 2394 3697; x_wconf 83' lang='lat' dir='ltr'><strong>charias</strong></span> <span class='ocrx_word' id='word_1_614' title='bbox 2427 3658 2442 3697; x_wconf 90' lang='lat'><strong>:</strong></span> <span class='ocrx_word' id='word_1_615' title='bbox 2477 3661 2496 3696; x_wconf 77' lang='grc' dir='ltr'><strong>ι</strong></span> <span class='ocrx_word' id='word_1_616' title='bbox 2538 3641 2665 3696; x_wconf 68' lang='lat' dir='ltr'><strong>Haec</strong></span> <span class='ocrx_word' id='word_1_617' title='bbox 2714 3642 2844 3696; x_wconf 91' lang='lat' dir='ltr'><strong>dicit</strong></span> <span class='ocrx_word' id='word_1_618' title='bbox 2895 3631 3157 3696; x_wconf 79' lang='lat' dir='ltr'><strong>Deminus</strong></span> <span class='ocrx_word' id='word_1_619' title='bbox 3195 3641 3543 3710; x_wconf 89' lang='lat' dir='ltr'><strong>omnipotens</strong></span> <span class='ocrx_word' id='word_1_620' title='bbox 3589 3633 3741 3693; x_wconf 56' lang='lat' dir='ltr'><strong>:Ecc-z</strong></span> 
     </span>
    </p>
   </div>
   <div class='ocr_carea' id='block_1_79' title="bbox 2185 3731 3741 3805">
    <p class='ocr_par' dir='ltr' id='par_1_79' title="bbox 2185 3731 3741 3805">
     <span class='ocr_line' id='line_1_79' title="bbox 2185 3731 3741 3805; baseline -0.019 5"><span class='ocrx_word' id='word_1_621' title='bbox 2185 3732 2294 3798; x_wconf 63' lang='lat' dir='ltr'><strong>Vi&quot;</strong></span> <span class='ocrx_word' id='word_1_622' title='bbox 2329 3735 2521 3791; x_wconf 72' lang='grc' dir='ltr'><strong>Οτίειιε</strong></span> <span class='ocrx_word' id='word_1_623' title='bbox 2570 3750 2762 3789; x_wconf 72' lang='lat' dir='ltr'><strong>nomen</strong></span> <span class='ocrx_word' id='word_1_624' title='bbox 2818 3735 2936 3805; x_wconf 77' lang='lat' dir='ltr'><strong>eius</strong></span> <span class='ocrx_word' id='word_1_625' title='bbox 2983 3750 3002 3794; x_wconf 67' lang='grc' dir='ltr'>ξ</span> <span class='ocrx_word' id='word_1_626' title='bbox 3042 3744 3097 3790; x_wconf 86' lang='lat' dir='ltr'><strong>et</strong></span> <span class='ocrx_word' id='word_1_627' title='bbox 3136 3733 3204 3788; x_wconf 88' lang='lat' dir='ltr'><strong>ab</strong></span> <span class='ocrx_word' id='word_1_628' title='bbox 3249 3732 3601 3789; x_wconf 77' lang='lat' dir='ltr'><strong>inferioribus</strong></span> <span class='ocrx_word' id='word_1_629' title='bbox 3649 3731 3741 3796; x_wconf 45' lang='lat' dir='ltr'><strong>ipsa.</strong></span> 
     </span>
    </p>
   </div>
   <div class='ocr_carea' id='block_1_80' title="bbox 2178 3824 3739 3896">
    <p class='ocr_par' dir='ltr' id='par_1_80' title="bbox 2178 3824 3739 3896">
     <span class='ocr_line' id='line_1_80' title="bbox 2178 3824 3739 3896; baseline -0.005 -15"><span class='ocrx_word' id='word_1_630' title='bbox 2178 3832 2408 3893; x_wconf 87' lang='lat' dir='ltr'><strong>orietur,</strong></span> <span class='ocrx_word' id='word_1_631' title='bbox 2432 3839 2486 3882; x_wconf 90' lang='lat' dir='ltr'><strong>et</strong></span> <span class='ocrx_word' id='word_1_632' title='bbox 2516 3828 2723 3884; x_wconf 78' lang='lat' dir='ltr'><strong>sedebit</strong></span> <span class='ocrx_word' id='word_1_633' title='bbox 2753 3843 2912 3896; x_wconf 86' lang='lat' dir='ltr'><strong>super</strong></span> <span class='ocrx_word' id='word_1_634' title='bbox 2935 3829 3130 3884; x_wconf 85' lang='lat' dir='ltr'><strong>throno</strong></span> <span class='ocrx_word' id='word_1_635' title='bbox 3161 3843 3260 3883; x_wconf 83' lang='lat' dir='ltr'><strong>suo</strong></span> <span class='ocrx_word' id='word_1_636' title='bbox 3278 3827 3347 3880; x_wconf 73' lang='grc'><strong>⁷⁸.</strong></span> <span class='ocrx_word' id='word_1_637' title='bbox 3382 3845 3400 3879; x_wconf 80' lang='grc' dir='ltr'><strong>ι</strong></span> <span class='ocrx_word' id='word_1_638' title='bbox 3440 3824 3606 3881; x_wconf 85' lang='lat' dir='ltr'><strong>Isaias</strong></span> <span class='ocrx_word' id='word_1_639' title='bbox 3632 3837 3739 3877; x_wconf 80' lang='lat' dir='ltr'><strong>vero</strong></span> 
     </span>
    </p>
   </div>
   <div class='ocr_carea' id='block_1_81' title="bbox 2179 3916 3736 3990">
    <p class='ocr_par' dir='ltr' id='par_1_81' title="bbox 2179 3916 3736 3990">
     <span class='ocr_line' id='line_1_81' title="bbox 2179 3916 3736 3990; baseline 0.001 -19"><span class='ocrx_word' id='word_1_640' title='bbox 2179 3919 2370 3972; x_wconf 89' lang='lat' dir='ltr'><strong>iterum</strong></span> <span class='ocrx_word' id='word_1_641' title='bbox 2404 3937 2415 3972; x_wconf 93' lang='lat'><strong>:</strong></span> <span class='ocrx_word' id='word_1_642' title='bbox 2460 3939 2477 3970; x_wconf 79' lang='grc' dir='ltr'><strong>ι</strong></span> <span class='ocrx_word' id='word_1_643' title='bbox 2512 3916 2734 3974; x_wconf 85' lang='lat' dir='ltr'><strong>lndutus</strong></span> <span class='ocrx_word' id='word_1_644' title='bbox 2779 3927 2862 3975; x_wconf 85' lang='lat' dir='ltr'><strong>est</strong></span> <span class='ocrx_word' id='word_1_645' title='bbox 2899 3919 3165 3989; x_wconf 87' lang='lat' dir='ltr'><strong>justitiam</strong></span> <span class='ocrx_word' id='word_1_646' title='bbox 3203 3919 3359 3990; x_wconf 88' lang='lat' dir='ltr'><strong>quasi</strong></span> <span class='ocrx_word' id='word_1_647' title='bbox 3425 3918 3660 3978; x_wconf 81' lang='lat' dir='ltr'><strong>loricam,</strong></span> <span class='ocrx_word' id='word_1_648' title='bbox 3695 3923 3736 3966; x_wconf 72' lang='lat' dir='ltr'><strong>el</strong></span> 
     </span>
    </p>
   </div>
   <div class='ocr_carea' id='block_1_82' title="bbox 2178 4006 3743 4085">
    <p class='ocr_par' dir='ltr' id='par_1_82' title="bbox 2178 4006 3743 4085">
     <span class='ocr_line' id='line_1_82' title="bbox 2178 4006 3743 4085; baseline -0.005 -18"><span class='ocrx_word' id='word_1_649' title='bbox 2178 4014 2356 4083; x_wconf 88' lang='lat' dir='ltr'><strong>posuit</strong></span> <span class='ocrx_word' id='word_1_650' title='bbox 2391 4014 2600 4085; x_wconf 85' lang='lat' dir='ltr'><strong>galeam</strong></span> <span class='ocrx_word' id='word_1_651' title='bbox 2627 4016 2681 4068; x_wconf 91' lang='lat' dir='ltr'><strong>iu</strong></span> <span class='ocrx_word' id='word_1_652' title='bbox 2714 4012 2891 4083; x_wconf 87' lang='lat' dir='ltr'><strong>capite</strong></span> <span class='ocrx_word' id='word_1_653' title='bbox 2921 4027 2939 4068; x_wconf 88' lang='lat'><strong>:</strong></span> <span class='ocrx_word' id='word_1_654' title='bbox 2969 4021 3025 4067; x_wconf 85' lang='lat' dir='ltr'><strong>et</strong></span> <span class='ocrx_word' id='word_1_655' title='bbox 3074 4010 3441 4067; x_wconf 86' lang='lat' dir='ltr'><strong>circumdatus</strong></span> <span class='ocrx_word' id='word_1_656' title='bbox 3484 4021 3569 4065; x_wconf 89' lang='lat' dir='ltr'><strong>est</strong></span> <span class='ocrx_word' id='word_1_657' title='bbox 3606 4006 3743 4062; x_wconf 84' lang='lat' dir='ltr'><strong>vesti-</strong></span> 
     </span>
    </p>
   </div>
   <div class='ocr_carea' id='block_1_83' title="bbox 2177 4103 3742 4175">
    <p class='ocr_par' dir='ltr' id='par_1_83' title="bbox 2177 4103 3742 4175">
     <span class='ocr_line' id='line_1_83' title="bbox 2177 4103 3742 4175; baseline -0.006 -16"><span class='ocrx_word' id='word_1_658' title='bbox 2177 4113 2362 4159; x_wconf 89' lang='lat' dir='ltr'><strong>mento</strong></span> <span class='ocrx_word' id='word_1_659' title='bbox 2412 4107 2697 4171; x_wconf 64' lang='lat' dir='ltr'><strong>vindictae,</strong></span> <span class='ocrx_word' id='word_1_660' title='bbox 2723 4116 2777 4159; x_wconf 90' lang='lat' dir='ltr'><strong>et</strong></span> <span class='ocrx_word' id='word_1_661' title='bbox 2812 4104 2975 4175; x_wconf 91' lang='lat' dir='ltr'><strong>pallio</strong></span> <span class='ocrx_word' id='word_1_662' title='bbox 3004 4105 3144 4171; x_wconf 78' lang='lat' dir='ltr'><strong>zeli,</strong></span> <span class='ocrx_word' id='word_1_663' title='bbox 3200 4103 3358 4174; x_wconf 88' lang='lat' dir='ltr'><strong>quasi</strong></span> <span class='ocrx_word' id='word_1_664' title='bbox 3396 4103 3742 4158; x_wconf 83' lang='lat' dir='ltr'><strong>retributurus</strong></span> 
     </span>
    </p>
   </div>
   <div class='ocr_carea' id='block_1_84' title="bbox 2179 4191 3739 4266">
    <p class='ocr_par' dir='ltr' id='par_1_84' title="bbox 2179 4191 3739 4266">
     <span class='ocr_line' id='line_1_84' title="bbox 2179 4191 3739 4266; baseline -0.004 -16"><span class='ocrx_word' id='word_1_665' title='bbox 2179 4197 2589 4251; x_wconf 90' lang='lat' dir='ltr'><strong>retributionem</strong></span> <span class='ocrx_word' id='word_1_666' title='bbox 2633 4196 2982 4266; x_wconf 88' lang='lat' dir='ltr'><strong>opprobrium</strong></span> <span class='ocrx_word' id='word_1_667' title='bbox 3023 4197 3351 4252; x_wconf 85' lang='lat' dir='ltr'><strong>adversariis</strong></span> <span class='ocrx_word' id='word_1_668' title='bbox 3395 4196 3532 4260; x_wconf 88' lang='lat' dir='ltr'><strong>suis,</strong></span> <span class='ocrx_word' id='word_1_669' title='bbox 3561 4204 3612 4248; x_wconf 87' lang='lat' dir='ltr'><strong>et</strong></span> <span class='ocrx_word' id='word_1_670' title='bbox 3641 4191 3739 4245; x_wconf 82' lang='lat' dir='ltr'><strong>rin-</strong></span> 
     </span>
    </p>
   </div>
   <div class='ocr_carea' id='block_1_85' title="bbox 2178 4281 3738 4342">
    <p class='ocr_par' dir='ltr' id='par_1_85' title="bbox 2178 4281 3738 4342">
     <span class='ocr_line' id='line_1_85' title="bbox 2178 4281 3738 4342; baseline -0.004 -2"><span class='ocrx_word' id='word_1_671' title='bbox 2178 4285 2372 4340; x_wconf 89' lang='lat' dir='ltr'><strong>dictam</strong></span> <span class='ocrx_word' id='word_1_672' title='bbox 2439 4285 2685 4341; x_wconf 87' lang='lat' dir='ltr'><strong>hostibus</strong></span> <span class='ocrx_word' id='word_1_673' title='bbox 2725 4286 2840 4341; x_wconf 89' lang='lat' dir='ltr'><strong>suis</strong></span> <span class='ocrx_word' id='word_1_674' title='bbox 2883 4305 2898 4341; x_wconf 90' lang='lat'><strong>:</strong></span> <span class='ocrx_word' id='word_1_675' title='bbox 2950 4287 3142 4342; x_wconf 87' lang='lat' dir='ltr'><strong>insulis</strong></span> <span class='ocrx_word' id='word_1_676' title='bbox 3197 4286 3370 4340; x_wconf 88' lang='lat' dir='ltr'><strong>vicem</strong></span> <span class='ocrx_word' id='word_1_677' title='bbox 3435 4286 3636 4341; x_wconf 88' lang='lat' dir='ltr'><strong>reddet.</strong></span> <span class='ocrx_word' id='word_1_678' title='bbox 3685 4281 3738 4334; x_wconf 79' lang='lat' dir='ltr'><strong>Et</strong></span> 
     </span>
    </p>
   </div>
   <div class='ocr_carea' id='block_1_86' title="bbox 2180 4371 3738 4447">
    <p class='ocr_par' dir='ltr' id='par_1_86' title="bbox 2180 4371 3738 4447">
     <span class='ocr_line' id='line_1_86' title="bbox 2180 4371 3738 4447; baseline -0.001 -16"><span class='ocrx_word' id='word_1_679' title='bbox 2180 4379 2557 4447; x_wconf 88' lang='lat' dir='ltr'><strong>timebuntqui</strong></span> <span class='ocrx_word' id='word_1_680' title='bbox 2607 4381 2674 4432; x_wconf 87' lang='lat' dir='ltr'><strong>ab</strong></span> <span class='ocrx_word' id='word_1_681' title='bbox 2729 4377 3022 4434; x_wconf 89' lang='lat' dir='ltr'><strong>Occidente</strong></span> <span class='ocrx_word' id='word_1_682' title='bbox 3070 4392 3264 4432; x_wconf 90' lang='lat' dir='ltr'><strong>nomen</strong></span> <span class='ocrx_word' id='word_1_683' title='bbox 3315 4378 3556 4443; x_wconf 91' lang='lat' dir='ltr'><strong>Domini,</strong></span> <span class='ocrx_word' id='word_1_684' title='bbox 3590 4386 3639 4431; x_wconf 88' lang='lat' dir='ltr'><strong>et</strong></span> <span class='ocrx_word' id='word_1_685' title='bbox 3663 4371 3738 4444; x_wconf 81' lang='lat' dir='ltr'><strong>qui</strong></span> 
     </span>
    </p>
   </div>
   <div class='ocr_carea' id='block_1_87' title="bbox 2179 4468 3742 4542">
    <p class='ocr_par' dir='ltr' id='par_1_87' title="bbox 2179 4468 3742 4542">
     <span class='ocr_line' id='line_1_87' title="bbox 2179 4468 3742 4542; baseline -0.003 -19"><span class='ocrx_word' id='word_1_686' title='bbox 2179 4471 2246 4525; x_wconf 90' lang='lat' dir='ltr'><strong>ab</strong></span> <span class='ocrx_word' id='word_1_687' title='bbox 2296 4482 2416 4534; x_wconf 82' lang='lat' dir='ltr'><strong>ortu</strong></span> <span class='ocrx_word' id='word_1_688' title='bbox 2465 4471 2595 4527; x_wconf 90' lang='lat' dir='ltr'><strong>solis</strong></span> <span class='ocrx_word' id='word_1_689' title='bbox 2649 4487 2844 4526; x_wconf 89' lang='lat' dir='ltr'><strong>nomen</strong></span> <span class='ocrx_word' id='word_1_690' title='bbox 2887 4472 3005 4540; x_wconf 79' lang='lat' dir='ltr'><strong>ejus</strong></span> <span class='ocrx_word' id='word_1_691' title='bbox 3055 4471 3338 4542; x_wconf 87' lang='lat' dir='ltr'><strong>inclytum.</strong></span> <span class='ocrx_word' id='word_1_692' title='bbox 3377 4469 3574 4526; x_wconf 81' lang='lat' dir='ltr'><strong>Veniet</strong></span> <span class='ocrx_word' id='word_1_693' title='bbox 3627 4468 3742 4522; x_wconf 88' lang='lat' dir='ltr'><strong>enim</strong></span> 
     </span>
    </p>
   </div>
   <div class='ocr_carea' id='block_1_88' title="bbox 493 4559 3738 4640">
    <p class='ocr_par' dir='ltr' id='par_1_88' title="bbox 493 4559 3738 4640">
     <span class='ocr_line' id='line_1_88' title="bbox 493 4559 3738 4640; baseline 0 -25"><span class='ocrx_word' id='word_1_694' title='bbox 493 4559 596 4631; x_wconf 84' lang='lat' dir='ltr'><strong>geli</strong></span> <span class='ocrx_word' id='word_1_695' title='bbox 632 4559 749 4630; x_wconf 89' lang='lat' dir='ltr'><strong>ejus</strong></span> <span class='ocrx_word' id='word_1_696' title='bbox 773 4561 840 4616; x_wconf 87' lang='grc'><strong>⁶¹.</strong></span> <span class='ocrx_word' id='word_1_697' title='bbox 876 4579 896 4614; x_wconf 80' lang='grc' dir='ltr'><strong>ι</strong></span> <span class='ocrx_word' id='word_1_698' title='bbox 941 4563 1012 4616; x_wconf 85' lang='lat' dir='ltr'><strong>At</strong></span> <span class='ocrx_word' id='word_1_699' title='bbox 1045 4559 1204 4628; x_wconf 82' lang='lat' dir='ltr'><strong>Filio,</strong></span> <span class='ocrx_word' id='word_1_700' title='bbox 1243 4565 1330 4631; x_wconf 89' lang='lat' dir='ltr'><strong>qui</strong></span> <span class='ocrx_word' id='word_1_701' title='bbox 1364 4565 1652 4620; x_wconf 86' lang='lat' dir='ltr'><strong>adoretur:</strong></span> <span class='ocrx_word' id='word_1_702' title='bbox 1697 4583 1714 4617; x_wconf 80' lang='grc' dir='ltr'><strong>ι</strong></span> <span class='ocrx_word' id='word_1_703' title='bbox 1746 4564 1916 4622; x_wconf 88' lang='lat' dir='ltr'><strong>Sedes</strong></span> <span class='ocrx_word' id='word_1_704' title='bbox 1957 4574 2068 4632; x_wconf 88' lang='lat' dir='ltr'><strong>tua,</strong></span> <span class='ocrx_word' id='word_1_705' title='bbox 2102 4582 2146 4640; x_wconf 77' lang='grc' dir='ltr'>ι)</span> <span class='ocrx_word' id='word_1_706' title='bbox 2178 4563 2331 4630; x_wconf 89' lang='lat' dir='ltr'><strong>quasi</strong></span> <span class='ocrx_word' id='word_1_707' title='bbox 2378 4562 2570 4618; x_wconf 80' lang='lat' dir='ltr'><strong>fluvius</strong></span> <span class='ocrx_word' id='word_1_708' title='bbox 2599 4563 2865 4617; x_wconf 73' lang='lat' dir='ltr'><strong>Violentus</strong></span> <span class='ocrx_word' id='word_1_709' title='bbox 2897 4563 2973 4616; x_wconf 85' lang='lat' dir='ltr'><strong>ira</strong></span> <span class='ocrx_word' id='word_1_710' title='bbox 3005 4563 3123 4632; x_wconf 90' lang='lat' dir='ltr'><strong>ejus</strong></span> <span class='ocrx_word' id='word_1_711' title='bbox 3158 4564 3378 4618; x_wconf 83' lang='lat' dir='ltr'><strong>:veniet</strong></span> <span class='ocrx_word' id='word_1_712' title='bbox 3407 4579 3534 4618; x_wconf 90' lang='lat' dir='ltr'><strong>cum</strong></span> <span class='ocrx_word' id='word_1_713' title='bbox 3564 4563 3738 4614; x_wconf 69' lang='lat' dir='ltr'><strong>furore.</strong></span> 
     </span>
    </p>
   </div>
   <div class='ocr_carea' id='block_1_89' title="bbox 494 4656 2064 4730">
    <p class='ocr_par' dir='ltr' id='par_1_89' title="bbox 494 4656 2064 4730">
     <span class='ocr_line' id='line_1_89' title="bbox 494 4656 2064 4730; baseline 0.003 -21"><span class='ocrx_word' id='word_1_714' title='bbox 494 4656 658 4723; x_wconf 89' lang='lat' dir='ltr'><strong>Deus,</strong></span> <span class='ocrx_word' id='word_1_715' title='bbox 700 4657 752 4710; x_wconf 91' lang='lat' dir='ltr'><strong>in</strong></span> <span class='ocrx_word' id='word_1_716' title='bbox 802 4657 1061 4711; x_wconf 62' lang='lat' dir='ltr'><strong>saeculum</strong></span> <span class='ocrx_word' id='word_1_717' title='bbox 1110 4657 1315 4718; x_wconf 63' lang='lat' dir='ltr'><strong>surculi.</strong></span> <span class='ocrx_word' id='word_1_718' title='bbox 1349 4659 1496 4729; x_wconf 86' lang='lat' dir='ltr'><strong>virga</strong></span> <span class='ocrx_word' id='word_1_719' title='bbox 1545 4660 1885 4727; x_wconf 89' lang='lat' dir='ltr'><strong>directionis,</strong></span> <span class='ocrx_word' id='word_1_720' title='bbox 1917 4661 2064 4730; x_wconf 84' lang='lat' dir='ltr'><strong>virga</strong></span> 
     </span>
    </p>
   </div>
   <div class='ocr_carea' id='block_1_90' title="bbox 495 4749 2066 4822">
    <p class='ocr_par' dir='ltr' id='par_1_90' title="bbox 495 4749 2066 4822">
     <span class='ocr_line' id='line_1_90' title="bbox 495 4749 2066 4822; baseline 0.003 -19"><span class='ocrx_word' id='word_1_721' title='bbox 495 4749 648 4822; x_wconf 79' lang='lat' dir='ltr'><strong>regni</strong></span> <span class='ocrx_word' id='word_1_722' title='bbox 680 4749 777 4806; x_wconf 90' lang='lat' dir='ltr'><strong>tui.</strong></span> <span class='ocrx_word' id='word_1_723' title='bbox 814 4750 1062 4805; x_wconf 88' lang='lat' dir='ltr'><strong>Dilexisti</strong></span> <span class='ocrx_word' id='word_1_724' title='bbox 1089 4750 1380 4819; x_wconf 88' lang='lat' dir='ltr'><strong>justitiam,</strong></span> <span class='ocrx_word' id='word_1_725' title='bbox 1414 4763 1467 4806; x_wconf 86' lang='lat' dir='ltr'><strong>et</strong></span> <span class='ocrx_word' id='word_1_726' title='bbox 1496 4751 1658 4807; x_wconf 83' lang='lat' dir='ltr'><strong>odisti</strong></span> <span class='ocrx_word' id='word_1_727' title='bbox 1691 4753 2066 4822; x_wconf 90' lang='lat' dir='ltr'><strong>iniquitatem:</strong></span> 
     </span>
    </p>
   </div>
   <div class='ocr_carea' id='block_1_91' title="bbox 494 4844 2071 4913">
    <p class='ocr_par' dir='ltr' id='par_1_91' title="bbox 494 4844 2071 4913">
     <span class='ocr_line' id='line_1_91' title="bbox 494 4844 2071 4913; baseline 0.004 -18"><span class='ocrx_word' id='word_1_728' title='bbox 494 4853 779 4913; x_wconf 88' lang='lat' dir='ltr'><strong>propterea</strong></span> <span class='ocrx_word' id='word_1_729' title='bbox 828 4844 985 4898; x_wconf 90' lang='lat' dir='ltr'><strong>unxit</strong></span> <span class='ocrx_word' id='word_1_730' title='bbox 1034 4854 1086 4899; x_wconf 90' lang='lat' dir='ltr'><strong>te</strong></span> <span class='ocrx_word' id='word_1_731' title='bbox 1137 4845 1296 4910; x_wconf 88' lang='lat' dir='ltr'><strong>Deus,</strong></span> <span class='ocrx_word' id='word_1_732' title='bbox 1351 4844 1492 4899; x_wconf 87' lang='lat' dir='ltr'><strong>Deus</strong></span> <span class='ocrx_word' id='word_1_733' title='bbox 1539 4854 1682 4910; x_wconf 85' lang='lat' dir='ltr'><strong>tuus,</strong></span> <span class='ocrx_word' id='word_1_734' title='bbox 1713 4845 1832 4903; x_wconf 85' lang='lat' dir='ltr'><strong>oleo</strong></span> <span class='ocrx_word' id='word_1_735' title='bbox 1877 4847 2071 4902; x_wconf 83' lang='lat' dir='ltr'><strong>laetitiae</strong></span> 
     </span>
    </p>
   </div>
   <div class='ocr_carea' id='block_1_92' title="bbox 494 4936 2072 5006">
    <p class='ocr_par' dir='ltr' id='par_1_92' title="bbox 494 4936 2072 5006">
     <span class='ocr_line' id='line_1_92' title="bbox 494 4936 2072 5006; baseline 0.003 -19"><span class='ocrx_word' id='word_1_736' title='bbox 494 4950 606 5003; x_wconf 74' lang='lat' dir='ltr'><strong>pra:</strong></span> <span class='ocrx_word' id='word_1_737' title='bbox 653 4937 997 4990; x_wconf 77' lang='lat' dir='ltr'><strong>consortibus</strong></span> <span class='ocrx_word' id='word_1_738' title='bbox 1044 4936 1149 4989; x_wconf 88' lang='lat' dir='ltr'><strong>tuis</strong></span> <span class='ocrx_word' id='word_1_739' title='bbox 1176 4936 1256 5000; x_wconf 80' lang='lat'><strong>&quot;,</strong></span> <span class='ocrx_word' id='word_1_740' title='bbox 1289 4954 1305 4987; x_wconf 85' lang='grc' dir='ltr'><strong>ι</strong></span> <span class='ocrx_word' id='word_1_741' title='bbox 1357 4947 1410 4990; x_wconf 89' lang='lat' dir='ltr'><strong>et</strong></span> <span class='ocrx_word' id='word_1_742' title='bbox 1447 4946 1524 4999; x_wconf 87' lang='lat' dir='ltr'><strong>tu,</strong></span> <span class='ocrx_word' id='word_1_743' title='bbox 1575 4937 1664 5006; x_wconf 90' lang='lat' dir='ltr'><strong>qui</strong></span> <span class='ocrx_word' id='word_1_744' title='bbox 1722 4952 1864 4992; x_wconf 90' lang='lat' dir='ltr'><strong>nunc</strong></span> <span class='ocrx_word' id='word_1_745' title='bbox 1910 4952 2072 4992; x_wconf 88' lang='lat' dir='ltr'><strong>carne</strong></span> 
     </span>
    </p>
   </div>
   <div class='ocr_carea' id='block_1_93' title="bbox 496 5025 2069 5099">
    <p class='ocr_par' dir='ltr' id='par_1_93' title="bbox 496 5025 2069 5099">
     <span class='ocr_line' id='line_1_93' title="bbox 496 5025 2069 5099; baseline 0.001 -22"><span class='ocrx_word' id='word_1_746' title='bbox 496 5027 718 5082; x_wconf 86' lang='lat' dir='ltr'><strong>vestitus</strong></span> <span class='ocrx_word' id='word_1_747' title='bbox 751 5028 816 5082; x_wconf 91' lang='lat' dir='ltr'><strong>ad</strong></span> <span class='ocrx_word' id='word_1_748' title='bbox 848 5027 1042 5086; x_wconf 87' lang='lat' dir='ltr'><strong>coelum</strong></span> <span class='ocrx_word' id='word_1_749' title='bbox 1077 5027 1399 5099; x_wconf 67' lang='lat' dir='ltr'><strong>regrediaris,</strong></span> <span class='ocrx_word' id='word_1_750' title='bbox 1445 5047 1460 5078; x_wconf 84' lang='grc' dir='ltr'><strong>ι</strong></span> <span class='ocrx_word' id='word_1_751' title='bbox 1502 5027 1657 5082; x_wconf 86' lang='lat' dir='ltr'><strong>Initio</strong></span> <span class='ocrx_word' id='word_1_752' title='bbox 1690 5040 1766 5095; x_wconf 88' lang='lat' dir='ltr'><strong>tu,</strong></span> <span class='ocrx_word' id='word_1_753' title='bbox 1822 5025 2069 5094; x_wconf 68' lang='lat' dir='ltr'><strong>Domine,</strong></span> 
     </span>
    </p>
   </div>
   <div class='ocr_carea' id='block_1_94' title="bbox 495 5120 2072 5191">
    <p class='ocr_par' dir='ltr' id='par_1_94' title="bbox 495 5120 2072 5191">
     <span class='ocr_line' id='line_1_94' title="bbox 495 5120 2072 5191; baseline 0.002 -20"><span class='ocrx_word' id='word_1_754' title='bbox 495 5130 695 5174; x_wconf 87' lang='lat' dir='ltr'><strong>terram</strong></span> <span class='ocrx_word' id='word_1_755' title='bbox 752 5120 1010 5185; x_wconf 73' lang='lat' dir='ltr'><strong>fundaSti,</strong></span> <span class='ocrx_word' id='word_1_756' title='bbox 1044 5129 1098 5175; x_wconf 87' lang='lat' dir='ltr'><strong>et</strong></span> <span class='ocrx_word' id='word_1_757' title='bbox 1155 5136 1316 5191; x_wconf 88' lang='lat' dir='ltr'><strong>opera</strong></span> <span class='ocrx_word' id='word_1_758' title='bbox 1374 5136 1629 5174; x_wconf 90' lang='lat' dir='ltr'><strong>manuum</strong></span> <span class='ocrx_word' id='word_1_759' title='bbox 1687 5132 1895 5175; x_wconf 89' lang='lat' dir='ltr'><strong>tuarum</strong></span> <span class='ocrx_word' id='word_1_760' title='bbox 1946 5131 2072 5176; x_wconf 89' lang='lat' dir='ltr'><strong>sunt</strong></span> 
     </span>
    </p>
   </div>
   <div class='ocr_carea' id='block_1_95' title="bbox 494 5209 2070 5281">
    <p class='ocr_par' dir='ltr' id='par_1_95' title="bbox 494 5209 2070 5281">
     <span class='ocr_line' id='line_1_95' title="bbox 494 5209 2070 5281; baseline -0.001 -18"><span class='ocrx_word' id='word_1_761' title='bbox 494 5209 617 5266; x_wconf 67' lang='lat' dir='ltr'><strong>coeli</strong></span> <span class='ocrx_word' id='word_1_762' title='bbox 650 5227 666 5263; x_wconf 89' lang='lat'><strong>:</strong></span> <span class='ocrx_word' id='word_1_763' title='bbox 707 5209 805 5280; x_wconf 88' lang='lat' dir='ltr'><strong>ipsi</strong></span> <span class='ocrx_word' id='word_1_764' title='bbox 847 5214 1097 5281; x_wconf 87' lang='lat' dir='ltr'><strong>peribunt</strong></span> <span class='ocrx_word' id='word_1_765' title='bbox 1132 5220 1183 5265; x_wconf 84' lang='lat' dir='ltr'><strong>tu</strong></span> <span class='ocrx_word' id='word_1_766' title='bbox 1219 5221 1398 5264; x_wconf 86' lang='lat' dir='ltr'><strong>autem</strong></span> <span class='ocrx_word' id='word_1_767' title='bbox 1448 5223 1753 5278; x_wconf 86' lang='lat' dir='ltr'><strong>permanes,</strong></span> <span class='ocrx_word' id='word_1_768' title='bbox 1799 5220 1852 5262; x_wconf 89' lang='lat' dir='ltr'><strong>et</strong></span> <span class='ocrx_word' id='word_1_769' title='bbox 1881 5225 2070 5263; x_wconf 79' lang='lat' dir='ltr'><strong>omnes</strong></span> 
     </span>
    </p>
   </div>
   <div class='ocr_carea' id='block_1_96' title="bbox 495 5301 2064 5370">
    <p class='ocr_par' dir='ltr' id='par_1_96' title="bbox 495 5301 2064 5370">
     <span class='ocr_line' id='line_1_96' title="bbox 495 5301 2064 5370; baseline -0.003 -12"><span class='ocrx_word' id='word_1_770' title='bbox 495 5304 636 5359; x_wconf 88' lang='lat' dir='ltr'><strong>sicut</strong></span> <span class='ocrx_word' id='word_1_771' title='bbox 664 5305 1045 5358; x_wconf 87' lang='lat' dir='ltr'><strong>vestimentum</strong></span> <span class='ocrx_word' id='word_1_772' title='bbox 1075 5314 1434 5368; x_wconf 74' lang='lat' dir='ltr'><strong>vcterasct-nt,</strong></span> <span class='ocrx_word' id='word_1_773' title='bbox 1472 5312 1524 5356; x_wconf 87' lang='lat' dir='ltr'><strong>et</strong></span> <span class='ocrx_word' id='word_1_774' title='bbox 1556 5303 1695 5356; x_wconf 89' lang='lat' dir='ltr'><strong>sicut</strong></span> <span class='ocrx_word' id='word_1_775' title='bbox 1736 5301 2064 5370; x_wconf 82' lang='lat' dir='ltr'><strong>Opertorinm</strong></span> 
     </span>
    </p>
   </div>
   <div class='ocr_carea' id='block_1_97' title="bbox 564 5446 2030 5510">
    <p class='ocr_par' dir='ltr' id='par_1_97' title="bbox 564 5446 2030 5510">
     <span class='ocr_line' id='line_1_97' title="bbox 564 5446 2030 5510; baseline 0 -10"><span class='ocrx_word' id='word_1_776' title='bbox 564 5447 796 5502; x_wconf 78' lang='lat' dir='ltr'><strong>“Joan.</strong></span> <span class='ocrx_word' id='word_1_777' title='bbox 836 5464 925 5508; x_wconf 87' lang='lat' dir='ltr'><strong>Ill,</strong></span> <span class='ocrx_word' id='word_1_778' title='bbox 982 5450 1062 5502; x_wconf 73' lang='lat' dir='ltr'><strong>l5.</strong></span> <span class='ocrx_word' id='word_1_779' title='bbox 1161 5449 1204 5480; x_wconf 82' lang='grc'>⁸⁸</span> <span class='ocrx_word' id='word_1_780' title='bbox 1264 5446 1406 5503; x_wconf 87' lang='lat' dir='ltr'><strong>Psal.</strong></span> <span class='ocrx_word' id='word_1_781' title='bbox 1461 5465 1589 5510; x_wconf 86' lang='lat' dir='ltr'><strong>xcu,</strong></span> <span class='ocrx_word' id='word_1_782' title='bbox 1646 5448 1695 5502; x_wconf 81' lang='lat' dir='ltr'><strong>l.</strong></span> <span class='ocrx_word' id='word_1_783' title='bbox 1820 5447 2030 5502; x_wconf 78' lang='lat' dir='ltr'><strong>“ibid.</strong></span> 
     </span>
    </p>
   </div>
   <div class='ocr_carea' id='block_1_98' title="bbox 496 5515 1896 5582">
    <p class='ocr_par' dir='ltr' id='par_1_98' title="bbox 496 5515 1896 5582">
     <span class='ocr_line' id='line_1_98' title="bbox 496 5515 1896 5582; baseline 0.002 -11"><span class='ocrx_word' id='word_1_784' title='bbox 496 5515 540 5548; x_wconf 78' lang='lat'>&quot;</span> <span class='ocrx_word' id='word_1_785' title='bbox 571 5519 778 5572; x_wconf 72' lang='lat' dir='ltr'><strong>ibid.5.</strong></span> <span class='ocrx_word' id='word_1_786' title='bbox 858 5521 900 5551; x_wconf 72' lang='grc' dir='ltr'><strong>δν</strong></span> <span class='ocrx_word' id='word_1_787' title='bbox 933 5519 1076 5573; x_wconf 83' lang='lat' dir='ltr'><strong>Exod</strong></span> <span class='ocrx_word' id='word_1_788' title='bbox 1135 5536 1243 5582; x_wconf 82' lang='lat' dir='ltr'><strong>xtx,</strong></span> <span class='ocrx_word' id='word_1_789' title='bbox 1277 5520 1366 5572; x_wconf 65' lang='lat' dir='ltr'><strong>9i.</strong></span> <span class='ocrx_word' id='word_1_790' title='bbox 1446 5521 1490 5551; x_wconf 83' lang='lat'>“</span> <span class='ocrx_word' id='word_1_791' title='bbox 1520 5520 1663 5573; x_wconf 82' lang='lat' dir='ltr'><strong>Psal.</strong></span> <span class='ocrx_word' id='word_1_792' title='bbox 1687 5534 1810 5575; x_wconf 82' lang='lat' dir='ltr'><strong>xcu.</strong></span> <span class='ocrx_word' id='word_1_793' title='bbox 1845 5520 1896 5574; x_wconf 85' lang='grc'><strong>5.</strong></span> 
     </span>
    </p>
   </div>
   <div class='ocr_carea' id='block_1_99' title="bbox 495 5589 1814 5657">
    <p class='ocr_par' dir='ltr' id='par_1_99' title="bbox 495 5589 1814 5657">
     <span class='ocr_line' id='line_1_99' title="bbox 495 5589 1814 5657; baseline 0.001 -14"><span class='ocrx_word' id='word_1_794' title='bbox 495 5603 566 5652; x_wconf 72' lang='grc' dir='ltr'>(ιι,</span> <span class='ocrx_word' id='word_1_795' title='bbox 606 5589 696 5644; x_wconf 73' lang='lat'><strong>26.</strong></span> <span class='ocrx_word' id='word_1_796' title='bbox 774 5590 820 5622; x_wconf 79' lang='grc'><strong>⁸³</strong></span> <span class='ocrx_word' id='word_1_797' title='bbox 858 5589 1022 5643; x_wconf 82' lang='lat' dir='ltr'><strong>Amos</strong></span> <span class='ocrx_word' id='word_1_798' title='bbox 1070 5608 1140 5657; x_wconf 75' lang='lat' dir='ltr'><strong>ix,</strong></span> <span class='ocrx_word' id='word_1_799' title='bbox 1173 5591 1228 5646; x_wconf 89' lang='grc'><strong>6.</strong></span> <span class='ocrx_word' id='word_1_800' title='bbox 1324 5591 1368 5624; x_wconf 79' lang='grc'>⁸⁸</span> <span class='ocrx_word' id='word_1_801' title='bbox 1406 5591 1546 5645; x_wconf 87' lang='lat' dir='ltr'><strong>Psal.</strong></span> <span class='ocrx_word' id='word_1_802' title='bbox 1574 5606 1702 5656; x_wconf 77' lang='lat' dir='ltr'><strong>xvtt,</strong></span> <span class='ocrx_word' id='word_1_803' title='bbox 1729 5592 1814 5644; x_wconf 81' lang='lat' dir='ltr'><strong>ti.</strong></span> 
     </span>
    </p>
   </div>
   <div class='ocr_carea' id='block_1_100' title="bbox 494 5659 1778 5730">
    <p class='ocr_par' dir='ltr' id='par_1_100' title="bbox 494 5659 1778 5730">
     <span class='ocr_line' id='line_1_100' title="bbox 494 5659 1778 5730; baseline 0 -15"><span class='ocrx_word' id='word_1_804' title='bbox 494 5675 634 5724; x_wconf 69' lang='lat' dir='ltr'><strong>XLVI,</strong></span> <span class='ocrx_word' id='word_1_805' title='bbox 669 5661 764 5715; x_wconf 68' lang='lat'><strong>13.</strong></span> <span class='ocrx_word' id='word_1_806' title='bbox 835 5660 876 5691; x_wconf 84' lang='grc'><strong>⁷¹</strong></span> <span class='ocrx_word' id='word_1_807' title='bbox 908 5659 1074 5730; x_wconf 78' lang='lat' dir='ltr'><strong>SOpIt.</strong></span> <span class='ocrx_word' id='word_1_808' title='bbox 1120 5679 1156 5727; x_wconf 88' lang='lat' dir='ltr'><strong>t,</strong></span> <span class='ocrx_word' id='word_1_809' title='bbox 1187 5664 1237 5716; x_wconf 87' lang='lat'><strong>7.</strong></span> <span class='ocrx_word' id='word_1_810' title='bbox 1317 5662 1359 5692; x_wconf 82' lang='grc'><strong>⁷³</strong></span> <span class='ocrx_word' id='word_1_811' title='bbox 1390 5661 1554 5717; x_wconf 86' lang='lat' dir='ltr'><strong>Zach.</strong></span> <span class='ocrx_word' id='word_1_812' title='bbox 1589 5676 1660 5726; x_wconf 75' lang='lat' dir='ltr'><strong>vr,</strong></span> <span class='ocrx_word' id='word_1_813' title='bbox 1693 5661 1778 5716; x_wconf 75' lang='lat'><strong>1‘2.</strong></span> 
     </span>
    </p>
   </div>
   <div class='ocr_carea' id='block_1_101' title="bbox 567 5832 1684 5910">
    <p class='ocr_par' dir='ltr' id='par_1_101' title="bbox 567 5832 1684 5910">
     <span class='ocr_line' id='line_1_101' title="bbox 567 5832 1684 5910; baseline -0.003 -19"><span class='ocrx_word' id='word_1_814' title='bbox 567 5835 679 5910; x_wconf 66' lang='lat' dir='ltr'><strong>(ait)</strong></span> <span class='ocrx_word' id='word_1_815' title='bbox 711 5832 1063 5907; x_wconf 84' lang='lat' dir='ltr'><strong>imperfectus</strong></span> <span class='ocrx_word' id='word_1_816' title='bbox 1094 5841 1146 5887; x_wconf 90' lang='lat' dir='ltr'><strong>et</strong></span> <span class='ocrx_word' id='word_1_817' title='bbox 1178 5832 1440 5887; x_wconf 85' lang='lat' dir='ltr'><strong>obscurus</strong></span> <span class='ocrx_word' id='word_1_818' title='bbox 1472 5846 1684 5891; x_wconf 82' lang='lat' dir='ltr'><strong>sensus.</strong></span> 
     </span>
    </p>
   </div>
   <div class='ocr_carea' id='block_1_102' title="bbox 2165 5444 2868 5509">
    <p class='ocr_par' dir='ltr' id='par_1_102' title="bbox 2165 5444 2868 5509">
     <span class='ocr_line' id='line_1_102' title="bbox 2165 5444 2868 5509; baseline -0.003 -11"><span class='ocrx_word' id='word_1_819' title='bbox 2165 5448 2209 5480; x_wconf 82' lang='grc'><strong><em>⁵³</em></strong></span> <span class='ocrx_word' id='word_1_820' title='bbox 2242 5445 2374 5500; x_wconf 85' lang='lat' dir='ltr'><strong>Dan.</strong></span> <span class='ocrx_word' id='word_1_821' title='bbox 2418 5462 2472 5509; x_wconf 76' lang='grc' dir='ltr'>χ,</span> <span class='ocrx_word' id='word_1_822' title='bbox 2532 5444 2616 5502; x_wconf 83' lang='lat' dir='ltr'><strong>l6.</strong></span> <span class='ocrx_word' id='word_1_823' title='bbox 2669 5444 2748 5504; x_wconf 89' lang='lat' dir='ltr'><strong>l8,</strong></span> <span class='ocrx_word' id='word_1_824' title='bbox 2785 5445 2868 5499; x_wconf 75' lang='lat' dir='ltr'><strong>l9.</strong></span> 
     </span>
    </p>
   </div>
   <div class='ocr_carea' id='block_1_103' title="bbox 1974 5517 2444 5574">
    <p class='ocr_par' dir='ltr' id='par_1_103' title="bbox 1974 5517 2444 5574">
     <span class='ocr_line' id='line_1_103' title="bbox 1974 5517 2444 5574; baseline 0 -4"><span class='ocrx_word' id='word_1_825' title='bbox 1974 5521 2015 5550; x_wconf 80' lang='grc'><strong>⁶¹</strong></span> <span class='ocrx_word' id='word_1_826' title='bbox 2050 5517 2189 5571; x_wconf 88' lang='lat' dir='ltr'><strong>Psal.</strong></span> <span class='ocrx_word' id='word_1_827' title='bbox 2222 5533 2361 5574; x_wconf 66' lang='lat' dir='ltr'><strong>XCVI.</strong></span> <span class='ocrx_word' id='word_1_828' title='bbox 2393 5519 2444 5570; x_wconf 79' lang='grc' dir='ltr'><strong>ϐ.</strong></span> 
     </span>
    </p>
   </div>
   <div class='ocr_carea' id='block_1_104' title="bbox 1911 5587 2379 5647">
    <p class='ocr_par' dir='ltr' id='par_1_104' title="bbox 1911 5587 2379 5647">
     <span class='ocr_line' id='line_1_104' title="bbox 1911 5587 2379 5647; baseline 0 -6"><span class='ocrx_word' id='word_1_829' title='bbox 1911 5591 1952 5622; x_wconf 75' lang='grc'><strong>⁸⁷</strong></span> <span class='ocrx_word' id='word_1_830' title='bbox 1985 5588 2126 5643; x_wconf 84' lang='lat' dir='ltr'><strong>Psal.</strong></span> <span class='ocrx_word' id='word_1_831' title='bbox 2165 5604 2255 5647; x_wconf 81' lang='lat' dir='ltr'><strong>xx.</strong></span> <span class='ocrx_word' id='word_1_832' title='bbox 2291 5587 2379 5642; x_wconf 73' lang='grc'><strong>14.</strong></span> 
     </span>
    </p>
   </div>
   <div class='ocr_carea' id='block_1_105' title="bbox 1857 5658 2617 5728">
    <p class='ocr_par' dir='ltr' id='par_1_105' title="bbox 1857 5658 2617 5728">
     <span class='ocr_line' id='line_1_105' title="bbox 1857 5658 2617 5728; baseline -0.001 -15"><span class='ocrx_word' id='word_1_833' title='bbox 1857 5661 1903 5694; x_wconf 81' lang='grc'><strong>⁷³</strong></span> <span class='ocrx_word' id='word_1_834' title='bbox 1929 5659 2030 5716; x_wconf 86' lang='lat' dir='ltr'><strong>lsa.</strong></span> <span class='ocrx_word' id='word_1_835' title='bbox 2064 5674 2173 5725; x_wconf 71' lang='grc' dir='ltr'>ιιι,</span> <span class='ocrx_word' id='word_1_836' title='bbox 2219 5659 2300 5727; x_wconf 83' lang='lat' dir='ltr'><strong>l7,</strong></span> <span class='ocrx_word' id='word_1_837' title='bbox 2346 5658 2429 5721; x_wconf 86' lang='lat' dir='ltr'><strong>l8,</strong></span> <span class='ocrx_word' id='word_1_838' title='bbox 2465 5672 2617 5728; x_wconf 77' lang='lat' dir='ltr'><strong>seq-1.</strong></span> 
     </span>
    </p>
   </div>
   <div class='ocr_carea' id='block_1_106' title="bbox 2177 4651 3744 4723">
    <p class='ocr_par' dir='ltr' id='par_1_106' title="bbox 2177 4651 3744 4723">
     <span class='ocr_line' id='line_1_106' title="bbox 2177 4651 3744 4723; baseline -0.006 -17"><span class='ocrx_word' id='word_1_839' title='bbox 2177 4653 2243 4708; x_wconf 81' lang='lat' dir='ltr'><strong>Et</strong></span> <span class='ocrx_word' id='word_1_840' title='bbox 2283 4655 2457 4708; x_wconf 76' lang='lat' dir='ltr'><strong>veniet</strong></span> <span class='ocrx_word' id='word_1_841' title='bbox 2495 4670 2561 4708; x_wconf 84' lang='lat' dir='ltr'><strong>ex</strong></span> <span class='ocrx_word' id='word_1_842' title='bbox 2605 4654 2734 4708; x_wconf 72' lang='lat' dir='ltr'><strong>Sion</strong></span> <span class='ocrx_word' id='word_1_843' title='bbox 2787 4655 2875 4723; x_wconf 89' lang='lat' dir='ltr'><strong>qui</strong></span> <span class='ocrx_word' id='word_1_844' title='bbox 2920 4654 3131 4715; x_wconf 85' lang='lat' dir='ltr'><strong>liberat,</strong></span> <span class='ocrx_word' id='word_1_845' title='bbox 3172 4662 3226 4707; x_wconf 90' lang='lat' dir='ltr'><strong>et</strong></span> <span class='ocrx_word' id='word_1_846' title='bbox 3267 4661 3481 4707; x_wconf 82' lang='lat' dir='ltr'><strong>avertet</strong></span> <span class='ocrx_word' id='word_1_847' title='bbox 3530 4651 3744 4718; x_wconf 82' lang='lat' dir='ltr'><strong>impieta-</strong></span> 
     </span>
    </p>
   </div>
   <div class='ocr_carea' id='block_1_107' title="bbox 2181 4735 3742 4814">
    <p class='ocr_par' dir='ltr' id='par_1_107' title="bbox 2181 4735 3742 4814">
     <span class='ocr_line' id='line_1_107' title="bbox 2181 4735 3742 4814; baseline -0.006 -15"><span class='ocrx_word' id='word_1_848' title='bbox 2181 4756 2257 4800; x_wconf 88' lang='lat' dir='ltr'><strong>tes</strong></span> <span class='ocrx_word' id='word_1_849' title='bbox 2280 4762 2307 4799; x_wconf 89' lang='lat' dir='ltr'><strong>a</strong></span> <span class='ocrx_word' id='word_1_850' title='bbox 2338 4745 2525 4809; x_wconf 74' lang='lat' dir='ltr'><strong>Jaroii,</strong></span> <span class='ocrx_word' id='word_1_851' title='bbox 2564 4747 2697 4800; x_wconf 83' lang='lat' dir='ltr'><strong>dixit</strong></span> <span class='ocrx_word' id='word_1_852' title='bbox 2735 4745 2993 4799; x_wconf 90' lang='lat' dir='ltr'><strong>Dominus</strong></span> <span class='ocrx_word' id='word_1_853' title='bbox 3044 4745 3387 4814; x_wconf 85' lang='lat' dir='ltr'><strong>omnipotens</strong></span> <span class='ocrx_word' id='word_1_854' title='bbox 3416 4743 3487 4797; x_wconf 83' lang='lat'><strong>&quot;.</strong></span> <span class='ocrx_word' id='word_1_855' title='bbox 3515 4735 3548 4794; x_wconf 65' lang='grc' dir='ltr'>ιζ</span> <span class='ocrx_word' id='word_1_856' title='bbox 3568 4740 3630 4793; x_wconf 83' lang='grc' dir='ltr'>Ει</span> <span class='ocrx_word' id='word_1_857' title='bbox 3662 4738 3742 4790; x_wconf 79' lang='lat' dir='ltr'><strong>Da-</strong></span> 
     </span>
    </p>
   </div>
   <div class='ocr_carea' id='block_1_108' title="bbox 2180 4829 3746 4909">
    <p class='ocr_par' dir='ltr' id='par_1_108' title="bbox 2180 4829 3746 4909">
     <span class='ocr_line' id='line_1_108' title="bbox 2180 4829 3746 4909; baseline -0.006 -18"><span class='ocrx_word' id='word_1_858' title='bbox 2180 4839 2265 4891; x_wconf 90' lang='lat' dir='ltr'><strong>vid</strong></span> <span class='ocrx_word' id='word_1_859' title='bbox 2296 4852 2311 4889; x_wconf 85' lang='lat'><strong>:</strong></span> <span class='ocrx_word' id='word_1_860' title='bbox 2355 4858 2372 4891; x_wconf 80' lang='grc' dir='ltr'><strong>ι</strong></span> <span class='ocrx_word' id='word_1_861' title='bbox 2414 4839 2671 4909; x_wconf 72' lang='lat' dir='ltr'><strong>Exsurge,</strong></span> <span class='ocrx_word' id='word_1_862' title='bbox 2709 4838 2951 4902; x_wconf 85' lang='lat' dir='ltr'><strong>Domine,</strong></span> <span class='ocrx_word' id='word_1_863' title='bbox 2981 4838 3033 4891; x_wconf 93' lang='lat' dir='ltr'><strong>in</strong></span> <span class='ocrx_word' id='word_1_864' title='bbox 3083 4838 3160 4889; x_wconf 88' lang='lat' dir='ltr'><strong>ira</strong></span> <span class='ocrx_word' id='word_1_865' title='bbox 3211 4846 3320 4902; x_wconf 85' lang='lat' dir='ltr'><strong>tua,</strong></span> <span class='ocrx_word' id='word_1_866' title='bbox 3358 4843 3412 4889; x_wconf 91' lang='lat' dir='ltr'><strong>et</strong></span> <span class='ocrx_word' id='word_1_867' title='bbox 3450 4834 3681 4889; x_wconf 86' lang='lat' dir='ltr'><strong>exaltare</strong></span> <span class='ocrx_word' id='word_1_868' title='bbox 3703 4829 3746 4882; x_wconf 87' lang='lat' dir='ltr'><strong>in</strong></span> 
     </span>
    </p>
   </div>
   <div class='ocr_carea' id='block_1_109' title="bbox 2182 4925 3741 4998">
    <p class='ocr_par' dir='ltr' id='par_1_109' title="bbox 2182 4925 3741 4998">
     <span class='ocr_line' id='line_1_109' title="bbox 2182 4925 3741 4998; baseline -0.006 -14"><span class='ocrx_word' id='word_1_869' title='bbox 2182 4930 2376 4986; x_wconf 83' lang='lat' dir='ltr'><strong>finibus</strong></span> <span class='ocrx_word' id='word_1_870' title='bbox 2426 4932 2766 4984; x_wconf 89' lang='lat' dir='ltr'><strong>inimicorum</strong></span> <span class='ocrx_word' id='word_1_871' title='bbox 2820 4941 3074 4984; x_wconf 91' lang='lat' dir='ltr'><strong>tuorum:</strong></span> <span class='ocrx_word' id='word_1_872' title='bbox 3122 4937 3176 4983; x_wconf 91' lang='lat' dir='ltr'><strong>et</strong></span> <span class='ocrx_word' id='word_1_873' title='bbox 3233 4942 3489 4998; x_wconf 82' lang='lat' dir='ltr'><strong>exsurge,</strong></span> <span class='ocrx_word' id='word_1_874' title='bbox 3542 4925 3741 4981; x_wconf 88' lang='lat' dir='ltr'><strong>Domine</strong></span> 
     </span>
    </p>
   </div>
   <div class='ocr_carea' id='block_1_110' title="bbox 2182 5022 3740 5092">
    <p class='ocr_par' dir='ltr' id='par_1_110' title="bbox 2182 5022 3740 5092">
     <span class='ocr_line' id='line_1_110' title="bbox 2182 5022 3740 5092; baseline -0.004 -14"><span class='ocrx_word' id='word_1_875' title='bbox 2182 5025 2323 5078; x_wconf 53' lang='lat' dir='ltr'><strong>Deus</strong></span> <span class='ocrx_word' id='word_1_876' title='bbox 2349 5040 2515 5086; x_wconf 82' lang='lat' dir='ltr'><strong>mens,</strong></span> <span class='ocrx_word' id='word_1_877' title='bbox 2546 5023 2596 5075; x_wconf 90' lang='lat' dir='ltr'><strong>in</strong></span> <span class='ocrx_word' id='word_1_878' title='bbox 2623 5033 2885 5091; x_wconf 68' lang='lat' dir='ltr'><strong>pra-cepto</strong></span> <span class='ocrx_word' id='word_1_879' title='bbox 2908 5023 3045 5092; x_wconf 90' lang='lat' dir='ltr'><strong>quod</strong></span> <span class='ocrx_word' id='word_1_880' title='bbox 3093 5022 3383 5084; x_wconf 86' lang='lat' dir='ltr'><strong>mandasti,</strong></span> <span class='ocrx_word' id='word_1_881' title='bbox 3415 5031 3474 5074; x_wconf 90' lang='lat' dir='ltr'><strong>et</strong></span> <span class='ocrx_word' id='word_1_882' title='bbox 3497 5033 3740 5092; x_wconf 68' lang='lat' dir='ltr'><strong>synagoga</strong></span> 
     </span>
    </p>
   </div>
   <div class='ocr_carea' id='block_1_111' title="bbox 2180 5113 3744 5190">
    <p class='ocr_par' dir='ltr' id='par_1_111' title="bbox 2180 5113 3744 5190">
     <span class='ocr_line' id='line_1_111' title="bbox 2180 5113 3744 5190; baseline -0.004 -20"><span class='ocrx_word' id='word_1_883' title='bbox 2180 5118 2499 5190; x_wconf 89' lang='lat' dir='ltr'><strong>populorum</strong></span> <span class='ocrx_word' id='word_1_884' title='bbox 2534 5117 2889 5172; x_wconf 87' lang='lat' dir='ltr'><strong>circumdabit</strong></span> <span class='ocrx_word' id='word_1_885' title='bbox 2934 5126 3024 5172; x_wconf 91' lang='lat' dir='ltr'><strong>te:</strong></span> <span class='ocrx_word' id='word_1_886' title='bbox 3069 5127 3122 5171; x_wconf 89' lang='lat' dir='ltr'><strong>et</strong></span> <span class='ocrx_word' id='word_1_887' title='bbox 3152 5126 3372 5185; x_wconf 89' lang='lat' dir='ltr'><strong>propter</strong></span> <span class='ocrx_word' id='word_1_888' title='bbox 3413 5117 3556 5169; x_wconf 85' lang='lat' dir='ltr'><strong>hanc</strong></span> <span class='ocrx_word' id='word_1_889' title='bbox 3605 5115 3652 5165; x_wconf 91' lang='lat' dir='ltr'><strong>in</strong></span> <span class='ocrx_word' id='word_1_890' title='bbox 3684 5113 3744 5163; x_wconf 83' lang='lat' dir='ltr'><strong>al-</strong></span> 
     </span>
    </p>
   </div>
   <div class='ocr_carea' id='block_1_112' title="bbox 2180 5203 3746 5281">
    <p class='ocr_par' dir='ltr' id='par_1_112' title="bbox 2180 5203 3746 5281">
     <span class='ocr_line' id='line_1_112' title="bbox 2180 5203 3746 5281; baseline -0.004 -17"><span class='ocrx_word' id='word_1_891' title='bbox 2180 5221 2294 5266; x_wconf 90' lang='lat' dir='ltr'><strong>tum</strong></span> <span class='ocrx_word' id='word_1_892' title='bbox 2326 5212 2649 5281; x_wconf 85' lang='lat' dir='ltr'><strong>regredere:</strong></span> <span class='ocrx_word' id='word_1_893' title='bbox 2688 5209 2943 5263; x_wconf 89' lang='lat' dir='ltr'><strong>Dominus</strong></span> <span class='ocrx_word' id='word_1_894' title='bbox 2970 5209 3174 5278; x_wconf 90' lang='lat' dir='ltr'><strong>judicat</strong></span> <span class='ocrx_word' id='word_1_895' title='bbox 3221 5207 3454 5277; x_wconf 84' lang='lat' dir='ltr'><strong>populos</strong></span> <span class='ocrx_word' id='word_1_896' title='bbox 3488 5205 3556 5262; x_wconf 77' lang='lat'><strong>&quot;.</strong></span> <span class='ocrx_word' id='word_1_897' title='bbox 3591 5224 3609 5258; x_wconf 81' lang='grc' dir='ltr'><strong>ι</strong></span> <span class='ocrx_word' id='word_1_898' title='bbox 3633 5203 3746 5259; x_wconf 67' lang='lat' dir='ltr'><strong>Vide</strong></span> 
     </span>
    </p>
   </div>
   <div class='ocr_carea' id='block_1_113' title="bbox 2180 5299 3742 5371">
    <p class='ocr_par' dir='ltr' id='par_1_113' title="bbox 2180 5299 3742 5371">
     <span class='ocr_line' id='line_1_113' title="bbox 2180 5299 3742 5371; baseline -0.007 -15"><span class='ocrx_word' id='word_1_899' title='bbox 2180 5311 2236 5356; x_wconf 90' lang='lat' dir='ltr'><strong>ut</strong></span> <span class='ocrx_word' id='word_1_900' title='bbox 2265 5310 2385 5371; x_wconf 90' lang='lat' dir='ltr'><strong>apta</strong></span> <span class='ocrx_word' id='word_1_901' title='bbox 2406 5310 2458 5355; x_wconf 89' lang='lat' dir='ltr'><strong>et</strong></span> <span class='ocrx_word' id='word_1_902' title='bbox 2479 5301 2774 5371; x_wconf 86' lang='lat' dir='ltr'><strong>composita</strong></span> <span class='ocrx_word' id='word_1_903' title='bbox 2809 5300 2877 5354; x_wconf 86' lang='lat' dir='ltr'><strong>sit</strong></span> <span class='ocrx_word' id='word_1_904' title='bbox 2907 5301 3194 5356; x_wconf 86' lang='lat' dir='ltr'><strong>sententia.</strong></span> <span class='ocrx_word' id='word_1_905' title='bbox 3221 5299 3502 5368; x_wconf 77' lang='lat' dir='ltr'><strong>Explicata</strong></span> <span class='ocrx_word' id='word_1_906' title='bbox 3537 5299 3742 5366; x_wconf 90' lang='lat' dir='ltr'><strong>primum</strong></span> 
     </span>
    </p>
   </div>
   <div class='ocr_carea' id='block_1_114' title="bbox 3551 5438 3742 5495">
    <p class='ocr_par' dir='ltr' id='par_1_114' title="bbox 3551 5438 3742 5495">
     <span class='ocr_line' id='line_1_114' title="bbox 3551 5438 3742 5495; baseline -0.005 -2"><span class='ocrx_word' id='word_1_907' title='bbox 3551 5441 3594 5473; x_wconf 67' lang='grc' dir='ltr'><strong>δ’</strong></span> <span class='ocrx_word' id='word_1_908' title='bbox 3625 5438 3742 5495; x_wconf 82' lang='lat' dir='ltr'><strong>ibid.</strong></span> 
     </span>
    </p>
   </div>
   <div class='ocr_carea' id='block_1_115' title="bbox 3543 5510 3739 5564">
    <p class='ocr_par' dir='ltr' id='par_1_115' title="bbox 3543 5510 3739 5564">
     <span class='ocr_line' id='line_1_115' title="bbox 3543 5510 3739 5564; baseline -0.026 0"><span class='ocrx_word' id='word_1_909' title='bbox 3543 5514 3586 5544; x_wconf 80' lang='lat'>“</span> <span class='ocrx_word' id='word_1_910' title='bbox 3617 5510 3739 5564; x_wconf 83' lang='lat' dir='ltr'><strong>Psal.</strong></span> 
     </span>
    </p>
   </div>
   <div class='ocr_carea' id='block_1_116' title="bbox 3584 5580 3739 5636">
    <p class='ocr_par' dir='ltr' id='par_1_116' title="bbox 3584 5580 3739 5636">
     <span class='ocr_line' id='line_1_116' title="bbox 3584 5580 3739 5636; baseline 0.013 -2"><span class='ocrx_word' id='word_1_911' title='bbox 3584 5582 3625 5613; x_wconf 86' lang='grc'><strong>⁷⁸</strong></span> <span class='ocrx_word' id='word_1_912' title='bbox 3652 5580 3717 5634; x_wconf 66' lang='lat'><strong>15;!</strong></span> <span class='ocrx_word' id='word_1_913' title='bbox 3729 5619 3739 5636; x_wconf 83' lang='lat'><strong>.</strong></span> 
     </span>
    </p>
   </div>
   <div class='ocr_carea' id='block_1_117' title="bbox 2981 5442 3434 5505">
    <p class='ocr_par' dir='ltr' id='par_1_117' title="bbox 2981 5442 3434 5505">
     <span class='ocr_line' id='line_1_117' title="bbox 2981 5442 3434 5505; baseline 0.004 -9"><span class='ocrx_word' id='word_1_914' title='bbox 2981 5442 3028 5475; x_wconf 81' lang='grc'><strong>⁸⁸</strong></span> <span class='ocrx_word' id='word_1_915' title='bbox 3057 5443 3198 5497; x_wconf 81' lang='lat' dir='ltr'><strong>Psal.</strong></span> <span class='ocrx_word' id='word_1_916' title='bbox 3219 5458 3345 5505; x_wconf 87' lang='lat' dir='ltr'><strong>xcn,</strong></span> <span class='ocrx_word' id='word_1_917' title='bbox 3377 5442 3434 5499; x_wconf 72' lang='lat'><strong>2.</strong></span> 
     </span>
    </p>
   </div>
   <div class='ocr_carea' id='block_1_118' title="bbox 2523 5512 3452 5577">
    <p class='ocr_par' dir='ltr' id='par_1_118' title="bbox 2523 5512 3452 5577">
     <span class='ocr_line' id='line_1_118' title="bbox 2523 5512 3452 5577; baseline 0 -11"><span class='ocrx_word' id='word_1_918' title='bbox 2523 5516 2564 5548; x_wconf 80' lang='grc'><strong>⁶¹</strong></span> <span class='ocrx_word' id='word_1_919' title='bbox 2600 5516 2725 5568; x_wconf 86' lang='lat' dir='ltr'><strong>ibid.</strong></span> <span class='ocrx_word' id='word_1_920' title='bbox 2748 5517 2800 5571; x_wconf 82' lang='lat'><strong>8.</strong></span> <span class='ocrx_word' id='word_1_921' title='bbox 2885 5515 2930 5546; x_wconf 82' lang='lat'><strong>&quot;</strong></span> <span class='ocrx_word' id='word_1_922' title='bbox 2957 5512 3100 5568; x_wconf 86' lang='lat' dir='ltr'><strong>Psal.</strong></span> <span class='ocrx_word' id='word_1_923' title='bbox 3137 5530 3284 5577; x_wconf 71' lang='lat' dir='ltr'><strong>xciv,</strong></span> <span class='ocrx_word' id='word_1_924' title='bbox 3313 5515 3365 5574; x_wconf 86' lang='lat'><strong>7,</strong></span> <span class='ocrx_word' id='word_1_925' title='bbox 3395 5515 3452 5568; x_wconf 83' lang='lat'><strong>8.</strong></span> 
     </span>
    </p>
   </div>
   <div class='ocr_carea' id='block_1_119' title="bbox 2462 5583 3494 5649">
    <p class='ocr_par' dir='ltr' id='par_1_119' title="bbox 2462 5583 3494 5649">
     <span class='ocr_line' id='line_1_119' title="bbox 2462 5583 3494 5649; baseline 0 -12"><span class='ocrx_word' id='word_1_926' title='bbox 2462 5588 2505 5617; x_wconf 73' lang='grc'><strong>⁸³</strong></span> <span class='ocrx_word' id='word_1_927' title='bbox 2543 5586 2732 5640; x_wconf 78' lang='lat' dir='ltr'><strong>Matth.</strong></span> <span class='ocrx_word' id='word_1_928' title='bbox 2771 5601 2845 5648; x_wconf 86' lang='lat' dir='ltr'><strong>tv,</strong></span> <span class='ocrx_word' id='word_1_929' title='bbox 2881 5586 2965 5641; x_wconf 81' lang='lat' dir='ltr'><strong>l3.</strong></span> <span class='ocrx_word' id='word_1_930' title='bbox 3065 5583 3110 5614; x_wconf 77' lang='lat'><strong>“</strong></span> <span class='ocrx_word' id='word_1_931' title='bbox 3143 5583 3302 5638; x_wconf 72' lang='lat' dir='ltr'><strong>blich.</strong></span> <span class='ocrx_word' id='word_1_932' title='bbox 3341 5601 3410 5649; x_wconf 89' lang='lat' dir='ltr'><strong>vt,</strong></span> <span class='ocrx_word' id='word_1_933' title='bbox 3445 5584 3494 5637; x_wconf 83' lang='lat' dir='ltr'><strong>l.</strong></span> 
     </span>
    </p>
   </div>
   <div class='ocr_carea' id='block_1_120' title="bbox 2696 5653 3197 5720">
    <p class='ocr_par' dir='ltr' id='par_1_120' title="bbox 2696 5653 3197 5720">
     <span class='ocr_line' id='line_1_120' title="bbox 2696 5653 3197 5720; baseline -0.002 -9"><span class='ocrx_word' id='word_1_934' title='bbox 2696 5656 2743 5687; x_wconf 73' lang='lat'><strong><em>&quot;</em></strong></span> <span class='ocrx_word' id='word_1_935' title='bbox 2779 5656 2920 5711; x_wconf 84' lang='lat' dir='ltr'><strong>Psal.</strong></span> <span class='ocrx_word' id='word_1_936' title='bbox 2953 5672 3048 5720; x_wconf 85' lang='lat' dir='ltr'><strong>vn,</strong></span> <span class='ocrx_word' id='word_1_937' title='bbox 3085 5653 3197 5710; x_wconf 80' lang='lat'><strong>7-9.</strong></span> 
     </span>
    </p>
   </div>
  </div>
