4004 6206
267 412 373 476 917

1332 399 1717 464 DIALOGUS
1757 401 2058 467 CONTRA
2097 408 2434 474 JUDAEOS.

3419 403 3526 471 918

265 527 351 581 his
391 522 570 580 verbis
591 537 655 576 ex
693 519 880 575 inferis
914 512 1312 572 resurrectione
1343 530 1359 566 :
1390 530 1407 562 t
1442 511 1717 580 Exsurge,
1752 508 1857 564 Do-
1888 526 1938 584 Α
1962 514 2243 569 desursum
2272 557 2286 582 ,
2320 525 2374 570 et
2429 522 2629 584 terram
2683 515 2996 571 discernere
3022 513 3303 586 'populum
3355 531 3531 569 suum.

281 623 430 676 mine
492 621 546 675 in
602 621 682 673 ira
716 630 826 683 tua,
867 635 888 668 ι
922 616 974 669 id
1032 622 1115 667 est
1153 611 1335 666 furore
1374 609 1557 680 gloriae
1629 617 1733 663 tua:
1791 608 1856 663 ad

267 712 424 765 Judze
498 710 918 764 internecionem
975 721 990 760 :
1052 701 1379 772 subjungit:
1433 699 1743 753 t'Exaltare
1804 697 1857 751 in

267 807 474 859 ﬁnibus
529 803 876 858 inimicorum
925 810 1174 863 tuorum;
1218 815 1236 848 ι
1289 797 1341 850 in
1392 793 1531 848 coelo
1580 807 1682 846 una
1733 806 1857 846 cum

262 904 480 970 angelis
538 915 701 967 super
751 898 922 952 nubes
981 892 1401 949 conscendens:
1439 908 1457 942 t
1496 888 1561 943 Et
1601 901 1855 955 exsurge,

262 995 496 1049 Domine
542 991 684 1046 Deus
726 1003 904 1052 mens,
942 989 998 1045 in
1028 995 1300 1057 praecepto
1333 982 1476 1053 quod
1511 979 1804 1042 mandasti,
1833 998 1850 1027 ι

261 1084 526 1155 quando?
559 1098 679 1137 cum
730 1081 784 1134 ιιι
820 1088 965 1133 terra
1007 1085 1330 1146 corporatus
1377 1073 1522 1126 visus
1553 1087 1646 1134 es,
1683 1079 1737 1123 et
1777 1069 1858 1122 itt-

263 1187 350 1232 ter
397 1176 646 1229 homines
689 1182 959 1226 versatus.
997 1167 1224 1224 Gemina
1255 1175 1383 1222 sunt
1436 1177 1615 1217 autem
1662 1172 1715 1216 et
1767 1161 1856 1214 illa

259 1269 610 1339 evangelista:
666 1265 826 1320 verba
865 1281 876 1317 :
917 1281 934 1315 t
971 1261 1124 1316 Tunc
1157 1259 1370 1315 sedebit
1409 1257 1577 1312 Filius
1618 1255 1854 1310 hominis

262 1375 431 1428 super
481 1363 662 1413 sedem
723 1355 1025 1423 majestatis
1077 1368 1189 1407 suae
1231 1371 1245 1405 ;
1283 1360 1336 1405 et
1384 1348 1858 1418 congregabuntur

263 1463 397 1505 ante
431 1467 557 1506 eum
602 1464 793 1504 onmes
823 1456 1034 1517 gentes,
1069 1455 1123 1499 et
1155 1445 1432 1513 separabit
1478 1455 1573 1496 eos
1612 1440 1679 1493 ab
1712 1440 1854 1494 invi-

263 1558 409 1608 cem,
462 1541 607 1598 sicut
663 1550 850 1611 pastor
901 1547 1148 1609 segregat
1201 1551 1330 1590 oves
1379 1535 1447 1589 ab
1505 1533 1676 1589 hindis
1724 1535 1790 1598 ",
1824 1550 1845 1584 ι

265 1637 412 1706 quod
448 1634 591 1690 idem
622 1644 703 1689 est
734 1648 855 1687 cum
887 1631 979 1686 illo
1009 1628 1328 1700 prophetico
1357 1647 1368 1681 ε
1413 1646 1430 1688 ί
1467 1625 1533 1680 Ει
1579 1641 1851 1696 synagoga

266 1728 596 1798 populorum
628 1726 992 1784 circumdabit
1021 1734 1097 1780 te.
1136 1742 1154 1775 ι
1188 1721 1456 1777 Caeterum
1489 1729 1547 1774 ut
1588 1732 1851 1775 :eternuni

270 1837 337 1874 ac
389 1832 626 1890 perenne
685 1830 898 1888 tempus
931 1813 1221 1888 signiﬁcet,
1252 1814 1431 1867 addit:
1468 1830 1486 1863 ι
1523 1812 1591 1867 Et
1635 1820 1854 1882 prepter

1957 605 2299 679 Congregate
2356 607 2431 663 illi
2493 618 2713 663 sanctos
2765 609 2905 676 ejus,
2937 609 3029 679 qui
3068 610 3322 664 ordinant
3373 613 3536 662 testa-

1959 708 2200 752 mentum
2233 699 2352 768 ejus
2391 713 2556 768 super
2595 701 2861 754 s-acrilicia
2893 699 2962 754 ⁸⁸.
2995 719 3013 752 ι
3052 699 3118 754 Ει
3147 697 3275 754 alibi
3306 717 3320 755 :
3350 698 3391 749 ἰ
3435 700 3535 754 Se-

1960 788 2064 844 mel
2106 789 2317 845 locutus
2344 801 2427 846 est
2460 791 2639 857 Deus;
2673 789 2782 846 duo
2828 792 2942 846 hate
2977 791 3197 857 audivi;
3234 809 3251 842 ι
3281 806 3536 862 quaenam

1960 880 2092 934 illa?
2121 883 2171 935 in
2223 893 2366 936 terra
2411 883 2572 947 Deus,
2608 884 2660 938 in
2705 885 2860 940 ctelis
2900 887 3084 940 homo.
3119 884 3292 940 Addit
3338 884 3540 938 oratio-

1963 985 2081 1023 nem
2117 970 2443 1026 confirmans
2472 989 2486 1028 :
2528 990 2546 1024 ‹
2586 973 2717 1040 Quia
2767 984 3004 1044 potestas
3039 975 3127 1029 Dei
3181 985 3263 1029 est
3296 993 3308 1029 :
3341 987 3391 1030 et
3424 983 3536 1040 tua,

1959 1060 2218 1130 Domine,
2253 1065 2621 1120 misericordia
2657 1082 2671 1120 :
2724 1068 2847 1138 quia
2876 1079 2928 1122 tu
2990 1068 3180 1122 reddes
3243 1071 3540 1138 unicuique

1952 1153 2106 1221 juxta
2139 1169 2301 1224 opera
2335 1169 2432 1209 sua
2459 1156 2526 1210 ⁸⁸.
2567 1176 2585 1208 ι
2623 1156 2867 1228 Eumque
2899 1172 3120 1215 secntus
3154 1161 3355 1217 Paulus
3387 1168 3535 1218 voci-

1959 1244 2168 1300 feratur
2201 1265 2216 1302 :
2259 1266 2278 1298 r
2324 1248 2378 1300 In
2409 1265 2473 1303 eo
2508 1250 2675 1317 enim,
2714 1251 2765 1305 in
2799 1267 2904 1321 quo
2931 1266 3128 1322 passus
3155 1265 3238 1308 est
3281 1256 3416 1324 ipse,
3451 1273 3544 1326 po-

1962 1347 2079 1393 tens
2114 1349 2274 1394 estet
2306 1342 2405 1404 eis,
2443 1342 2533 1410 qui
2569 1352 2874 1408 tentantur,
2929 1345 3178 1400 auxiliari
3207 1347 3274 1400 ⁸⁸.
3307 1366 3323 1398 ι
3358 1347 3420 1401 Et
3450 1364 3545 1418 per

1960 1425 2291 1500 Sophoniam
2328 1433 2468 1488 Deus
2516 1434 2677 1488 Pater
2719 1438 3047 1493 conlirmat:
3089 1457 3105 1490 t
3161 1437 3227 1493 Et
3274 1441 3544 1497 tribulabo

1959 1525 2207 1581 homines
2238 1535 2293 1580 et
2331 1526 2684 1582 ambulabunt
2719 1541 2775 1583 nt
2805 1532 2950 1596 caeci,
2991 1535 3118 1602 quia
3158 1534 3384 1589 Domino
3417 1552 3544 1605 pec.

1958 1619 2249 1674 carunt".
2288 1638 2304 1671 ι
2340 1618 2597 1676 Videtis?
2635 1637 2738 1677 non
2793 1625 2927 1678 dixit
2978 1642 2991 1678 :
3043 1626 3181 1694 Quia
3230 1628 3359 1681 mihi
3422 1643 3547 1698 pec-

1957 1723 2170 1777 carunt,
2240 1715 2353 1777 sed,
2387 1733 2405 1765 t
2444 1715 2714 1782 Domino;
2749 1736 2767 1767 ι
2822 1719 3148 1787 cltarissinto
3203 1723 3344 1775 enim
3408 1719 3544 1777 Filio

1959 1819 2145 1872 poenas
2207 1804 2553 1875 irrogarunt,
2632 1807 2926 1862 secundum
3011 1819 3363 1880 assumptum.
3417 1813 3542 1868 Ideo

265 1889 411 1965 hanc
467 1913 744 1981 (causam,
825 1909 894 1962 ob
945 1923 1133 1962 verum
1198 1920 1388 1973 nempe
1442 1902 1727 1972 judicium)
1801 1902 1854 1955 in

1970 1913 1988 1945 ‹
2027 1895 2294 1948 ell‘undam
2343 1897 2661 1964 sanguinem
2704 1912 2892 1952 eorum
2947 1899 3089 1954 sicut
3145 1902 3457 1970 pulverem,
3489 1917 3543 1958 et

266 2007 441 2059 altum
475 2007 782 2072 regredere,
822 2021 838 2053 ι
872 2003 1173 2056 ostendens
1197 1997 1361 2052 alium
1388 1996 1593 2066 justum
1619 1994 1853 2064 judicem

267 2113 393 2152 esse
441 2098 664 2157 nullum,
712 2096 812 2147 nisi
847 2106 896 2150 te
928 2094 1125 2152 solum,
1165 2091 1254 2160 qui
1295 2090 1444 2160 prius
1475 2089 1541 2141 ad
1576 2087 1854 2141 hominum

266 2194 529 2256 salutem,
558 2201 678 2258 post
708 2190 774 2242 ad
803 2188 1064 2258 judicium
1092 2199 1121 2240 e
1166 2185 1303 2240 cmlo
1333 2183 1662 2237 descendisti
1683 2217 1699 2242 ,
1735 2195 1856 2233 rur-

267 2297 507 2350 sumque
548 2281 601 2334 in
652 2278 822 2333 caelos
872 2274 1188 2331 aSceudisti.
1237 2273 1471 2343 Ideoque
1522 2271 1857 2327 cltarus‘ille

263 2373 575 2443 discipulus
614 2382 767 2427 tonat
801 2387 814 2426 :
871 2388 890 2420 ι
924 2367 1092 2423 Nemo
1126 2368 1377 2423 ascendit
1414 2367 1464 2418 in
1500 2365 1720 2429 ccelum,
1752 2364 1854 2418 nisi

260 2470 364 2538 qui
395 2465 678 2520 descendit
721 2467 784 2519 de
837 2463 998 2528 coelo,
1033 2459 1205 2514 Filius
1242 2459 1498 2519 hominis,
1530 2456 1618 2524 qui
1673 2464 1755 2509 est
1801 2455 1854 2508 ιιι

257 2560 411 2616 ςωιο
443 2559 508 2611 ⁷⁸.
552 2577 570 2611 ι
621 2555 868 2612 Ieremia:
909 2569 1124 2626 quoque
1166 2553 1283 2608 haec
1317 2565 1442 2606 sunt
1498 2550 1657 2605 verba
1693 2566 1708 2603 :
1743 2568 1761 2600 ι
1799 2550 1854 2604 ln

261 2664 520 2723 tempore
559 2650 651 2706 illo
683 2649 952 2705 vocabunt
1003 2646 1305 2703 Jerusalem
1357 2643 1552 2699 solinrn
1601 2641 1851 2698 Domini:

259 2758 320 2802 et
351 2743 830 2815 cengregabuntur
856 2755 1044 2795 omnes
1072 2749 1264 2806 gentes
1299 2739 1364 2792 ad
1396 2752 1516 2791 eam
1551 2735 1621 2788 ".
1658 2752 1675 2786 ι
1710 2735 1854 2801 Quin

262 2848 327 2891 et
390 2835 649 2889 Salomon
683 2834 803 2886 ait:
843 2849 861 2883 t
905 2831 1126 2901 liepelle
1176 2829 1310 2882 iram
1360 2843 1388 2880 a
1434 2827 1596 2880 corde
1643 2836 1759 2889 tuo,
1802 2834 1856 2878 et

261 2929 428 2984 aufer
458 2927 716 2982 malitiam
751 2941 781 2978 a
814 2939 978 2979 carne
1028 2934 1155 2975 tua:
1201 2935 1483 2990 usquequo
1539 2936 1642 2974 non
1699 2919 1856 2973 obte-

262 3024 563 3077 nebrcscet
594 3020 701 3082 sol,
735 3027 787 3073 et
816 3017 942 3071 luna
979 3025 1032 3071 et
1064 3015 1231 3070 stellae
1265 3030 1367 3067 non
1427 3015 1628 3066 dabunt
1675 3013 1853 3066 lumctt

261 3128 430 3169 suum
469 3111 536 3164 ⁷⁸.
579 3128 596 3161 ι
635 3109 704 3162 lis
731 3110 908 3163 verbis
947 3107 1249 3162 secundum
1303 3104 1503 3158 Christi
1565 3106 1852 3158 adventum

265 3209 526 3269 inunctis,
563 3218 686 3258 cum
726 3203 1036 3256 universum
1092 3201 1195 3252 hoc
1243 3212 1401 3252 omne
1447 3197 1767 3265 mutabitur,
1801 3209 1856 3252 et

263 3296 432 3367 quasi
463 3296 780 3364 relingetur.
820 3293 886 3346 Et
918 3290 1086 3345 David
1122 3310 1137 3345 :
1177 3309 1196 3342 t
1233 3291 1501 3356 Quoniam
1546 3304 1675 3344 ecce
1707 3304 1860 3360 reges

265 3395 436 3439 terra:
466 3382 775 3452 congregati
821 3392 964 3446 sum,
999 3390 1369 3435 convenerunt
1402 3381 1454 3434 in
1491 3395 1656 3433 unum
1694 3396 1708 3433 :
1753 3381 1852 3450 ipsi

266 3477 524 3530 videntes
562 3475 643 3528 sic
675 3473 927 3526 admirati
975 3482 1134 3536 sunt,
1169 3470 1478 3526 contnrbati
1526 3483 1671 3535 sunt,
1707 3487 1859 3526 com-

270 3569 411 3624 moti
445 3578 594 3635 sunt,
627 3576 829 3623 tremor
874 3565 1227 3636 apprehendit
1258 3579 1352 3620 eos
1382 3584 1394 3620 :
1428 3565 1499 3620 ibi
1531 3566 1768 3628 dolores,
1801 3579 1860 3620 ut

269 3662 627 3733 parturientis
669 3662 736 3714 -".
780 3679 798 3712 ι
837 3659 900 3714 Et
932 3659 1183 3714 Micbaaas
1217 3675 1232 3713 :
1272 3675 1290 3709 ι
1333 3658 1471 3712 Ecce
1502 3660 1615 3714 dies
1651 3659 1858 3713 Domini

269 3753 432 3810 venit
490 3752 689 3808 ardens
743 3765 802 3806 ut
851 3752 1147 3807 clibanus:
1197 3760 1249 3805 et
1308 3751 1642 3806 comburet:
1699 3762 1858 3808 erunt

267 3859 469 3902 comes
493 3845 640 3913 impii
667 3855 720 3899 ct
747 3856 1077 3913 peccatores,
1106 3843 1248 3898 sicut
1285 3843 1518 3913 stipula;
1555 3856 1606 3898 et
1634 3861 1860 3901 succcn-

269 3941 372 3994 det
396 3952 487 3992 eos
538 3937 651 3992 dies
686 3938 952 3992 veniens:
994 3948 1050 3990 et
1104 3953 1210 3990 non
1268 3935 1604 4005 relinquetur
1657 3955 1721 3994 ex
1777 3941 1857 3995 eis

273 4046 492 4096 ramus,
546 4046 724 4100 neque
774 4033 925 4085 radix
972 4030 1040 4083 '°.
1077 4031 1343 4099 Aggmus:
1384 4048 1400 4081 t
1448 4032 1640 4085 Adhuc
1688 4033 1857 4087 semel

269 4139 379 4194 ego
413 4124 759 4178 commovebo
780 4137 966 4178 omnes
990 4132 1176 4191 gentes
1199 4120 1264 4173 δι.
1295 4140 1312 4172 ι
1345 4121 1547 4176 [suiasz
1582 4139 1599 4172 t
1633 4119 1852 4177 lttdtlnlll

273 4215 478 4270 cwlum
539 4216 798 4279 tenebris,
832 4223 886 4268 et
938 4213 1092 4282 quasi
1142 4213 1378 4267 cilicium
1427 4228 1624 4282 ponam
1679 4216 1856 4283 Operi-

275 4315 522 4362 ntentum
550 4305 664 4374 ejus
686 4306 762 4362 δ’.
798 4323 815 4357 ι
850 4303 1018 4359 David
1049 4322 1061 4359 :
1099 4323 1116 4356 ι
1153 4304 1294 4360 Deus
1321 4307 1545 4361 deorum
1595 4308 1854 4363 DOminus

275 4402 494 4454 locutus
527 4408 629 4463 est,
660 4408 713 4453 et
763 4400 975 4453 vocavit
1025 4407 1225 4452 terram
1275 4415 1302 4451 a
1337 4399 1465 4454 solis
1509 4409 1630 4454 ortu
1686 4416 1854 4470 usque

274 4491 348 4544 ad
391 4503 645 4544 occasum
689 4505 795 4544 :ex
837 4490 966 4544 Sion
1019 4492 1231 4559 species
1265 4492 1476 4546 decoris
1508 4493 1666 4563 ejus:
1710 4494 1852 4550 Deus

1963 1996 2158 2036 carnes
2205 1997 2389 2036 eormn
2441 1986 2581 2039 sicut
2628 1997 2868 2042 stercora
2923 1989 3082 2043 boum
3117 2008 3130 2046 :
3165 2002 3219 2044 et
3263 2005 3561 2062 argentum

1963 2090 2176 2139 eorum,
2199 2084 2265 2130 'et
2300 2092 2490 2132 aurum
2525 2094 2712 2133 eorum
2760 2081 3028 2136 ventilabo
3063 2096 3316 2154 tanquam
3365 2088 3546 2156 pulve-

1965 2180 2076 2219 rem
2111 2177 2206 2232 ;et
2235 2182 2338 2220 non
2372 2170 2568 2237 potet-it
2599 2185 2790 2226 eruere
2818 2187 2914 2227 eos
2949 2173 3001 2227 in
3034 2175 3120 2230 die
3153 2176 3246 2230 ira:
3289 2177 3494 2232 Domini
3526 2194 3543 2234 :

1963 2264 2218 2333 quoniam
2279 2266 2328 2316 in
2398 2265 2518 2335 igne
2598 2267 2696 2320 zeli
2762 2267 2880 2338 ejus
2942 2279 3293 2326 consuutctur
3367 2275 3548 2330 omnis

1967 2367 2105 2411 terra
2140 2358 2209 2412 ⁸⁸.
2248 2377 2266 2410 ι
3247 2375 3249 2378 ‘

2033 2447 2328 2510 Observate
2362 2467 2513 2519 sane,
2551 2468 2656 2507 non
2687 2455 2774 2509 ait
2807 2473 2820 2512 :
2855 2456 2912 2512 in
2943 2457 3030 2512 die
3073 2459 3164 2514 ira:
3198 2473 3350 2524 meae,
3397 2462 3490 2517 sed
3522 2477 3539 2515 :

1970 2561 1987 2593 ι
2032 2542 2087 2596 In
2116 2545 2237 2614 igne
2273 2545 2374 2598 zeli
2412 2545 2550 2615 ejus,
2589 2565 2608 2599 ι
2658 2547 2943 2621 Unigenito
2977 2551 3169 2622 judicii
3208 2562 3531 2623 potestatem

1967 2637 2233 2691 tribuens.
2283 2638 2472 2709 Itaque
2525 2649 2578 2694 et
2627 2655 2778 2696 meus
2831 2623 3091 2698 servator
3137 2645 3259 2700 ait:
3300 2665 3318 2698 ι
3354 2645 3539 2716 Neque

1962 2729 2123 2786 Pater
2149 2732 2352 2799 judicat
2395 2750 2748 2806 quemquam,
2788 2738 2883 2794 sed
2916 2754 3083 2795 omne
3101 2740 3363 2810 judicium
3398 2744 3548 2800 dedit

1965 2819 2101 2877 Filio
2129 2824 2198 2876 ⁸⁸.
2239 2843 2256 2876 ι
2298 2825 2363 2880 Et
2414 2828 2482 2882 de
2534 2828 2673 2883 Filio
2722 2829 2891 2885 David
2925 2847 2939 2888 :
2975 2854 2993 2882 ι
3029 2831 3174 2901 ignis
3212 2844 3338 2888 ante
3374 2836 3545 2905 ipsum

1963 2914 2273 2983 praecedet,
2338 2929 2393 2972 et
2459 2919 2817 2976 inﬂammabit
2889 2924 2940 2977 in
3011 2925 3238 2980 circuitu
3301 2927 3548 2983 inimicos

1962 3007 2080 3076 ejus
2108 3008 2174 3063 ’°.
2215 3028 2234 3060 ι
2272 3011 2349 3065 Ειι
2407 3023 2464 3066 ιιι
2519 3013 2663 3068 Deus
2710 3015 2904 3068 iterum
2963 3016 3141 3071 veniet
3186 3033 3543 3089 corporatus;

1966 3118 2091 3154 nam
2130 3120 2268 3173 quas
2297 3107 2430 3161 alias
2461 3109 2774 3164 inimicitias
2805 3110 3025 3166 Cbrism
3050 3122 3341 3180 potuerunt
3371 3115 3546 3168 homi-

1969 3212 2063 3251 nes
2089 3199 2348 3268 objicere,
2379 3206 2674 3255 secundum
2704 3203 2940 3259 divinam
2971 3208 3084 3272 ejus
3107 3216 3160 3260 et
3185 3207 3543 3261 immortalem

1971 3300 2243 3357 naturam,
2304 3293 2405 3346 nisi
2469 3294 2705 3349 humana
2764 3297 3048 3365 Supplicia,
3101 3313 3220 3368 qua:
3268 3313 3298 3352 a
3349 3297 3546 3354 Judaeis

1969 3382 2267 3435 sustinuit?
2311 3382 2654 3452 Quapropter
2707 3401 2786 3441 va:
2837 3387 2982 3443 illius
3035 3388 3269 3444 inimicis
3322 3404 3384 3445 ea
3431 3386 3544 3446 die.

1967 3474 2112 3528 Idem
2150 3490 2367 3530 rursum
2401 3493 2414 3529 :
2447 3494 2465 3526 ι
2499 3478 2916 3533 Annuntiabunt
2940 3480 3063 3535 coeli
3093 3479 3360 3549 justitiam
3390 3484 3542 3556 ejus:

1968 3566 2228 3637 quoniam
2286 3566 2428 3624 Deus
2479 3569 2644 3638 judex
2699 3582 2777 3627 est
2807 3573 2874 3626 ".
2910 3593 2931 3626 ι
2989 3573 3238 3630 Ezechiel
3299 3592 3425 3631 vero
3471 3579 3550 3633 sic

1968 3663 2133 3714 habet
2170 3677 2184 3716 :
2229 3680 2246 3713 t
2281 3661 2646 3734 Consurgant,
2702 3667 2995 3722 ascendant
3040 3682 3230 3725 omnes
3265 3682 3449 3741 gentes
3493 3673 3546 3726 itt

1967 3750 2162 3806 vallem
2186 3751 2478 3824 Iosophat;
2507 3757 2631 3826 quia
2661 3758 2730 3812 ibi
2751 3759 2973 3826 sedebo,
3008 3769 3064 3814 ut
3087 3761 3325 3831 judicent
3357 3779 3544 3821 omnes

1966 3856 2156 3915 gentes
2193 3848 2246 3903 in
2278 3848 2531 3905 circuitu.
2572 3851 2816 3907 Emittite
2852 3852 3040 3920 falces,
3081 3856 3335 3926 quoniam
3367 3868 3546 3912 matu-

1965 3943 2107 3996 ravit
2151 3943 2378 4009 messis;
2435 3944 2674 4012 introite,
2728 3947 2969 4014 calcate,
3023 3949 3148 4018 quia
3199 3949 3414 4020 plenum
3469 3965 3549 4008 est

1965 4035 2206 4089 torcular
2243 4052 2260 4102 ;
2300 4038 2603 4092 redundant
2652 4040 2963 4108 toreularia,
3006 4041 3132 4111 quia
3181 4043 3382 4113 repleta
3422 4057 3549 4101 sunt

1964 4126 2105 4181 mala
2138 4144 2347 4184 eorum.
2380 4127 2605 4185 Sonitus
2627 4131 2864 4186 exauditi
2894 4143 3018 4187 sunt
3047 4135 3101 4188 in
3129 4136 3267 4190 valle
3290 4135 3546 4205 justitiaa:

1962 4220 2042 4274 sol
2076 4231 2130 4276 et
2164 4221 2286 4275 luna
2317 4220 2836 4288 obtenebrabnntur,
2889 4236 2942 4278 et
2981 4225 3152 4281 stellae
3182 4228 3433 4282 occidere
3465 4229 3546 4282 fa-

1962 4316 2108 4369 cient
2135 4313 2478 4381 splendorem
2521 4329 2725 4369 suum:
2767 4314 3023 4371 Dominus
3064 4326 3246 4373 autem
3297 4318 3365 4371 tle
3416 4319 3544 4372 Sion

1964 4406 2240 4470 clamabit,
2278 4415 2332 4460 et
2383 4407 2450 4460 de
2491 4403 2793 4461 Jerusalem
2835 4407 2983 4462 dabit
3025 4423 3210 4462 vocem
3267 4425 3419 4464 suam
3450 4426 3463 4466 :
3496 4420 3549 4464 et

1964 4497 2272 4552 movebitur
2309 4496 2505 4550 cmlum
2543 4508 2597 4551 et
2632 4507 2778 4551 terra
2809 4536 2824 4553 .
2859 4497 3120 4553 Dominus
3149 4511 3326 4553 autem
3361 4513 3548 4569 parcet

277 4581 570 4637 manifeste
595 4581 887 4637 veniet‘h
915 4581 1057 4646 Non,
1088 4593 1144 4635 ut
1175 4594 1317 4647 ante,
1341 4598 1670 4650 mansuetus,
1698 4585 1852 4653 quasi
1889 4631 1934 4685 ο
1965 4589 2161 4659 populo
2214 4605 2314 4644 suo
2338 4590 2406 4642 θ’.
2445 4607 2462 4641 ι
2520 4588 2589 4643 Ει.
2638 4588 2855 4645 Moses:
2892 4609 2911 4643 ι
2962 4588 3235 4645 Judicabit
3288 4590 3547 4648 Dominus

285 4676 442 4731 mitis
470 4691 667 4745 agnus,
696 4674 852 4745 quasi
893 4684 1042 4746 gutta
1076 4675 1273 4730 leniter
1302 4677 1356 4730 in
1391 4679 1558 4731 vellus
1596 4677 1854 4744 deﬂuens,

279 4768 441 4838 quasi
473 4768 592 4822 ovis
618 4769 685 4821 ad
718 4769 916 4821 caedem
957 4777 1246 4836 pertracta,
1280 4780 1334 4822 et
1379 4772 1528 4838 quasi
1577 4785 1746 4839 agnus
1778 4772 1860 4825 in-

279 4874 489 4914 nocens
521 4858 801 4912 ducendus
829 4860 892 4911 ad
924 4859 1193 4912 victimam
1219 4876 1233 4926 ;
1265 4861 1359 4915 sed
1389 4862 1623 4930 gloriose
1656 4864 1855 4929 veniet,

279 4955 333 5008 id
368 4962 476 5018 est,
505 4951 673 5020 regie,
714 4961 877 5018 atque
907 4961 965 5004 ut
1007 4950 1169 5014 Deum
1212 4955 1387 5018 decet,
1412 4947 1665 5022 angustis
1693 4957 1858 5023 stipa-

282 5057 372 5101 tus
409 5041 640 5112 angelis,
671 5045 986 5109 cunctisque
1016 5042 1186 5112 copiis
1214 5044 1523 5098 coelestibus
1545 5047 1857 5112 comitatus,

281 5141 349 5193 ab
373 5137 526 5193 omni
570 5137 895 5202 :cternitate,
927 5138 978 5189 in
1012 5152 1335 5206 omnemque
1375 5140 1758 5200 mtet'nitatem,
1805 5154 1861 5193 et

279 5231 509 5300 insuper
556 5243 810 5299 regnans.
859 5227 1034 5299 lgttut'.
1095 5248 1112 5281 ι
1153 5231 1330 5284 veniet
1377 5229 1518 5285 Deus
1555 5242 1755 5296 noster,
1804 5242 1855 5285 cl

279 5339 390 5379 non
419 5320 605 5376 silebit
635 5337 649 5374 :
687 5323 826 5391 ignis
860 5324 916 5374 in
959 5331 1253 5391 conspectu
1281 5323 1398 5388 ejus
1431 5323 1767 5389 exardescet,
1802 5335 1857 5380 et

280 5408 334 5475 in
364 5417 600 5474 circuitu
629 5415 748 5485 ejus
779 5426 1068 5485 tempestas
1096 5416 1293 5469 valida.
1331 5416 1632 5472 Advocabit
1657 5418 1851 5473 coelum

352 5678 399 5711 "
429 5675 620 5730 Matth.
647 5691 772 5742 xxv,
797 5677 886 5732 51.

285 5749 330 5781 ⁸⁸
361 5747 589 5819 Malach.
625 5749 766 5819 v,,l.
877 5748 920 5819 '7‘
969 5749 1100 5819 Agg.
1138 5763 1196 5802 ll.
1231 5748 1321 5801 25.

286 5821 332 5852 ³⁸
359 5820 524 5874 llehr.
555 5817 612 5885 2,
643 5818 727 5872 18.
808 5818 852 5851 ⁸⁷
881 5817 1046 5888 Soph.
1079 5835 1114 5881 ι,
1145 5819 1230 5871 l7.

285 5891 332 5923 ”
371 5890 481 5944 ltuo
517 5888 630 5946 Juel
675 5904 755 5957 Ill,
798 5889 978 5946 12-16.
1085 5891 1128 5921 ”
1167 5890 1318 5944 Dcal.
1351 5906 1517 5953 xuii,
1555 5890 1639 5943 56.

989 5677 1036 5708 ⁷⁸
1065 5675 1221 5730 Joan.
1254 5692 1333 5742 ιιι,
1363 5677 1447 5730 l3.
1555 5677 1596 5708 ⁷⁷
1622 5675 1742 5727 Jerc

989 5749 1100 5800 ius.
1138 5763 1196 5800 ιι.
1231 5748 1321 5800 25.
1438 5750 1480 5778 ⁸¹
1506 5746 1608 5800 lsa.
1640 5760 1690 5800 L.
1719 5745 1748 5798 5

1335 5819 1379 5850 "
1415 5819 1539 5870 ibid.
1573 5818 1658 5879 18,
1701 5817 1782 5868 l9.

1555 5677 1596 5708 ⁷⁷
1622 5671 1820 5727 Jert‘nt.
1845 5687 1928 5775 ιιὲἰ
1953 5674 2046 5775 [17.

1562 5765 1584 5775 η
1640 5760 1653 5775 .
1719 5745 1748 5775 ’ξ
1974 5746 2046 5775 ις..

1881 5743 2095 5798 "Psal.
2131 5758 2277 5805 χιιι,
2316 5743 2364 5795 i.
2436 5743 2482 5773 “
2506 5743 2639 5796 ibid.
2669 5743 2724 5806 5,
2763 5743 2814 5795 4.
2913 5745 2916 5770 ³

1858 5815 1904 5846 ⁸⁸
1938 5815 2095 5870 Joan.
2133 5829 2186 5878 ν,
2227 5814 2317 5867 22.
2394 5812 2438 5844 "
2476 5812 2620 5868 Psal.
2663 5829 2824 5873 uix.
2863 5812 2916 5866 5.

1716 5887 1760 5918 ’⁵
1792 5886 1832 5941 ll
1866 5886 2042 5941 Much.
2078 5900 2171 5949 vn,
2216 5887 2282 5951 l5;
2321 5883 2454 5939 Psal.
2495 5899 2711 5952 cxsxtv,
2749 5882 2832 5938 l4.

1969 4679 2222 4750 populum
2259 4695 2416 4734 suum
2453 4695 2468 4733 :
2502 4687 2556 4733 et
2589 4678 2643 4732 in
2681 4679 2853 4734 servis
2885 4680 3000 4736 suis
3029 4684 3399 4736 consolabitnr
3421 4686 3488 4737 ³³.
3523 4705 3540 4734 ι

1970 4774 2161 4828 Servos
2190 4772 2468 4842 appellans
2507 4782 2742 4837 sanrtos,
2797 4772 2888 4842 qui
2927 4781 2981 4827 et
3027 4772 3356 4827 meditantur
3387 4775 3548 4843 justi-

1969 4870 2073 4920 tias
2103 4867 2240 4935 ejus,
2281 4875 2332 4920 ct
2368 4865 2578 4918 faciunt
2609 4866 2859 4919 "laudata
2905 4865 3047 4934 ejus.
3087 4863 3346 4932 Populum
3391 4877 3547 4921 vocat

1971 4962 2166 5029 impios
2193 4969 2249 5014 et
2278 4969 2536 5014 nocentes
2565 4971 2879 5029 peccatores
2910 4973 2925 5011 :
2967 4958 3107 5012 unde
3135 4958 3234 5013 ltos
3259 4957 3544 5026 judicabit,

1969 5054 2024 5107 in
2057 5053 2162 5106 illis
2189 5051 2562 5106 consolabitur
2587 5050 2656 5102 ".
2696 5049 2862 5104 Isaias
2901 5049 3013 5103 haec
3045 5049 3118 5102 ita
3154 5051 3500 5118 prosequitur
3531 5070 3540 5099 :

1968 5164 1987 5199 ι
2029 5146 2174 5200 Ecce
2212 5146 2470 5198 Dominus
2496 5145 2638 5198 sicut
2669 5143 2810 5212 ignis
2831 5143 3031 5204 veniet,
3065 5152 3118 5194 et
3147 5141 3287 5196 sicut
3311 5141 3542 5211 procella

1961 5251 2156 5290 currus
2188 5235 2324 5303 ejus,
2377 5237 2599 5290 reddere
2649 5235 2702 5288 in
2739 5234 2924 5289 furore
2973 5233 3230 5287 ultionem
3277 5247 3454 5295 suam,
3491 5244 3544 5286 ct

1963 5329 2385 5396 increpationem
2417 5341 2570 5380 suam
2613 5326 2664 5380 in
2696 5324 2909 5379 ﬂamma
2942 5325 3082 5392 ignis
3109 5341 3123 5390 ;
3167 5326 3218 5378 in
3253 5325 3376 5395 igne
3398 5325 3551 5379 enim

1961 5419 2175 5474 Domini
2204 5417 2540 5490 judicabitur
2571 5417 2749 5473 omnis
2781 5431 2922 5471 terra
2954 5418 3020 5470 ³⁸.
3060 5436 3077 5468 ι
3122 5417 3288 5471 David
3321 5431 3336 5472 :
3369 5435 3388 5468 ‹
3425 5415 3540 5470 La:-

2155 5673 2199 5703 "
2236 5671 2379 5728 Eccl.
2415 5687 2492 5735 xr,
2535 5672 2632 5736 lli;
2667 5687 2764 5737 xu,
2793 5671 2846 5728 2,

2155 5758 2277 5805 ,th,
2316 5743 2364 5795 i.
2436 5742 2482 5773 “
2506 5742 2639 5796 ibid.
2669 5741 2724 5806 5,
2763 5742 2814 5795 4.

2961 5672 3000 5701 ⁷⁵⁸
3042 5669 3178 5723 Psal.
3211 5687 3376 5733 χιι-ιι,
3403 5671 3455 5737 5,
3482 5683 3535 5726 0.

2913 5741 2960 5774 ⁸⁵
2992 5739 3133 5795 Psal.
3171 5757 3287 5802 ωιι,
3322 5743 3405 5805 12,
3445 5743 3532 5798 ib.

3010 5814 3049 5843 “
3097 5813 3238 5865 Psal.
3281 5827 3439 5877 thx,
3479 5814 3530 5866 ti.

2912 5885 2954 5916 ’⁸
2994 5883 3097 5940 lsa.
3130 5897 3272 5948 uti,
3309 5882 3392 5936 ιδ.
