3816 6204
512 415 617 477 919

511 630 562 675 et
592 621 870 691 plenitudo
904 618 1025 689 ejus
1059 636 1072 673 :
1104 619 1412 691 gaudebunt
1443 619 1642 688 campi,
1681 610 1737 673 et
1763 618 1942 672 omnia
1967 631 2087 686 qme

514 714 564 765 in
596 714 674 766 eis
703 723 850 768 sunt.
886 710 1037 765 Tunc
1069 711 1416 766 essultabnnt
1447 712 1628 765 omnia
1655 710 1795 778 ligna
1828 708 2084 763 silvarum

512 821 540 858 a
574 805 710 857 facie
742 803 981 869 Domini,
1018 803 1144 873 quia
1177 802 1359 856 venit:
1395 803 1649 872 quoniam
1675 802 1826 856 venit
1848 800 2089 868 indicare

514 912 735 950 terram.
781 894 1058 949 ,ιιιιιίοιώὶι
1087 893 1274 948 orbem
1307 906 1465 953 terrae
1500 896 1552 948 in
1588 895 1862 962 aequitate,
1909 901 1960 947 et
1994 909 2088 961 po-

511 988 664 1055 pulos
701 989 752 1040 in
789 987 1015 1040 veritate
1052 1001 1147 1040 sua
1174 986 1242 1040 ".
1283 1005 1302 1037 ι
1343 985 1516 1051 Itane,
1562 983 1752 1040 vates?
1796 1000 1915 1038 cum
1947 999 2090 1038 mor-

515 1080 648 1132 tales
672 1095 860 1132 omnes
891 1081 1111 1132 horrere
1141 1088 1304 1147 atque
1335 1079 1398 1131 ad
1432 1077 1525 1131 Dei
1550 1086 1828 1147 aspectum
1862 1085 2091 1130 tremere

512 1171 602 1224 alii
639 1174 916 1239 prepiietae
947 1172 1270 1241 praedicant,
1301 1181 1354 1226 tu
1383 1171 1605 1236 caelum,
1647 1180 1868 1235 terram,
1898 1169 2088 1234 saltus,

514 1275 676 1332 atque
709 1264 874 1318 colles
911 1264 1149 1334 gaudere
1183 1280 1247 1318 ac
1277 1279 1441 1318 ovare
1458 1264 1648 1319 canis?
1682 1261 1844 1328 Sane,
1880 1263 2088 1331 inquit:

513 1355 648 1409 Nam
685 1358 908 1410 veniens
943 1357 1085 1411 Deus
1130 1357 1195 1410 iis
1229 1356 1318 1427 qui
1348 1372 1406 1411 se
1454 1367 1511 1409 ut
1558 1358 1721 1411 Deum
1752 1356 2089 1426 agnoverint,

513 1458 569 1503 ct
595 1461 864 1518 praecepta
897 1450 1252 1514 servaverint,
1281 1449 1764 1511 immortalitatem,
1795 1464 2088 1518 perennem

514 1544 703 1606 vitam,
744 1552 905 1613 atque
946 1557 1166 1612 regnum
1203 1543 1498 1612 largietur;
1543 1543 1684 1598 dicet
1714 1543 1853 1596 enim
1890 1558 1902 1594 :
1936 1562 1952 1592 ι
1991 1542 2093 1596 Ve-

515 1633 652 1698 nite,
688 1633 949 1688 benedicti
986 1633 1162 1688 Patris
1200 1637 1324 1700 mei,
1358 1635 1626 1703 possidete
1649 1646 1895 1703 paratum
1929 1634 2078 1688 vobis

517 1739 744 1792 regnum
786 1740 812 1777 a
848 1724 1236 1779 constitutione
1275 1726 1456 1779 mundi
1481 1725 1551 1780 ’⁷.
1584 1743 1603 1776 ι
1639 1724 1790 1791 Quod
1829 1725 1873 1778 si
1907 1739 2096 1778 omnes

517 1817 716 1887 campi,
753 1826 1071 1886 cunctasque
1120 1818 1344 1872 arbores
1386 1818 1663 1872 silvestres
1707 1817 2013 1887 gaudebunt
2042 1824 2093 1871 et

1735 409 2160 471 ANDRONICI
2200 406 2544 468 COMNENI
3612 409 3690 472 920

427 567 429 570 ι
512 540 690 584 tentur
722 525 866 591 coeli,
907 535 961 581 et
1005 525 1237 581 exsultet
1269 533 1410 580 terra
1443 542 1460 578 :
1490 535 1898 583 commoveatur
1933 538 2081 578 mare
2112 530 2157 587 Α
2187 520 2302 577 fore
2327 561 2342 586 ,
2399 529 2454 575 et
2492 530 2833 590 peccatorem
2891 521 2946 576 in
2991 520 3275 592 aeternum)
3331 523 3689 583 comburcndum

2189 620 2462 670 servatum
2494 613 2608 684 (53)
2649 614 2716 669 iri
2743 614 2788 671 ⁸.
2828 632 2847 668 ι
2881 612 2950 668 Et
2979 614 3031 669 id
3064 614 3285 685 quidem
3314 615 3562 688 integrum
3587 634 3692 670 nian-

2188 719 2395 769 surum,
2438 713 2494 760 et
2540 716 2879 774 peccatorem
2934 707 2985 760 in
3031 715 3290 761 aeternum
3338 707 3694 764 coniburendum

2190 806 2520 850 reservatum
2559 797 2646 851 iri.
2696 795 2845 852 Licet
2887 797 2989 866 ipsi
3046 797 3179 854 illud
3222 798 3369 867 quod
3427 813 3520 853 non
3551 798 3697 854 coniu-

2191 899 2300 942 tnat
2331 888 2468 959 (55),
2489 898 2542 944 et
2562 905 2775 954 semper
2808 890 2859 943 in
2877 889 3090 948 ﬂamma
3111 890 3364 956 retineat,
3385 902 3697 962 argumentum

2189 981 2385 1035 salutis
2427 992 2480 1036 et
2518 982 2855 1039 remissionis
2909 981 3260 1039 arbitrentur.
3318 982 3375 1036 Si
3425 996 3540 1037 vero
3583 983 3700 1036 dictis

2190 1070 2361 1126 sancti
2394 1070 2543 1125 Pauli
2580 1073 2657 1127 sic
2697 1073 3076 1138 adversantur,
3109 1082 3186 1140 et,
3240 1082 3297 1126 ut
3326 1089 3433 1128 non
3461 1072 3701 1144 Oportebat,

2191 1164 2601 1231 contradicant,
2675 1174 2853 1220 tamen
2928 1181 2954 1222 a
3031 1174 3220 1224 sancto
3292 1167 3488 1221 Davide
3565 1169 3704 1220 redar-

2193 1265 2447 1325 gnuntur.
2488 1256 2580 1312 Sic
2614 1257 2756 1312 enim
2809 1257 2923 1330 ipse
2969 1258 3155 1314 docuit
3212 1271 3434 1328 aperte,
3487 1257 3703 1314 confusio-

2193 1363 2340 1414 nem,
2370 1359 2425 1405 ct
2470 1351 2961 1420 conturbationem,
3016 1362 3071 1408 et
3124 1352 3178 1408 in
3234 1351 3503 1408 infernum
3533 1366 3710 1407 conver-

2194 1441 2403 1495 sionem
2460 1442 2847 1509 sempiternam
2911 1441 3067 1508 fore,
3134 1445 3365 1499 mendax
3420 1455 3498 1499 est
3545 1443 3707 1498 illorum

2194 1533 2528 1602 exspectatio
2575 1533 2802 1603 alicuius
2843 1534 2931 1590 vel
2988 1535 3278 1592 levissimae
3314 1535 3631 1594 cessationis.
3667 1535 3715 1588 Et

2196 1628 2304 1682 alio
2334 1625 2539 1696 psalmo
2570 1628 2782 1697 quidem
2816 1630 2945 1689 dicit
2977 1649 2988 1682 :
3020 1649 3039 1681 ι
3073 1630 3334 1697 Quoniam
3361 1631 3586 1702 probasti
3621 1645 3709 1692 nos,

2196 1719 2379 1778 Deus:
2411 1723 2534 1792 igne
2580 1737 2682 1776 nos
2721 1724 3048 1779 examinain
3099 1723 3243 1778 sicut
3293 1725 3617 1778 examinator
3655 1737 3720 1772 ar-

2201 1825 2420 1888 gentum
2450 1829 2466 1869 :
2502 1814 2765 1870 induxisti
2801 1830 2900 1870 nos
2936 1815 2989 1870 in
3020 1815 3295 1884 laqueum,
3338 1815 3557 1884 posuisti
3592 1813 3722 1868 tribu-

517 1910 753 1962 ovahunt
775 1949 790 1974 ,
830 1917 884 1961 at
917 1908 968 1962 in
999 1908 1178 1975 priore
1216 1908 1470 1973 adventu,
1500 1920 1627 1962 tunc
1657 1907 1798 1961 enim
1822 1906 2094 1977 gaudium,
2132 1881 2171 1934 Β
2201 1907 2430 1962 lationes
2463 1907 2514 1960 in
2548 1907 2712 1962 dorso
2747 1917 2969 1974 nostro;
3003 1907 3304 1977 imposuisti
3335 1907 3574 1962 homines
3599 1921 3724 1974 soper

519 2009 576 2053 et
596 1999 902 2053 ovationem
929 2001 1106 2054 omnia
1140 2013 1293 2054 nacta
1319 2012 1442 2054 sunt
1471 2010 1754 2055 :caeterum
1781 2000 1835 2053 in
1859 1999 2098 2053 secundo

517 2089 645 2159 justi
679 2090 942 2142 duntaxat
977 2088 1044 2144 iis
1074 2090 1370 2158 potientur.
1399 2086 1678 2158 Siquidem
1711 2085 2096 2148 exsecrabiles,

518 2191 682 2251 atque
734 2182 785 2234 in
844 2181 1169 2235 exteriorem
1223 2181 1396 2250 ignem
1450 2183 1739 2244 abeuntes,
1801 2179 2094 2247 ingentem,

519 2272 954 2338 intolerabilem,
1007 2274 1332 2327 acerrimam
1393 2272 1780 2327 ustulationem
1839 2271 2093 2325 sentient.

521 2365 706 2430 Quare
741 2381 864 2420 cum
915 2367 1068 2433 dicit,
1134 2385 1152 2418 ι
1190 2366 1327 2432 Quia
1368 2364 1538 2428 venit,
1578 2382 1596 2415 ι
1633 2363 1864 2433 priorem
1895 2365 2099 2417 adven-

524 2473 638 2512 tum
676 2458 980 2529 signiﬁcat;
1019 2475 1141 2514 cum
1177 2458 1402 2528 repetit,
1463 2476 1480 2508 ι
1521 2457 1786 2524 Quoniam
1834 2458 1980 2510 venit
2013 2455 2102 2526 ju-

521 2553 704 2606 dicare
759 2561 983 2618 terram,
1021 2570 1040 2604 s
1099 2552 1328 2608 alterum
1393 2557 1789 2620 repraesentat,
1851 2563 1956 2618 quo
1995 2563 2100 2601 non

525 2644 749 2698 libertas
785 2655 949 2714 atque
997 2643 1164 2711 salus,
1206 2644 1300 2700 sed
1353 2643 1629 2697 damnatio
1675 2656 1737 2695 ac
1781 2642 2101 2710 supplicium

523 2747 733 2807 agetur.
772 2734 905 2789 Nam
962 2736 1189 2791 Crantor
1245 2746 1299 2791 et
1354 2735 1614 2790 Dominus
1659 2751 1779 2787 cum
1837 2733 2103 2788 inclinans

521 2831 692 2886 cozlos
737 2832 1035 2899 descendit,
1087 2847 1150 2886 ac
1196 2831 1579 2900 benignitatem
1627 2847 1781 2887 suam
1813 2829 2100 2900 probavit;

527 2942 637 2983 tum
688 2928 752 2983 de
805 2929 1155 2992 humanitate,
1203 2936 1314 2983 tum
1363 2927 1433 2982 de
1461 2927 1666 2997 judicio
1700 2937 1928 2982 teStatus
1961 2935 2089 2980 est:

527 3023 595 3076 de
625 3021 711 3074 illa
745 3036 867 3075 cuin
897 3022 973 3075 ait
1000 3038 1014 3076 :
1045 3039 1064 3072 ‹
1099 3019 1200 3087 Qui
1221 3020 1388 3075 credit
1415 3019 1466 3074 in
1492 3036 1596 3084 me,
1620 3019 1831 3075 etiamsi
1862 3029 2106 3072 mortuus

525 3112 710 3180 fuerit,
743 3114 890 3166 vivet
923 3130 938 3166 :
973 3121 1028 3168 et
1062 3113 1239 3167 omnis
1284 3113 1375 3181 qui
1433 3113 1563 3166 vivit
1599 3120 1652 3166 et
1690 3111 1865 3166 credit
1902 3111 1954 3164 in
1991 3125 2097 3175 me,

2202 1999 2377 2069 capita
2403 2008 2618 2054 nostra.
2650 1999 3028 2054 Transivimus
3058 2017 3155 2069 per
3187 2002 3364 2071 ignem
3398 2010 3453 2056 et
3483 2010 3724 2070 aquam,ct

2201 2093 2462 2149 ioduxisti
2519 2108 2617 2147 nos
2653 2093 2704 2146 in
2745 2093 3082 2164 refrigerium
3106 2094 3150 2148 ’.
3188 2111 3206 2144 ι
3250 2093 3356 2151 Sed
3413 2093 3497 2149 hic
3542 2101 3725 2145 tantum.

2203 2185 2318 2242 Non
2351 2188 2494 2241 enim
2526 2187 2626 2242 nisi
2659 2187 2827 2242 solam
2859 2188 3141 2256 praesentis
3175 2187 3297 2242 vitae
3331 2187 3728 2256 inaequalitatem.

2201 2290 2255 2334 et
2292 2280 2650 2334 humanarum
2701 2294 2882 2336 rerum
2930 2279 3363 2345 conversionem,
3411 2295 3474 2335 ac
3505 2277 3731 2332 vicissitu-

2204 2373 2384 2428 dinem
2418 2373 2484 2428 iis
2517 2374 2695 2429 verbis
2741 2373 3058 2429 declaravit.
3109 2373 3208 2429 Hic
3252 2389 3444 2429 eorum
3489 2372 3732 2443 perniciem

2203 2461 2542 2530 exploratius
2593 2463 2995 2528 demonstrans,
3033 2463 3260 2520 subdit:
3294 2482 3312 2515 ι
3349 2462 3420 2517 Ει
3459 2469 3738 2532 cognoscant

2205 2554 2329 2622 quia
2381 2569 2576 2608 nomen
2613 2556 2707 2610 tibi
2761 2555 3063 2611 Dominus:
3096 2566 3148 2611 tu
3189 2556 3336 2612 solus
3381 2558 3672 2611 Altissimus
3699 2555 3736 2606 in

2205 2644 2349 2698 omni
2397 2654 2540 2698 terra
2568 2644 2613 2696 ⁸.
2650 2664 2668 2696 ι
2713 2644 2791 2698 Tu
2821 2645 2967 2698 solus
3002 2660 3290 2714 supremus
3330 2660 3415 2710 es,
3460 2646 3544 2711 qui
3571 2643 3692 2700 solus
3719 2655 3741 2693 c

2205 2736 2475 2803 supremis
2495 2738 2848 2798 descendisti,
2874 2738 3127 2806 solusque
3148 2739 3283 2793 citra
3314 2748 3594 2806 peccatum
3617 2736 3742 2788 homo

2203 2829 2404 2895 factus,
2434 2829 2501 2884 ob
2533 2828 2679 2883 omni
2715 2831 3022 2882 mternitate
3058 2828 3315 2881 Dominus
3365 2841 3419 2881 et
3459 2827 3614 2881 totius
3644 2826 3741 2878 uni-

2207 2922 2348 2978 versi
2377 2938 2470 2976 rex
2504 2931 2667 2992 atque
2693 2920 2832 2976 Deus
2858 2938 2938 2976 es.
2965 2922 3243 2976 Consonat
3275 2921 3466 2975 Davidi
3497 2922 3559 2974 de
3577 2931 3744 2974 attento

2205 3015 2470 3085 supplicio
2495 3025 2546 3068 et
2572 3015 2744 3071 Isaias
2777 3033 2790 3069 :
2829 3033 2848 3066 ι
2885 3014 3076 3069 Veniet
3119 3014 3298 3067 omnis
3331 3028 3484 3075 caro,
3514 3023 3569 3064 ut
3593 3013 3742 3064 adoret

2207 3107 2261 3160 in
2304 3115 2598 3175 censpectu
2662 3121 2780 3160 meo
2840 3106 2894 3160 in
2948 3105 3269 3168 Jerusalem,
3321 3105 3455 3158 dicit
3507 3106 3744 3158 Dominus.

524 3219 631 3256 non
663 3203 920 3257 morietur
943 3203 994 3256 in
1010 3210 1270 3256 :eternum
1295 3200 1360 3254 νθ.
1395 3220 1412 3252 ι
1447 3198 1683 3255 Tandem
1710 3200 1835 3254 alibi
1869 3199 2100 3254 declarat
2130 3237 2170 3295 Ο
2213 3198 2274 3252 Ει
2319 3197 2683 3267 egredientur,
2741 3207 2793 3252 et
2844 3199 3104 3252 videbunt
3155 3199 3425 3251 cadavera
3483 3197 3743 3253 hominum

526 3293 913 3364 benignitatem
947 3311 960 3347 :
998 3311 1015 3344 ι
1046 3291 1161 3349 Non
1187 3293 1304 3347 veni
1333 3307 1524 3346 vocare
1554 3293 1756 3361 justos,
1795 3293 1886 3346 sed
1911 3305 2101 3361 pecca-

528 3399 674 3441 tores
708 3387 775 3441 ad
807 3386 1181 3455 ptenitentiam
1208 3387 1274 3438 '9.
1316 3405 1333 3436 ι
1380 3384 1451 3440 De
1480 3386 1683 3455 judicio
1717 3400 1883 3453 agens
1917 3386 1988 3437 ita
2016 3384 2099 3437 lo-

525 3481 751 3550 quitur:
793 3498 810 3530 ι
851 3479 907 3533 Si
945 3494 1050 3533 non
1087 3481 1377 3543 venissem,
1411 3489 1463 3533 et
1501 3478 1709 3531 locutus
1751 3479 1969 3532 luissem
2002 3476 2099 3540 eis,

538 3580 822 3643 peccatum
848 3589 954 3627 non
989 3574 1246 3628 haberent
1274 3589 1284 3624 :
1323 3586 1465 3625 nunc
1493 3581 1669 3624 autem
1704 3570 2104 3624 excusationem

527 3679 634 3719 ron
669 3666 868 3719 habent
908 3667 974 3720 de
1015 3673 1236 3734 peccato
1279 3681 1378 3720 suo
1405 3666 1419 3695 ¹
1451 3680 1464 3727 ;
1497 3683 1516 3716 ›
1555 3676 1608 3719 et
1659 3679 1872 3716 rursum
1908 3680 1921 3719 :
1955 3681 1969 3711 I
2006 3661 2108 3728 Qiti

527 3771 616 3811 me
646 3757 923 3827 negaverit
951 3771 1135 3811 coram
1166 3757 1492 3821 hominibus,
1531 3756 1736 3826 negabo
1768 3765 1821 3808 et
1851 3769 1949 3824 ego
1980 3771 2101 3807 eum

530 3861 719 3900 coram
763 3845 922 3901 Patre
959 3860 1115 3912 meo,
1160 3848 1251 3915 qui
1301 3849 1351 3900 in
1402 3847 1553 3900 castis
1586 3855 1667 3899 est
1691 3848 1734 3894 ε.
1769 3864 1786 3895 ι
1835 3846 2008 3914 Atque
2057 3845 2110 3897 id

530 3952 722 3992 verum
755 3952 878 3993 esse
905 3936 1139 3996 ostendit
1169 3935 1333 3992 Vates
1364 3955 1377 3989 :
1416 3954 1434 3986 ι
1476 3935 1884 3990 Coninndantur
1924 3949 2112 3988 omnes

531 4036 622 4104 qui
660 4038 890 4088 adorant
913 4031 1205 4100 sculptilis,
1254 4042 1308 4086 et
1341 4032 1431 4100 qui
1481 4030 1781 4100 gloriantur
1809 4029 1860 4082 in
1889 4028 2112 4083 simula-

532 4127 643 4182 cris
675 4126 789 4182 suis
811 4125 857 4180 ³.
891 4143 910 4176 ι
944 4123 1196 4193 Idemque
1223 4123 1287 4178 de
1318 4123 1530 4192 perdite
1555 4122 1828 4177 sceleratis
1860 4138 1872 4175 :
1907 4141 1924 4173 ι
1951 4122 2115 4191 Imple

533 4216 704 4273 facies
735 4231 922 4272 eorum
964 4215 1283 4286 ignominia,
1315 4226 1369 4269 et
1411 4221 1649 4284 quaerent
1689 4229 1884 4267 nomen
1932 4223 2104 4280 tuum,

533 4309 787 4364 Domine.
837 4305 1176 4361 Erubeseant
1221 4318 1273 4360 et
1316 4307 1706 4358 conturbentur
1752 4303 1803 4357 in
1859 4305 2111 4358 sarculum

536 4402 717 4458 sinenti
751 4417 767 4456 :
803 4411 857 4455 et
886 4397 1293 4456 confundantur
1326 4409 1377 4452 et
1408 4404 1632 4467 pereant
1655 4396 1696 4448 δ.
1736 4414 1754 4447 ι

608 4495 814 4550 Doceat
849 4504 1028 4549 autem
1058 4507 1341 4563 poenarum
1385 4492 1542 4545 tinem
1577 4492 1710 4557 fore,
1765 4498 1818 4543 et
1857 4490 2112 4561 piaculari

2209 3292 2298 3359 qui
2343 3290 2682 3358 prazvaricati
2727 3299 2853 3343 sunt
2887 3291 2939 3345 in
2983 3307 3089 3346 me.
3146 3291 3360 3347 Vermis
3409 3295 3552 3349 enim
3597 3306 3746 3346 eorum

2209 3399 2314 3438 non
2357 3386 2639 3450 morietur,
2672 3396 2728 3439 et
2760 3384 2898 3454 ignis
2927 3401 3112 3440 eorum
3141 3402 3248 3440 non
3287 3389 3656 3457 exstinguetur
3680 3402 3691 3437 :
3712 3393 3751 3435 et

2208 3491 2365 3532 erunt
2409 3480 2458 3531 in
2502 3479 2761 3534 visionem
2809 3480 2956 3534 omni
3006 3481 3225 3536 carni’.
3262 3499 3279 3532 ι
3334 3481 3523 3535 Daniel
3571 3496 3753 3552 quoque

2210 3573 2264 3627 in
2311 3574 2558 3628 eumdem
2613 3574 2828 3628 modum
2886 3574 2952 3628 de
3007 3577 3310 3629 aeternitate
3353 3576 3750 3645 suppliciorum:

2220 3687 2238 3718 σ
2279 3666 2429 3720 Multi
2463 3669 2527 3721 de
2562 3666 2643 3720 bis
2685 3667 2772 3734 qui
2813 3668 3087 3722 dormiunt
3118 3669 3170 3721 in
3215 3679 3373 3722 terrae
3402 3669 3638 3738 pulvere,
3665 3665 3759 3725 evi-

2215 3759 2494 3828 gilabunt:
2531 3759 2620 3812 aiii
2655 3759 2706 3812 in
2737 3761 2903 3813 vitam
2936 3772 3216 3826 retentam,
3271 3771 3324 3815 et
3371 3761 3462 3815 alii
3513 3762 3564 3814 io
3594 3772 3759 3828 appro-

2215 3854 2389 3908 brium
2440 3863 2496 3907 et
2542 3853 2911 3908 confusiOnem
2983 3863 3260 3908 aeternam.
3318 3853 3384 3910 Et
3436 3853 3765 3921 intelligentes

2215 3947 2494 4018 fulgebunt
2534 3947 2687 4016 quasi
2729 3946 2983 4016 splendor
3013 3949 3341 4002 ilrmamenti
3375 3964 3391 4001 :
3440 3959 3496 4003 et
3536 3948 3599 4000 de
3631 3944 3764 4014 justi:

2218 4039 2459 4106 plurimi,
2491 4039 2641 4108 quasi
2684 4037 2852 4092 stellae
2883 4039 2936 4093 in
2970 4038 3190 4102 sarcula,
3231 4047 3283 4092 et
3319 4038 3459 4092 ultra
3491 4038 3557 4093 “.
3587 4057 3604 4090 ι
3639 4033 3764 4101 Quod

2218 4132 2263 4185 si
2298 4131 2411 4185 haec
2461 4131 2714 4184 vaticinia
2753 4131 2896 4186 dicta
2951 4131 3139 4186 insane
3191 4131 3464 4185 ardebunt
3516 4140 3763 4187 evertere,

2222 4223 2431 4277 Domini
2473 4231 2619 4275 certe
2653 4222 2945 4290 exploratis
2995 4223 3176 4278 verbis
3222 4223 3664 4284 continebuntur,
3695 4235 3769 4272 ne-

2220 4313 2393 4383 gantis
2442 4315 2702 4384 majorem
2741 4329 2860 4368 esse
2917 4315 3049 4369 hero
3103 4330 3346 4377 servum,
3401 4326 3498 4369 aut
3546 4324 3770 4383 praestare

2223 4403 2545 4474 discipulum
2578 4406 2854 4474 magistro.
2885 4403 2976 4458 ille
3007 4404 3149 4459 enim
3182 4406 3401 4476 proprie
3440 4417 3499 4460 et
3530 4419 3651 4458 vere
3677 4415 3769 4455 ma-

2223 4492 2390 4560 gister
2420 4503 2520 4556 est,
2558 4494 2646 4560 qui
2701 4492 2791 4544 Dei
2843 4501 2897 4546 et
2946 4490 3128 4548 Patris
3176 4493 3549 4558 voluntatem,
3601 4494 3678 4546 (ιιι
3708 4501 3772 4543 est

536 4590 660 4658 igne
691 4593 908 4656 peccata
946 4593 1322 4653 consumptum
1361 4584 1426 4638 iri
1454 4582 1788 4648 existimant,
1819 4598 1881 4636 ac
1912 4582 1990 4635 sic
2020 4580 2115 4634 de-
2151 4615 2194 4673 υ
2229 4594 2520 4653 potestate,
2551 4595 2605 4638 et
2635 4585 2860 4652 honore,
2888 4594 3049 4655 atque
3081 4597 3271 4640 natura
3303 4603 3422 4656 par,
3460 4602 3568 4641 non
3593 4594 3770 4640 tantum

542 4681 708 4750 nique
742 4680 804 4732 ad
836 4691 1125 4746 perennem
1155 4677 1319 4731 vitam
1343 4684 1504 4744 atque
1533 4674 1860 4743 voluptatem
1888 4673 2118 4731 transire

544 4780 890 4842 exspectant,
926 4770 1382 4840 interpretatione
1418 4769 1560 4823 illius
1598 4767 1752 4822 Pauli
1793 4769 2112 4824 sententiae:

553 4883 570 4915 ι
614 4863 750 4930 Quia
791 4863 843 4916 in
877 4864 999 4933 igne
1024 4861 1386 4927 revelabitur;
1419 4870 1472 4914 et
1515 4862 1946 4931 uniuscujusque
1986 4874 2122 4930 opus

543 4959 703 5028 quale
741 4959 832 5021 sit,
877 4957 1014 5028 ignis
1071 4955 1322 5025 probabit
1363 4971 1379 5010 :
1424 4955 1466 5008 si
1510 4953 1662 5022 cujus
1711 4971 1847 5023 opus
1899 4956 2122 5018 arserit,

544 5052 927 5106 detrimentum
973 5049 1249 5117 patietur:
1283 5048 1398 5118 ipse
1441 5058 1620 5101 autem
1658 5048 1836 5102 salvus
1873 5048 1998 5109 crit,
2044 5049 2123 5102 sic

543 5156 722 5198 tamen
747 5143 903 5213 quasi
927 5157 1019 5212 per
1044 5142 1222 5211 ignem
1244 5142 1288 5194 ⁸.
1318 5157 1334 5191 ι
1366 5141 1471 5194 Sed
1496 5141 1611 5210 (5'2)
1639 5141 1780 5195 enim
1809 5144 2121 5209 neutiquam

545 5232 928 5301 suppliciorum
989 5232 1149 5283 linem
1209 5232 1320 5284 haec
1372 5240 1641 5294 nstruont,
1691 5233 1782 5284 sed
1815 5244 1997 5284 contra
2026 5246 2123 5296 po-

547 5325 656 5380 tius
705 5339 892 5379 eorum
945 5334 1329 5393 augmentum;
1387 5329 1463 5393 (et
1521 5326 1572 5379 id
1636 5326 1851 5392 quidem
1917 5339 2129 5391 semper

618 5507 667 5539 “
706 5505 854 5560 Psal.
900 5521 1023 5569 xcv,
1064 5506 1148 5571 ll,
1187 5507 1274 5559 12.

547 5581 569 5611 ’
609 5579 794 5631 Matth.
837 5595 892 5637 rt,
935 5578 1024 5632 55.

551 5649 768 5715 41,12.

1350 5506 1392 5536 ’⁷
1433 5504 1621 5560 Matth.
1671 5520 1800 5569 xxv,
1843 5506 1931 5560 54.

1103 5578 1122 5606 ³
1153 5577 1295 5629 Psal.
1329 5590 1472 5641 xcvr,
1506 5577 1554 5628 7.

858 5647 1045 5702 “Psal.
1091 5663 1298 5714 Lxxxtt,
1363 5649 1446 5702 19.
1524 5649 1543 5678 ⁸
1577 5646 1680 5701 lsa.
1725 5664 1868 5711 LXVI,
1901 5650 1990 5701 25.

626 5809 738 5879 (59)
773 5808 1053 5877 lnterpres
1092 5811 1272 5864 omisit
1308 5811 1374 5865 Η
1409 5811 1596 5865 lineas.

629 5881 740 5953 iss,
784 5881 855 5931 te
887 5880 1044 5933 σῶον.

2009 5503 2055 5538 ’⁸
2093 5505 2244 5562 Joan.
2279 5525 2340 5571 ιι,
2375 5509 2466 5569 25,
2491 5507 2582 5562 26.

1653 5575 1674 5606 ⁸
1711 5576 1854 5631 Psal.
1897 5593 2096 5634 LXXXII.
2144 5578 2229 5630 i7.

2072 5650 2112 5678 ‘°
2148 5649 2281 5702 Dan.
2314 5665 2411 5716 xit,
2443 5650 2498 5714 ‘2,
2543 5652 2596 5704 ὃ.

2226 4674 2408 4731 auditu
2452 4677 2674 4730 edoctus
2711 4676 2992 4746 discipulis
3035 4677 3292 4745 prodidit.
3341 4679 3475 4743 Quae
3506 4691 3591 4732 est
3621 4687 3774 4729 autent

2226 4765 2432 4835 liquida
2471 4766 2778 4822 Servatoris
2805 4767 3117 4822 sententia?
3155 4785 3175 4820 ι
3213 4768 3277 4822 Et
3317 4770 3470 4823 ibunt
3505 4769 3557 4824 hi
3591 4769 3640 4822 in
3671 4780 3778 4836 sop-

2228 4856 2445 4924 plicium
2470 4869 2732 4913 (uernum
2759 4860 2846 4932 (de
2871 4859 3118 4914 sontibus
3149 4861 3393 4932 ioquens)
3421 4878 3436 4916 :
3461 4863 3596 4932 justi
3624 4873 3777 4914 autem

2234 4950 2284 5003 in
2320 4951 2485 5005 vitam
2521 4963 2779 5007 aeternam
2807 4953 2872 5006 ιι.
2909 4972 2927 5004 ι
2975 4954 3038 5006 Et
3070 4953 3363 5010 Michatas:
3399 4973 3417 5007 ι
3465 4957 3605 5012 Ecce
3639 4953 3778 5012 venit.

2234 5045 2368 5097 dicit
2395 5045 2653 5098 Dominus
2686 5048 3030 5116 omnipotens
3061 5066 3075 5100 :
3110 5057 3162 5100 et
3197 5048 3318 5116 quis
3343 5049 3637 5102 sustinebit
3663 5048 3782 5099 diem

2234 5137 2494 5190 adventus
2527 5136 2666 5204 ejus,
2700 5148 2792 5191 aut
2845 5143 2966 5207 quis
3038 5139 3182 5195 ferre
3230 5143 3429 5210 poterit
3485 5151 3541 5194 ut
3586 5135 3784 5208 aspiciat

2235 5230 2402 5283 eum?
2439 5232 2562 5299 quia
2600 5232 2714 5299 ipse
2749 5231 3073 5301 ingreditur,
3109 5234 3264 5303 quasi
3305 5234 3440 5304 ignis
3477 5226 3787 5290 conﬂatoris.

2237 5335 2290 5374 t‘l
2349 5324 2498 5391 quasi
2559 5323 2726 5379 herba
2769 5325 3086 5379 lavantium.
3148 5327 3372 5382 Sedebit
3430 5327 3694 5386 conﬂatis,
3743 5333 3787 5375 ei

2682 5513 2729 5544 ν’
2770 5509 2952 5563 Matth.
3000 5525 3051 5562 is
3077 5547 3092 5570 ,
3143 5511 3230 5567 15.
3332 5512 3348 5542 ί
3389 5507 3552 5566 Joan.
3587 5525 3673 5574 xv,
3711 5506 3786 5560 29..

2321 5581 2341 5609 ⁵
2388 5579 2402 5631 l
2438 5578 2562 5633 Cor.
2604 5597 2685 5645 ιιι,
2724 5581 2806 5637 t5.
2857 5580 2940 5633 M.
3021 5583 3041 5611 ⁸
3082 5581 3213 5635 ihid.
3269 5582 3355 5636 15.
3446 5581 3472 5612 ⁷
3513 5579 3660 5638 Psal.
3688 5595 3794 5640 tu,

2321 5665 2411 5715 ιιι,
2443 5650 2498 5714 ‘2,
2543 5652 2596 5704 ὃ.
2677 5656 2716 5683 ⁸⁸
2764 5651 2948 5705 Matth.
2983 5666 3109 5715 xxv,
3148 5651 3232 5708 46.

2318 5810 2427 5881 (54)
2471 5807 2564 5865 γει
2601 5809 2738 5865 forte
2773 5823 3072 5867 consumat.
