4004 6206
286 387 388 454 921

1355 393 1481 453 DIA
1493 393 1742 456 LOGUS
1781 391 2088 455 CONTRA
2114 389 2446 454 JUDEOS.

3435 390 3540 462 922

283 501 580 557 emundant
623 501 761 560 sicut
813 511 1138 574 argentum,
1193 509 1246 558 et
1290 503 1432 559 sicut
1487 520 1677 560 aurum
1729 505 1794 560 ι’.
1841 524 1860 558 ι
1896 515 1939 573 Α
1969 507 2242 562 incoctum
2273 522 2287 558 :
2319 515 2373 560 et
2421 503 2583 556 homo
2631 500 2805 572 magis
2861 501 3156 557 honoratus
3198 503 3329 564 erit,
3367 520 3530 573 quam

281 595 440 662 Quod
473 594 546 648 illi
583 593 799 651 Davidis
831 596 1104 665 gettainum
1135 604 1219 650 est
1251 613 1268 651 :
1301 615 1321 650 ι
1355 597 1498 667 Ignis
1527 606 1660 654 ante
1682 598 1862 667 ipsum

280 688 580 759 praecedet,
646 698 702 744 et
773 688 1131 744 inﬂammabit
1197 690 1249 744 in
1314 690 1548 745 citmitu
1609 691 1865 748 inimicos

279 782 400 849 ejus
426 781 498 836 ³⁸.
533 799 552 833 ι
591 780 854 836 Salomon
887 780 962 835 ita
1007 796 1120 835 rem
1158 782 1419 852 proponit
1450 799 1467 837 :
1503 801 1523 834 ι
1564 782 1715 839 Tunc
1746 794 1862 838 sta-

285 872 420 930 bunt
443 873 577 940 justi
616 875 670 927 in
722 888 914 945 magna
947 873 1256 929 constantia
1293 875 1559 930 adversus
1601 891 1719 942 eos,
1771 876 1860 946 qui

278 980 339 1021 se
357 966 898 1035 angustiaverunt,et
921 966 1010 1034 qui
1045 965 1383 1022 abstulerunt
1407 966 1617 1022 labores
1645 983 1859 1023 comm.

279 1058 545 1112 Videntes
578 1056 939 1112 turbabuntur
974 1060 1172 1113 timore
1200 1058 1468 1124 horribili,
1496 1069 1552 1115 et
1583 1060 1864 1116 mirabun-

279 1163 370 1205 tur
405 1154 458 1206 in
491 1151 828 1207 subitatione
859 1152 1152 1220 insperatae
1179 1152 1371 1208 salutis
1399 1153 1464 1211 “.
1499 1171 1519 1206 ι

349 1275 620 1329 Caeterum
660 1272 826 1325 David
863 1287 965 1325 non
1009 1271 1273 1339 judicium
1323 1272 1504 1335 modo,
1548 1272 1641 1328 sed
1682 1273 1860 1330 locum

277 1365 631 1436 adeojudicii
659 1365 920 1435 prodidit,
949 1365 999 1418 in
1037 1365 1153 1419 hzee
1188 1366 1348 1420 verba
1377 1381 1390 1420 :
1425 1383 1442 1417 ι
1481 1365 1716 1421 Lretatus
1740 1381 1860 1420 sum

275 1460 332 1514 in
389 1462 476 1514 his
522 1475 646 1530 qua:
700 1459 843 1513 dicta
895 1469 1021 1513 sunt
1061 1457 1213 1524 mihi,
1273 1459 1326 1513 in
1382 1459 1598 1513 domum
1653 1458 1892 1514 Domini'

276 1551 529 1604 ibimus:
564 1551 790 1606 Stantes
836 1559 996 1604 erunt
1035 1551 1197 1620 pedes
1244 1551 1413 1606 nostri
1469 1553 1519 1604 in
1573 1552 1725 1605 atriis
1757 1551 1863 1606 tuis

273 1640 585 1698 Jerusalem
619 1641 986 1707 :Jerusalem,
1036 1661 1157 1714 qua:
1203 1643 1509 1698 aedificatur
1558 1654 1614 1696 ut
1642 1643 1858 1710 civitas,

270 1736 439 1806 cujus
497 1735 849 1806 participatio
902 1735 1023 1803 ejus
1088 1737 1139 1790 in
1197 1737 1464 1806 idipsum;
1525 1736 1653 1790 illuc
1715 1737 1858 1790 enim

267 1829 645 1883 a‘seenderunt
683 1830 877 1894 tribus,
931 1830 1105 1884 tribus
1160 1829 1422 1896 Domini,
1489 1831 1856 1885 testimonium

1972 594 2108 665 lapis
2135 595 2204 648 de
2233 592 2453 664 Snpbir.
2478 591 2691 647 Caium
2715 592 2860 646 enim
2887 591 3284 661 indignabitur,
3315 601 3371 649 et
3396 603 3538 650 terra

1973 689 2374 746 concutietura
2426 685 2800 740 fundamentis
2848 687 2982 752 suis,
3035 695 3254 754 propter
3303 686 3541 742 furorem

1969 785 2065 840 im
2099 782 2310 838 Domini
2349 783 2609 849 Sabaoth,
2649 783 2698 837 in
2727 782 2816 836 die
2845 781 2959 846 illa,
3007 797 3128 851 quas
3169 783 3544 852 supervenerit

1966 875 2124 930 furor
2140 874 2330 944 ejus”.
2347 892 2365 926 ι
2394 874 2511 928 Alio
2535 874 2653 928 loco
2675 874 2752 928 sic
2775 873 2915 926 idem
2944 872 3129 926 isthmc
3153 874 3502 942 prosequitur
3527 891 3539 928 :

1974 987 1993 1020 ι
2030 967 2341 1038 Consurget
2386 966 2646 1022 Dominus
2697 966 2933 1020 Sabaoth
2990 965 3042 1019 in
3096 967 3232 1020 valle
3279 966 3540 1021 Gabaon:

1965 1076 2088 1118 cum
2131 1059 2315 1115 furore
2347 1059 2513 1114 faciet
2550 1074 2710 1128 opera
2759 1074 2880 1126 sua,
2923 1059 3298 1113 amaritudinis
3336 1073 3539 1129 opera:

1967 1153 2120 1208 furor
2174 1153 2293 1224 ejus
2354 1152 2532 1208 alieno
2603 1163 2808 1217 utetur,
2885 1162 2940 1207 et
2999 1154 3303 1208 amaritudo
3372 1155 3544 1209 aliena

1963 1256 2021 1301 et
2086 1261 2180 1300 vos
2229 1246 2399 1301 nolite
2452 1246 2645 1313 laetari,
2705 1261 2880 1315 neque
2927 1247 3302 1302 confortentur
3329 1248 3544 1303 vincula

1966 1349 2145 1394 vestra
2183 1355 2196 1391 :
2230 1340 2356 1409 quia
2399 1348 2809 1408 consummatas
2853 1347 2907 1394 et
2948 1340 3289 1394 abbreviatas
3333 1355 3420 1396 res
3449 1357 3546 1395 an-

1965 1434 2072 1489 divi
2107 1449 2135 1487 a
2174 1433 2404 1488 Domino
2465 1433 2727 1496 Sabaoth,
2772 1445 2909 1502 quas
2962 1432 3203 1488 facturus
3254 1444 3334 1488 est
3384 1447 3545 1500 super

1964 1542 2182 1583 omnem
2219 1539 2420 1583 terram
2445 1528 2512 1596 η.
2552 1547 2571 1580 ι
2610 1528 2670 1582 ΕΙ
2708 1525 2886 1597 capite
2918 1528 3167 1596 sequenti
3200 1528 3315 1583 haec
3347 1527 3540 1587 habet:

1971 1636 1990 1670 ι
2026 1619 2160 1673 Cum
2192 1620 2431 1675 viderint
2459 1636 2621 1691 opera
2672 1636 2827 1685 mea,
2876 1620 3295 1675 sanctiﬁcsbunt
3346 1635 3542 1675 nomen

1965 1728 2170 1779 meum,
2205 1721 2261 1768 et
2311 1714 2734 1770 sanctificabunt
2773 1724 3016 1768 sanctum
3069 1714 3237 1784 ipsius
3277 1713 3444 1769 Jacob
3490 1727 3546 1769 et

1963 1802 2131 1858 Deum
2183 1806 2350 1860 lsrael
2401 1805 2758 1862 timebunt".
2809 1823 2830 1858 ι
2893 1810 3060 1861 Amos
3115 1807 3228 1861 hrec
3278 1806 3540 1875 reliquit:

269 1877 643 1883 ----------__--
686 1877 877 1894 ---_---,
933 1877 1102 1884 --ηπ
1160 1877 1422 1896 -,.-.--.-,

266 1922 464 1990 Israel,
516 1925 583 1977 ad
635 1922 998 1979 conﬁtendum
1051 1925 1257 1979 nomini
1298 1924 1552 1979 Domini:
1585 1925 1710 1992 quia
1748 1924 1850 1978 illic

1972 1916 1992 1950 ‹
2028 1896 2394 1964 Quiasdiiicat
2423 1901 2478 1952 in
2526 1899 2666 1954 coelo
2726 1898 3096 1954 ascensionem
3143 1914 3316 1963 suam,
3373 1909 3425 1952 et
3461 1915 3547 1954 se~

268 2015 540 2070 sederunt
577 2015 628 2068 in
655 2016 885 2084 judicio,
918 2016 1076 2069 sedes
1111 2033 1278 2086 super
1303 2019 1522 2070 domum
1558 2017 1723 2071 David
1750 2017 1848 2070 ".s

264 2106 342 2162 Et
378 2107 589 2163 isaias:
631 2127 649 2159 ι
689 2107 841 2162 Tunc
901 2110 1063 2163 stabit
1116 2112 1167 2163 in
1215 2109 1420 2178 judicio
1468 2109 1747 2176 Dominus,
1800 2120 1855 2166 et

262 2209 481 2254 statuet
517 2200 582 2256 ad
624 2201 889 2270 judicium
941 2203 1194 2271 populum
1228 2218 1409 2256 suum.
1442 2199 1556 2272 Ipse
1596 2203 1854 2256 Dominus

263 2293 338 2348 ad
365 2293 634 2364 judicium
669 2295 851 2348 veniet
887 2310 1007 2346 cum
1057 2293 1363 2355 senioribus
1413 2293 1612 2360 populi,
1648 2301 1699 2347 et
1732 2309 1852 2347 cum

262 2386 614 2462 principibus
660 2387 777 2454 ejus
802 2386 866 2440 ⁸⁸.
900 2404 919 2438 ι
963 2385 1026 2439 Et
1055 2401 1273 2440 rursum
1309 2402 1325 2440 :
1367 2404 1383 2436 ι
1424 2384 1546 2440 Ilaec
1581 2388 1715 2441 dicit
1751 2387 1853 2440 Do-

266 2480 477 2533 minus.
534 2478 626 2532 Die
679 2477 766 2531 illa
824 2477 1102 2532 illucescet
1162 2476 1300 2531 Deus
1351 2477 1402 2530 in
1454 2477 1678 2532 consilio
1728 2490 1850 2530 cum

260 2568 446 2638 gloria
501 2583 661 2635 super
709 2574 937 2634 terram,
990 2578 1046 2622 ut
1083 2567 1291 2621 exaltet
1325 2577 1378 2622 et
1420 2567 1683 2636 gloriticet
1718 2567 1851 2621 resi-

258 2659 439 2713 duum
474 2656 661 2713 lsrael.
695 2658 761 2711 Et
790 2660 919 2724 erit,
947 2659 1088 2726 quod
1118 2657 1384 2726 reliquum
1419 2656 1579 2712 fuerit
1610 2659 1662 2712 in
1695 2657 1846 2724 Sion,

255 2762 317 2805 et
353 2751 494 2820 quod
526 2752 852 2805 remanserit
882 2751 935 2804 in
961 2749 1289 2815 Jerusalem,
1316 2752 1488 2805 sancti
1515 2752 1851 2805 vocabuntur

253 2859 461 2898 omnes
499 2844 686 2914 scripti
726 2845 790 2898 ad
829 2845 990 2898 vitam
1035 2845 1087 2898 in
1117 2842 1442 2898 Jerusalem.
1482 2843 1675 2897 Abluet
1705 2845 1846 2898 enim

264 2935 536 2990 Dominus
559 2937 775 2989 sordem
802 2934 1034 2989 filiorum
1060 2946 1112 2990 et
1143 2935 1371 2988 filiarum
1405 2935 1557 2999 Sion,
1581 2945 1633 2989 et
1655 2951 1850 2990 emun-

252 3027 416 3081 dabit
448 3027 769 3097 sanguinem
803 3029 867 3083 de
893 3029 1072 3082 medio
1099 3042 1290 3081 eorum
1323 3027 1373 3079 in
1406 3029 1601 3096 spiritu
1631 3028 1844 3098 judicii,

254 3128 322 3172 et
358 3117 551 3187 spiritu
613 3120 1094 3174 cetnbustiouis".
1128 3138 1143 3170 ι
1176 3119 1276 3174 Ubi
1338 3135 1437 3188 per
1495 3123 1600 3174 duo
1644 3121 1846 3184 judicia

1965 1991 2254 2045 caritatem
2322 2006 2474 2047 suam
2534 2005 2698 2061 super
2747 1999 2948 2045 terram
3013 1988 3203 2044 fundat
3252 2007 3265 2044 :
3311 1992 3401 2059 qui
3455 2005 3549 2045 vo-

1962 2092 2052 2136 cat
2104 2097 2301 2152 aquam
2352 2085 2544 2147 maris,
2596 2094 2653 2139 et
2706 2081 2932 2138 effundit
2976 2097 3097 2138 eam
3147 2097 3312 2154 super
3350 2082 3546 2138 faciem

1963 2183 2121 2230 terra:
2149 2175 2213 2229 ⁸³.
2253 2194 2272 2228 ι

2033 2286 2230 2343 Notate
2259 2289 2549 2360 diligenter
2578 2298 2897 2359 conceptam
2931 2291 3150 2346 inverso
3180 2290 3371 2347 ordine
3410 2306 3540 2347 sen-

1964 2381 2213 2434 tentiam.
2272 2379 2406 2434 Nam
2453 2382 2594 2449 quod
2649 2382 2804 2446 dicit,
2845 2383 3150 2450 hujusmodi
3195 2393 3276 2438 est
3304 2400 3318 2438 :
3348 2383 3539 2439 Omni-

1959 2487 2152 2544 patens
2185 2475 2311 2541 ille,
2361 2484 2415 2529 et
2461 2475 2705 2531 universi
2754 2476 2973 2532 molitor
3025 2476 3189 2543 Dens,
3238 2479 3328 2549 qui
3379 2479 3546 2536 maris

1963 2582 2137 2636 aquas
2172 2567 2226 2621 in
2263 2567 2429 2623 totius
2460 2578 2616 2623 terrae
2648 2568 2824 2623 solum
2855 2567 3100 2634 effundit,
3138 2570 3203 2625 ad
3237 2578 3541 2625 extremum

1962 2661 2016 2715 in
2053 2671 2251 2715 terram
2298 2676 2452 2715 suam
2498 2661 2852 2717 subilitatem
2888 2662 3147 2733 deﬁgens,
3182 2663 3234 2717 id
3264 2674 3372 2726 est,
3403 2662 3541 2716 citra

1961 2763 2243 2822 peceatum
2279 2754 2440 2807 homo
2471 2753 2649 2810 factus
2683 2755 2834 2824 (nam
2866 2756 3137 2809 stabilitas
3160 2756 3230 2809 sit
3269 2755 3393 2810 Filii
3423 2770 3544 2810 coro

1961 2842 2094 2912 pus)
2153 2844 2484 2910 incarnatus,
2541 2853 2596 2899 et
2640 2855 2926 2899 contraeto
2977 2861 3207 2914 corpore
3258 2847 3401 2900 inter
3446 2859 3545 2902 nos

1959 2949 2148 2990 servos
2192 2945 2462 3000 versatus,
2521 2952 2649 2991 suos
2700 2938 2752 2992 in
2800 2939 2936 2992 (σξιο
2983 2939 3184 3008 gradus
3233 2939 3538 2996 aediﬁcavit.

1958 3022 2072 3079 Joel
2109 3043 2119 3077 :
2161 3043 2179 3076 ‹
2219 3023 2310 3079 Sol
2341 3037 2690 3082 convertetur
2723 3029 2775 3082 in
2808 3029 3082 3094 tenebras,
3110 3041 3162 3084 et
3189 3031 3314 3084 luna
3341 3032 3390 3083 in
3418 3047 3542 3085 san-

1958 3118 2198 3185 guinem,
2251 3129 2545 3190 antequam
2601 3122 2781 3175 veniat
2828 3122 2943 3175 dies
2979 3121 3187 3175 Domini
3224 3138 3449 3192 magnus
3486 3132 3544 3179 et.

260 3213 568 3280 requietem
597 3224 758 3280 atque
782 3214 1299 3282 pmnamsigniticat.
1334 3212 1642 3280 rEtveuiet
1669 3215 1848 3268 [)omi-
1878 3251 1919 3307 Ο
1960 3213 2208 3267 illustris.
2258 3214 2321 3266 Et
2360 3215 2462 3267 erit
2504 3231 2520 3271 ;
2573 3213 2767 3268 Omnis
2818 3217 2907 3284 qui
2959 3217 3296 3270 invocaverit
3345 3235 3537 3272 nomen

261 3315 473 3368 nus,et
494 3303 597 3357 erit
620 3305 797 3359 intutis
839 3305 988 3360 locus
1031 3306 1229 3360 montis
1258 3305 1411 3371 Sion,
1441 3317 1493 3360 et
1521 3307 1699 3360 omnia
1729 3323 1847 3376 qua:

259 3394 326 3449 in
366 3395 591 3450 circuitu
620 3396 736 3467 ejus
782 3406 929 3467 sunt,
966 3399 1310 3452 obumbrabit
1351 3401 1523 3452 nubes
1556 3413 1651 3466 per
1682 3400 1845 3467 diem,

255 3496 323 3543 et.
351 3495 604 3556 tanquam
644 3489 815 3555 fumo,
840 3498 893 3543 et
922 3490 1038 3544 luce
1074 3491 1212 3560 ignis
1238 3492 1462 3544 ardente
1494 3506 1588 3559 per
1614 3501 1847 3557 noctem,

251 3597 320 3643 et
359 3588 501 3642 omni
544 3570 715 3659 gloria
750 3599 1085 3658 protegctur.
1143 3585 1207 3640 Et
1257 3589 1362 3642 erit
1412 3587 1464 3642 in
1502 3589 1746 3642 umbram
1779 3592 1848 3643 ab

251 3691 398 3736 aestu
439 3693 535 3748 per
565 3680 731 3743 diem,
782 3687 834 3732 et
881 3679 934 3733 in
982 3681 1402 3748 protectionent,
1437 3689 1489 3734 et
1535 3681 1587 3734 in
1622 3680 1847 3736 abscon-

253 3773 477 3826 sionem
531 3772 597 3823 ab
648 3772 939 3840 asperitate
982 3781 1034 3825 et
1069 3770 1246 3841 pluvia
1277 3771 1343 3826 ¹⁸.
1384 3789 1402 3823 ι
1439 3788 1456 3821 ‹
1496 3769 1560 3824 Et
1594 3771 1846 3826 humilia-

256 3867 414 3920 bitur
447 3860 627 3928 humo,
657 3874 711 3916 et
736 3862 1169 3916 dehonorabitur
1197 3864 1300 3927 vir,
1333 3873 1386 3918 et
1407 3864 1548 3918 oculi
1586 3865 1847 3921 sublimes

255 3957 734 4016 Immiliabuntttr;
773 3965 826 4008 et
870 3956 1199 4010 cxaltabitur
1237 3955 1497 4011 Dominus
1525 3954 1762 4011 Sabaoth
1791 3957 1844 4011 in

253 4053 485 4125 judicio,
509 4061 563 4108 et
586 4051 726 4106 Deus
748 4061 971 4105 sanctus
994 4049 1386 4119 glorificabitur
1419 4049 1472 4104 in
1495 4049 1710 4126 justitia
1740 4049 1804 4100 ⁸⁸.
1821 4066 1840 4102 ι

256 4151 330 4204 Et
373 4148 498 4203 alibi
531 4165 546 4202 ε
578 4165 596 4200 t
634 4147 807 4215 Pmpe
857 4156 940 4199 est
995 4148 1109 4200 dies
1157 4145 1390 4208 Domini,
1435 4155 1490 4198 et
1532 4145 1786 4199 contritio
1812 4158 1844 4198 a

256 4242 372 4296 Deo
397 4241 596 4294 veniet.
649 4241 879 4308 Pr0pter
924 4238 1022 4292 hoc
1064 4237 1241 4291 omnis
1274 4251 1466 4289 manus
1497 4235 1844 4302 dissolvetur,

258 4343 320 4388 et
349 4333 528 4387 omnis
564 4331 741 4383 anima
797 4328 1034 4383 hominis
1080 4327 1412 4381 fortnidabit.
1457 4324 1847 4383 Turbabuntur

261 4423 456 4497 legati,
489 4430 544 4476 et
577 4421 792 4475 dolores
829 4436 920 4473 eos
950 4419 1226 4478 tenebunt,
1255 4418 1407 4488 quasi
1447 4419 1689 4472 mulieris
1719 4435 1844 4488 par-

261 4515 525 4571 turientis
556 4533 570 4568 :
607 4523 662 4567 et
691 4510 1058 4565 condolebunt
1088 4508 1225 4564 alter
1258 4510 1321 4564 ad
1367 4508 1620 4574 alterum,
1653 4522 1707 4565 et
1731 4517 1846 4563 stu-

1960 3304 2193 3371 Domini,
2235 3306 2414 3361 salvus
2445 3305 2641 3361 erit".
2679 3326 2695 3358 ι
2745 3307 2807 3361 Iit
2847 3324 2942 3376 per
2973 3309 3304 3378 Suphoniam
3358 3310 3531 3365 Deus:

1962 3417 1978 3448 ι
2021 3397 2318 3452 'I‘ribulaho
2353 3399 2620 3464 homines,
2658 3410 2708 3453 et
2741 3399 3094 3456 ambulabunt
3141 3411 3196 3455 ut
3229 3403 3379 3467 creci,
3406 3405 3533 3472 quia

1959 3490 2186 3544 Domino
2223 3494 2676 3561 peccaverunt".
2711 3511 2729 3543 ι
2771 3491 3031 3562 Equidem
3057 3509 3160 3548 non
3200 3494 3334 3548 dixit
3362 3495 3536 3561 Deus;

1955 3583 2079 3650 quia
2115 3585 2247 3637 mihi
2298 3595 2682 3651 peccaverunt,
2731 3587 2824 3639 sed
2876 3586 3126 3650 Domino,
3171 3587 3375 3642 scilicet
3408 3589 3540 3642 cha-

1954 3679 2172 3733 rissimo
2225 3677 2384 3732 Filio.
2428 3676 2615 3747 Itaque
2665 3689 2717 3732 et
2773 3676 3033 3732 Dominus
3103 3695 3254 3734 meus
3307 3680 3537 3748 majores

1953 3781 2163 3826 vestros
2216 3769 2498 3840 alloquens
2545 3771 2621 3824 ait
2657 3789 2673 3827 z
2713 3789 2731 3823 ι
2769 3771 2829 3825 lu
2864 3771 3128 3842 judicium
3171 3787 3271 3837 ego
3306 3773 3356 3827 in
3391 3774 3536 3829 hunc

1953 3860 2213 3913 mundum
2251 3859 2370 3914 veni
2406 3876 2420 3912 :
2456 3867 2514 3912 ut
2543 3859 2632 3926 qui
2662 3875 2767 3913 non
2811 3861 3014 3917 videttt.
3051 3861 3294 3929 videant,
3339 3871 3394 3916 et
3438 3864 3532 3930 qui

1951 3951 2156 4016 vident,
2207 3951 2334 4006 caeci
2387 3951 2607 4005 ﬂant".
2654 3969 2672 4003 ι
2711 3949 3019 4008 Jeremias:
3058 3969 3076 4002 ι
3107 3951 3311 4022 Aspexi
3362 3969 3534 4023 super

1955 4053 2152 4098 terram
2180 4062 2194 4098 :
2218 4053 2273 4097 et
2301 4057 2427 4096 ecce
2459 4042 2590 4097 nihil
2625 4060 2639 4097 :
2675 4044 2805 4098 etin
2843 4042 3036 4098 caelum
3065 4060 3079 4108 ;
3118 4053 3171 4098 et
3216 4061 3319 4098 non
3366 4057 3521 4100 erant

1954 4133 2155 4187 lumina
2199 4133 2336 4202 ejus,
2400 4143 2455 4186 et
2507 4133 2615 4186 vidi
2671 4143 2918 4199 montes;
2965 4145 3018 4187 et
3056 4150 3182 4188 ecce
3222 4144 3376 4190 erant
3424 4145 3533 4193 tre-

1953 4236 2186 4292 mentes,
2210 4237 2264 4281 et
2287 4242 2478 4282 onmes
2511 4225 2674 4281 colles
2702 4227 2944 4283 turbatos
2970 4243 2996 4280 a
3024 4228 3164 4283 facie
3183 4228 3394 4283 Domini
3414 4231 3481 4284 ’7.
3508 4251 3524 4283 ι

1952 4321 2019 4376 Et
2047 4319 2259 4375 David:
2294 4337 2312 4371 t
2353 4319 2519 4384 Vidit,
2558 4329 2612 4373 et
2648 4329 2919 4373 commota
2963 4329 3048 4374 est
3096 4329 3237 4373 terra
3269 4339 3282 4375 :
3314 4333 3526 4378 montes

1950 4428 2006 4471 et
2037 4423 2226 4471 omnes
2269 4415 2436 4470 colles
2479 4415 2623 4467 sicut
2677 4428 2799 4466 cera
2851 4414 3164 4468 ﬂuxerunt:
3204 4416 3328 4483 quia
3381 4419 3530 4470 venit

1952 4509 2251 4573 Dominus,
2321 4508 2575 4574 quoniam
2643 4507 2790 4559 venit
2834 4506 3081 4575 judicare
3141 4518 3338 4562 terram
3384 4509 3448 4562 ’⁸.
3504 4528 3522 4562 ι

260 4609 488 4678 pebunt,
531 4616 586 4659 et
616 4603 809 4658 faciem
861 4617 1012 4655 snam
1055 4601 1212 4670 quasi
1248 4598 1487 4667 flamma,
1535 4602 1844 4656 mutabunt.
1881 4610 1924 4666 ι)
1956 4631 2022 4640 —
2067 4619 2083 4651 ‹
2119 4599 2389 4654 iudicabit
2439 4597 2624 4653 orbem
2672 4608 2830 4652 terra:
2885 4599 2938 4652 in
2993 4603 3268 4669 aaquitate,
3321 4610 3373 4656 et
3428 4616 3529 4671 po-

257 4701 405 4756 Ecce
438 4699 581 4752 enim
606 4697 723 4752 dies
765 4693 980 4748 Domini
1009 4697 1154 4747 venit
1187 4694 1529 4760 insanabilis,
1562 4692 1761 4748 furoris
1788 4703 1843 4747 et

259 4796 378 4856 iraa,
417 4792 482 4845 ad
512 4792 816 4859 ponendum
845 4791 1030 4841 orbem
1065 4796 1222 4839 terra:
1254 4785 1552 4853 desertum,
1576 4796 1629 4838 et
1654 4801 1845 4855 pecca-

260 4897 412 4937 tores
450 4882 755 4949 perdendos
785 4895 849 4932 ex
887 4894 971 4932 eo.
1015 4877 1197 4931 Stellae
1235 4881 1377 4930 enim
1412 4876 1530 4931 creti
1560 4887 1613 4930 et
1653 4876 1840 4945 Orion,

256 4989 308 5031 et
336 4975 522 5030 omnis
554 4981 779 5027 ornatus
811 4971 957 5035 caeli,
991 4985 1098 5024 non
1132 4971 1339 5026 dabunt
1360 4969 1575 5035 lumen;
1611 4981 1664 5024 et
1691 4972 1842 5025 obte-

260 5068 639 5124 nebrabuntur
665 5066 880 5120 Oriente
909 5064 1058 5128 sole;
1106 5071 1155 5116 et
1190 5061 1312 5116 luna
1347 5079 1453 5117 non
1488 5066 1632 5118 dabit
1663 5066 1838 5118 lumen

259 5179 448 5221 suum.
483 5161 548 5214 Et
588 5159 854 5214 mandabo
886 5157 1155 5211 universae
1189 5167 1346 5211 terra:
1383 5164 1546 5221 mata,
1581 5168 1634 5212 et
1666 5159 1842 5228 impiis

262 5265 486 5331 peccata
524 5268 710 5309 eorum
744 5269 760 5308 :
790 5261 844 5305 et
886 5253 1105 5320 perdam
1152 5249 1460 5319 superbiam
1505 5250 1838 5316 iniquorum,

260 5362 315 5407 et
355 5347 738 5410 contumeliam
791 5342 1147 5412 superborum
1196 5341 1517 5398 humiliabo.
1567 5341 1632 5396 Et
1678 5351 1841 5397 erunt

263 5444 356 5518 qui
395 5438 638 5498 derelicti
674 5437 892 5500 fuerint,
937 5433 1188 5490 honorati
1240 5434 1413 5503 magis
1445 5450 1608 5504 quam
1641 5449 1837 5488 aurum

337 5664 382 5697 ι’
414 5661 527 5716 Imo
556 5656 787 5710 Malach.
821 5668 905 5719 III,
937 5653 993 5708 2.
1075 5650 1118 5683 "
1149 5648 1293 5705 PsaI.
1325 5665 1472 5714 xcvr,
1508 5649 1563 5705 5.
1643 5647 1826 5719 "Sap

270 5737 381 5793 1-4.
464 5729 510 5762 ’⁸
551 5729 688 5783 Ibid.
725 5727 780 5788 5,
815 5725 870 5780 6.
966 5723 1006 5756 "
1049 5723 1151 5778 ISa.
1189 5736 1243 5789 v,
1290 5721 1497 5793 15,16.

269 5791 434 5866 Amos
470 5817 545 5863 ιχ,
580 5802 636 5854 u.
739 5797 787 5828 ιι
826 5794 942 5849 Joei
985 5810 1044 5859 ιι,
1077 5795 1167 5866 at.
1274 5793 1319 5825 ιι
1355 5791 1524 5866 SOph.
1567 5791 1751 5866 i,_t7.

270 5863 324 5935 is.
399 5877 446 5909 "
478 5872 623 5929 Psal.
671 5883 796 5934 xcv,
837 5867 925 5921 I3.
1004 5866 1046 5898 “
1078 5863 1235 5921 Joan.
1275 5877 1389 5930 xw,
1421 5863 1475 5919 6.

1833 5649 2033 5717 .v,I.

1601 5721 1646 5753 ³ο
1688 5718 1945 5786 lsa.xm,

1859 5792 1905 5822 "
1933 5791 2088 5851 Joan.
2121 5809 2202 5859 χι,
2243 5793 2332 5850 '59.

1556 5866 1597 5896 “
1634 5862 1735 5918 Isa.
1777 5878 1832 5928 tt,
1877 5864 1964 5932 ii,
2003 5865 2057 5918 4.

1955 4695 2108 4766 pulos
2163 4694 2214 4748 in
2263 4695 2489 4747 veritate
2532 4707 2628 4745 sua
2656 4693 2723 4747 ".
2759 4710 2778 4744 ι
2825 4690 3041 4748 Veritas
3087 4707 3264 4749 autem
3307 4703 3390 4748 est
3442 4696 3529 4766 ip-

1950 4789 2064 4843 sius
2128 4784 2469 4855 Unigenitus,
2545 4796 2603 4838 ut
2640 4784 2691 4837 in
2736 4783 3027 4852 Evangelio
3061 4787 3171 4855 ipse
3201 4788 3528 4843 confirmat:

1957 4907 1975 4933 ς
2011 4879 2125 4950 Ego
2157 4895 2274 4934 sum
2318 4880 2428 4942 via,
2461 4879 2662 4933 veritas
2695 4885 2748 4933 et
2781 4878 2890 4935 vita
2917 4878 2984 4934 ³⁸.
3021 4897 3039 4930 ι
3108 4879 3172 4932 Et
3213 4878 3380 4936 Isaias
3427 4884 3529 4938 ite-

1953 4990 2071 5029 rum
2108 4991 2123 5029 :
2160 4992 2178 5024 ι
2213 4970 2557 5027 Exaltahitur
2592 4969 2856 5026 Dominus
2896 4973 3046 5028 solus
3094 4972 3147 5027 in
3178 4973 3264 5028 die
3311 4975 3434 5039 illa;
3473 4988 3529 5032 et

1950 5076 2142 5137 arguet
2171 5065 2425 5135 pupulum
2458 5063 2684 5118 multum
2705 5064 2773 5121 ³¹.
2808 5083 2828 5117 ι
2859 5064 3099 5130 Quorum
3127 5067 3410 5122 verborum
3439 5069 3528 5125 hic

1950 5168 2036 5214 est
2077 5175 2293 5214 sensus.
2331 5156 2523 5211 Veniet
2560 5156 2813 5213 Christus
2862 5160 2914 5211 in
2960 5159 3200 5223 sublimi,
3239 5160 3398 5230 inque
3427 5177 3524 5216 sua

1949 5253 2130 5306 divina
2175 5250 2484 5319 majestate,
2537 5251 2627 5319 qui
2659 5250 3041 5306 condemnabit
3066 5267 3170 5304 non
3193 5266 3403 5315 omnes,
3431 5257 3524 5308 sed

1949 5344 2334 5408 refractarios,
2370 5351 2422 5398 et
2472 5359 2594 5398 eum
2642 5358 2751 5397 non
2809 5342 3090 5397 reveritos.
3142 5343 3208 5398 Et
3259 5359 3354 5411 per
3391 5345 3529 5400 Ezec

1950 5437 2178 5492 chiclem
2214 5437 2397 5491 Deus:
2437 5455 2454 5488 ι
2494 5435 2945 5506 Unumqnemque
2996 5437 3050 5490 in
3097 5437 3200 5492 viis
3231 5439 3343 5494 suis
3377 5439 3530 5510 judi-

2115 5651 2158 5683 ’⁸
2195 5651 2340 5706 Psal.
2364 5661 2512 5710 cut.
2547 5649 2668 5704 1-5.
2746 5651 2790 5682 ¹⁶
2825 5649 2925 5706 Isa.
2957 5665 3038 5717 m,
3072 5653 3158 5707 15.
3237 5650 3407 5707 "lsa.
3450 5657 3525 5711 tv.

2043 5721 2196 5776 6-13.
2273 5723 2316 5754 "
2375 5721 2754 5789 l‘sal._xxvm,
2785 5722 2876 5776 21.
2954 5724 3000 5754 “
3040 5723 3141 5777 lsa.
3173 5739 3264 5789 xx,
3308 5723 3399 5778 23.
3479 5723 3524 5754 "

2427 5793 2473 5826 '7
2513 5787 2715 5848 Jerem.
2762 5807 2835 5860 tv,
2863 5792 2955 5850 25.
3034 5794 3080 5828 ³⁸
3119 5787 3263 5851 Psal.
3295 5809 3440 5858 ιω,
3467 5792 3524 5860 4,
