4004 6206
502 378 610 445 923

1769 386 2094 451 JOANNIS
2132 388 2402 452 PHOCE

3646 397 3754 461 994

490 474 628 527 rabo
652 488 744 528 vos
770 476 963 529 domus
987 475 1150 534 lsrael
1172 480 1236 532 υ.
1271 498 1289 533 ι
1320 477 1453 534 Vivo
1474 493 1593 549 ego,
1620 479 1750 534 dicit
1780 467 2066 541 Dominus.
2098 484 2144 542 Α
2177 482 2433 537 transibit
2465 496 2480 535 :
2516 491 2569 538 et
2600 497 2823 554 regnum
2863 484 3004 555 ejus,
3034 486 3176 555 quod
3211 501 3314 542 non
3346 498 3751 558 corrumpetur.

494 564 632 629 Quid
660 567 739 620 ait
783 571 976 624 vates?
1008 572 1158 627 itane
1191 582 1249 626 ut
1278 573 1405 627 vita
1426 582 1701 628 auctorem
1734 572 1917 627 vivere
1940 586 2067 642 pro-

496 660 701 723 titeare,
757 660 849 729 qui
898 662 1147 728 spiritum
1198 674 1249 717 et
1292 664 1457 717 vitam
1505 662 1717 718 cunctis
1758 662 2067 719 viventibus

494 748 864 817 iuspiraverit.
896 750 1060 813 Sane.
1099 754 1305 821 inquit,
1352 769 1458 808 non
1493 752 1789 809 secundum
1824 752 2067 807 divinam

494 851 739 895 naturam
779 842 942 896 Deum
979 846 1161 899 vivere
1206 846 1501 908 continuo,
1538 846 1673 901 nihil
1709 845 1888 899 minus
1920 844 2067 915 (jam

491 946 554 985 ea
586 932 909 989 immortalis
944 944 1027 989 est
1074 946 1136 990 ac
1169 939 1445 1007 perennis)
1496 939 1591 995 sed
1631 938 1931 995 secundum
1966 939 2069 993 hu-

490 1040 727 1079 manam.
783 1024 980 1084 Factus
1032 1033 1176 1085 enini
1214 1042 1297 1086 est
1347 1042 1570 1103 propter
1613 1049 1710 1089 nos
1763 1033 1925 1088 homo
1982 1032 2071 1087 ille

495 1118 775 1173 hominum
812 1124 1244 1187 amantissimus,
1290 1136 1346 1179 et
1386 1127 1711 1196 corruptela:
1744 1126 2069 1195 permissum

490 1228 685 1280 corpus
744 1214 810 1267 ad
871 1224 1176 1269 extremum
1231 1218 1537 1271 immortale
1594 1228 1647 1272 et
1697 1218 2071 1287 incorruptum

493 1305 751 1371 reddidit,
805 1320 868 1359 ac
921 1314 1182 1375 perpetuo
1231 1307 1497 1361 victurum
1548 1309 1819 1377 produxit.
1859 1307 1925 1361 Et
1954 1308 2075 1377 quis

492 1414 621 1454 vero
653 1412 755 1465 est,
790 1400 881 1469 qui
912 1416 1033 1455 eum
1078 1402 1351 1469 peremit?
1385 1404 1601 1458 lsraelis
1636 1416 1827 1473 genus,
1863 1403 1952 1470 qui
1986 1398 2077 1455 Pi-

494 1494 667 1547 latum
703 1494 781 1547 sic
821 1496 1060 1565 aggressi
1118 1504 1287 1549 sunt:
1328 1514 1345 1547 ι
1387 1497 1611 1550 Domine
1661 1494 1929 1550 recordati
1982 1508 2077 1549 su-

501 1604 643 1651 mus,
678 1589 804 1657 quia
849 1591 1104 1649 seductor
1140 1590 1235 1643 ille
1270 1589 1409 1643 dixit
1456 1590 1631 1645 adhuc
1674 1590 1861 1645 vivens
1896 1608 1909 1643 :
1949 1587 2079 1643 Post

498 1691 613 1736 tres
647 1684 760 1736 dies
784 1698 1090 1754 resurgam.
1125 1683 1261 1739 Jube
1290 1698 1421 1754 ergo
1452 1683 1714 1740 custodiri
1745 1682 2077 1751 sepulcrum,

494 1791 664 1845 usque
691 1777 743 1830 in
776 1778 916 1831 diem
955 1778 1173 1831 tertium
1209 1794 1223 1833 :
1264 1793 1332 1832 ne
1378 1777 1517 1833 forte
1565 1778 1788 1832 veniant
1828 1777 2077 1847 discipuli

2174 571 2398 629 Horruit
2444 574 2667 645 spiritus
2718 590 2891 644 meus,
2947 576 2999 631 in
3056 579 3240 633 habitu
3279 595 3418 642 meo.
3460 590 3512 634 et
3558 596 3757 635 sensus

2172 681 2349 733 meus,
2378 676 2432 721 et
2461 682 2557 724 cor
2588 684 2766 724 meum
2812 671 3089 725 turbatum
3140 670 3263 726 fuit.
3316 672 3382 727 Et
3428 672 3636 729 accessi
3686 675 3754 727 ad

2172 770 2338 811 unum
2387 757 2781 824 assistentium,
2828 770 2883 815 et
2934 762 3214 817 veritatem
3243 766 3557 833 quaerebam
3590 764 3663 818 ab
3691 778 3757 818 eo

2174 854 2385 910 discere
2417 856 2484 911 de
2519 857 2774 911 omnibus
2807 858 2914 913 his.
2964 858 3028 912 Et
3071 859 3211 914 dixit
3257 860 3386 914 mihi
3438 860 3751 920 veritatem.

2170 958 2228 1002 et
2256 945 2760 1017 interpretationem
2783 964 3097 1005 sermonum
3120 962 3305 1006 notam
3331 954 3460 1008 mihi
3494 952 3625 1009 fecit
3649 954 3715 1005 ³⁷.
3732 972 3750 1003 ι

2170 1064 2245 1080 ~—-
2274 1056 2291 1089 ι
2331 1035 2419 1102 Et,
2450 1038 2506 1092 in
2542 1046 2785 1110 tempore
2806 1040 2899 1095 illo
2922 1054 3214 1109 consurget
3238 1042 3464 1097 Michael
3497 1044 3756 1111 princeps

2174 1146 2426 1199 magnus,
2456 1132 2546 1201 qui
2574 1141 2679 1186 stat
2707 1148 2804 1201 pro
2830 1134 2954 1189 liliis
2977 1136 3156 1205 pepuli
3191 1136 3287 1189 Ini.
3318 1135 3384 1189 Et
3408 1136 3507 1189 erit
3538 1144 3754 1205 tempus

2177 1224 2545 1281 tribulationis
2568 1225 2846 1283 tribulatio
2871 1228 3048 1296 qualis
3075 1243 3178 1282 non
3211 1227 3329 1293 fuit,
3360 1244 3423 1281 ex
3450 1243 3559 1297 quo
3578 1227 3754 1281 lactus

2175 1326 2259 1371 est
2290 1318 2450 1371 homo
2496 1333 2663 1387 super
2697 1329 2921 1381 terram.
2957 1335 3128 1388 usque
3163 1320 3229 1374 ad
3260 1330 3470 1389 tempus
3509 1319 3658 1372 illud.
3690 1315 3759 1371 Et

2176 1403 2231 1460 in
2270 1416 2509 1476 tempore
2541 1407 2628 1463 illo
2661 1408 2959 1464 salvabitur
2995 1408 3223 1480 populus
3272 1418 3391 1463 tuus
3433 1408 3635 1475 omnis,
3661 1408 3756 1477 qui

2176 1501 2417 1570 scriptus
2449 1502 2613 1556 fuerit
2643 1502 2698 1556 in
2745 1503 2882 1557 libro
2916 1518 2932 1556 :
2964 1512 3018 1558 et
3067 1502 3219 1556 multi
3263 1500 3329 1556 de
3361 1500 3445 1555 his
3492 1500 3585 1569 qui
3632 1500 3760 1554 dor-

2178 1597 2353 1651 miunt
2393 1594 2447 1649 in
2482 1603 2642 1648 terra:
2687 1595 2924 1664 pulvere,
2965 1594 3334 1666 evigilabunt,
3360 1594 3450 1647 alii
3493 1596 3546 1647 in
3590 1594 3757 1647 vitam

2180 1696 2461 1752 aeternam,
2482 1687 2638 1743 etalii
2661 1688 2712 1741 in
2737 1688 3082 1757 opprobrium
3111 1697 3165 1741 et
3200 1686 3568 1741 confusionem
3599 1698 3762 1740 ater—

2184 1798 2331 1838 nam.
2369 1782 2436 1836 Et
2464 1782 2827 1849 intelligentes
2858 1780 3141 1850 fulgebunt
3185 1779 3333 1848 quasi
3363 1780 3538 1834 stellae
3572 1780 3625 1833 in
3659 1793 3766 1834 sa-

490 1875 647 1940 ejus,
706 1885 759 1927 et
814 1872 1063 1927 furentur
1109 1889 1230 1928 eum
1285 1885 1475 1937 nocte,
1550 1880 1605 1927 et
1652 1871 1836 1926 dicant
1887 1845 2323 1941 plebizncula,
2372 1885 2425 1929 et
2466 1845 2737 1929 ultraiEt
2787 1884 2841 1927 tu
2888 1845 3074 1927 Daniel
3112 1845 3300 1928 claude
3349 1888 3655 1938 sermones,
3704 1880 3767 1927 et

496 1966 747 2020 Surrexit
777 1982 805 2020 a
842 1968 1071 2021 mortuis
1100 1985 1113 2023 :
1154 1977 1207 2021 et
1242 1968 1347 2021 erit
1376 1967 1703 2022 novissimus
1736 1980 1892 2020 error
1923 1966 2076 2035 pejor

498 2062 678 2127 priore
706 2060 772 2114 ³⁸.
801 2079 818 2111 ›
849 2059 1189 2129 Quapropter
1216 2060 1360 2115 velut
1384 2076 1446 2115 ex
1474 2060 1592 2129 ejus
1624 2072 1856 2131 persona
1881 2059 2077 2113 clamat

497 2152 799 2208 Ezechiel:
839 2152 1098 2222 Equidem
1156 2168 1261 2206 non
1314 2167 1455 2215 sum,
1507 2152 1649 2222 quod
1704 2150 1839 2205 falso
1881 2150 2075 2205 remini

492 2244 685 2309 Judaei,
720 2254 991 2309 mortuus,
1029 2243 1124 2298 sed
1162 2244 1235 2296 ita
1264 2243 1411 2306 vivo,
1446 2252 1502 2296 ut
1532 2258 1633 2311 pro
1667 2244 1783 2297 suis
1808 2256 2077 2312 quemque

495 2336 736 2391 moribus
798 2337 902 2391 sim
959 2335 1324 2405 judicaturus.
1388 2331 1529 2389 Vere
1580 2334 1726 2387 enim
1778 2332 2074 2402 gloriosum

491 2429 765 2494 videbitis,
803 2438 861 2483 ut
905 2444 1027 2484 cum
1063 2428 1248 2482 divino
1278 2427 1544 2482 Zacharia
1580 2425 1772 2496 loquar
1797 2425 1865 2491 “,
1911 2440 2073 2496 quem

492 2522 817 2577 coniixistis.
873 2521 1184 2575 Salomonis
1240 2534 1458 2591 quoque
1516 2520 1632 2575 haec
1691 2527 1819 2574 sunt
1866 2519 2071 2573 verba:

498 2632 517 2666 ι
553 2613 812 2669 Dominus
846 2615 1009 2669 corda
1045 2613 1289 2669 omnium
1336 2613 1553 2668 noscit:
1583 2622 1636 2667 et
1682 2612 1773 2685 qui
1822 2609 2076 2682 ﬁguravit

491 2705 742 2777 spiritum
779 2706 1054 2768 omnibus,
1106 2707 1221 2775 ipse
1274 2707 1426 2760 novit
1484 2706 1693 2770 omnia,
1752 2705 1842 2775 qui
1896 2703 2077 2758 reddit

494 2796 787 2866 unicuique
822 2797 973 2867 juxta
1005 2811 1170 2865 opera
1206 2794 1322 2865 ejus
1346 2796 1414 2851 ".
1446 2814 1464 2847 ι
1504 2793 1657 2850 Unde
1703 2804 1757 2849 et
1815 2794 2074 2849 Dominus

494 2904 646 2945 mens
703 2890 1009 2944 Salomonis
1061 2890 1385 2943 sententiam
1418 2888 1750 2943 contirmans
1793 2887 1845 2941 in
1893 2886 2074 2940 Evan-

493 2982 633 3050 gelio
663 2982 738 3034 ait
766 3000 779 3036 :
816 3001 834 3033 ι
873 2984 1030 3036 Pater
1064 2998 1166 3036 non
1189 2983 1398 3053 judicat
1418 2998 1767 3053 quemquam,
1790 2983 1884 3037 sed
1911 2996 2073 3037 omne

488 3077 745 3144 judicium
780 3075 926 3131 dedit
968 3076 1103 3131 Filio
1127 3075 1193 3130 ³⁸.
1229 3097 1247 3128 ι

562 3166 850 3233 Cancrum,
880 3177 939 3222 ut
968 3169 1259 3224 ﬁrmiorem
1293 3183 1479 3223 eorum
1527 3184 1647 3239 qua:
1687 3170 1940 3232 diximus,
1983 3184 2070 3223 ve-

494 3261 711 3313 ritatem
748 3270 1071 3324 statuamus,
1116 3264 1295 3316 veniat
1324 3263 1390 3315 ad
1430 3274 1614 3330 partes
1654 3273 1707 3317 et
1752 3261 1939 3315 Daniel
1984 3264 2068 3317 ille

493 3353 849 3420 admirabilis,
879 3354 959 3407 vir
990 3355 1285 3423 gratiosus,
1319 3365 1371 3410 et
1402 3370 1523 3425 qure
1554 3367 1869 3425 corporatus
1894 3357 2068 3409 adhuc

490 3447 681 3501 obiens
739 3448 791 3501 in
849 3457 1028 3513 terra,
1091 3447 1351 3515 iungentia,
1422 3464 1693 3517 supraque
1762 3451 2056 3503 humanum

492 3549 704 3611 captum
741 3544 934 3609 posita,
974 3542 1278 3610 conspexit,
1312 3542 1457 3595 edat.
1497 3560 1516 3594 ι
1551 3543 1889 3611 Aspiciebatn
1915 3583 1929 3605 ,
1980 3544 2064 3595 in-

491 3639 645 3706 quit,
682 3637 734 3689 in
769 3636 974 3689 visione
1002 3638 1177 3689 noetis
1212 3653 1226 3690 :
1258 3646 1312 3690 et
1340 3651 1468 3692 ecce
1499 3652 1618 3691 cum
1650 3637 1883 3692 nubibus
1916 3638 2063 3701 cadi,

490 3734 643 3799 quasi
669 3730 832 3787 Filius
858 3732 1089 3787 hominis
1120 3734 1372 3797 veniens;
1404 3739 1458 3787 et
1489 3748 1658 3802 usque
1681 3736 1745 3787 ad
1777 3733 2071 3800 Antiquum

491 3832 697 3884 dierum
729 3829 1004 3897 pervenit;
1030 3838 1080 3881 et
1100 3828 1294 3882 obtulit
1317 3844 1376 3884 se
1401 3828 1453 3882 in
1484 3839 1833 3897 canspectum
1865 3828 2069 3898 ipsius:

488 3934 546 3978 et
581 3925 739 3977 datus
770 3933 851 3976 est
888 3922 957 3975 illi
994 3923 1345 3991 principatus,
1390 3931 1445 3975 et
1492 3924 1685 3985 honor,
1734 3931 1789 3975 et
1821 3935 2069 3991 regnum.

492 4017 557 4071 Et
604 4032 790 4070 omnes
838 4017 1039 4083 populi,
1074 4015 1267 4077 tribus,
1321 4025 1375 4068 et
1420 4015 1617 4081 linguai
1654 4015 1754 4083 ipsi
1804 4014 2066 4068 servient.

489 4108 735 4163 Potestas
770 4107 909 4177 ejus,
946 4119 1185 4176 potestas
1216 4105 1575 4175 sempiterna,
1623 4120 1743 4174 qua?
1789 4120 1893 4157 non
1940 4119 2066 4173 per-

562 4226 606 4255 "
647 4224 842 4279 Ezech.
884 4239 1115 4287 xxxvm,
1158 4224 1242 4275 il.

491 4314 543 4361 v,
576 4295 667 4349 22.
746 4296 789 4327 ³⁷
832 4296 964 4347 Dan.
996 4311 1092 4359 vn,
1120 4294 1186 4347 15
1216 4294 1298 4347 l6.
1378 4293 1422 4324 ³⁸
1468 4293 1599 4345 Dan.
1645 4308 1740 4355 xu,
1784 4292 1898 4345 1-2.

564 4421 674 4493 (55)
702 4419 761 4472 S.
790 4419 952 4486 Greg.
984 4416 1256 4472 Naxianz.
1300 4417 1352 4469 in
1397 4415 1454 4468 S.
1493 4414 1723 4471 Pascha.

1339 4222 1384 4254 ³³
1425 4219 1618 4275 Matth.
1667 4236 1834 4284 xxvii,
1882 4220 1971 4285 63,
2005 4218 2098 4273 64.

2178 1969 2332 2038 signa
2381 1967 2581 2023 librum
2636 1982 2806 2036 usque
2851 1966 2916 2020 ad
2978 1977 3189 2036 tempus
3232 1968 3766 2033 consummationis,

2178 2063 2351 2117 donec
2381 2062 2679 2115 doceantur
2701 2060 2879 2123 multi,
2905 2068 2959 2113 et
2985 2058 3371 2127 multiplicetur
3399 2060 3627 2115 scientia
3652 2060 3756 2113 “.s

2247 2156 2426 2222 Atque
2460 2153 2513 2207 in
2566 2153 2709 2207 hunc
2759 2153 2976 2206 modum
3025 2168 3119 2206 nos
3160 2158 3375 2223 quoque
3422 2164 3612 2209 contra
3653 2153 3767 2208 Ec-

2175 2245 2543 2315 clesitclnpos,
2569 2244 2713 2298 velut
2742 2243 2856 2311 ejus
2882 2244 3084 2298 alumni
3114 2245 3535 2299 decertavimus.
3566 2243 3624 2298 ln
3649 2260 3765 2315 quo

2176 2334 2220 2389 si
2248 2349 2349 2405 pro
2377 2334 2641 2405 dignitate
2667 2334 2940 2401 diximus;
2977 2333 3237 2389 habenda:
3270 2334 3377 2389 Deo
3422 2346 3632 2405 grates,
3672 2336 3762 2392 sin

2178 2426 2380 2491 minus,
2422 2426 2585 2483 etiam
2639 2426 2719 2480 sic
2758 2424 3019 2480 habenda:
3052 2436 3233 2497 grates
3282 2410 3665 2493 inenarrabili,
3705 2436 3766 2483 et

2175 2520 2648 2587 inconiprehensze
2673 2534 2735 2573 ac
2769 2519 3045 2590 praestanti
3078 2517 3193 2586 ejus
3224 2519 3526 2573 divinitatis
3550 2519 3763 2586 gloria.

2176 2625 2339 2683 quam
2383 2626 2487 2665 non
2542 2612 2775 2666 humana
2817 2611 2993 2665 solum
3028 2626 3091 2665 ac
3127 2612 3407 2666 terrestris
3448 2621 3665 2678 natura,
3699 2624 3763 2667 ut

2177 2715 2416 2761 meretur
2456 2704 2679 2760 laudare
2731 2705 2953 2775 nequit,
3005 2706 3098 2761 sed
3144 2706 3275 2776 ipsa:
3327 2706 3463 2760 adeo
3508 2705 3765 2761 ccelcstes

2178 2798 2405 2854 virtutes
2433 2798 2485 2852 id
2516 2798 2733 2869 assequi
2767 2814 2870 2852 non
2908 2808 3152 2869 possunt.
3192 2797 3250 2854 Si
3281 2800 3425 2855 enim
3462 2801 3545 2854 vel
3577 2800 3762 2870 angeli

2175 2903 2315 2960 {egre
2342 2890 2407 2944 ad
2436 2899 2640 2943 tantam
2682 2890 3001 2959 dignitatem
3040 2901 3353 2961 assurgant,
3386 2893 3583 2962 inquit,
3619 2894 3762 2948 Gre-

2177 2985 2360 3054 gorius
2398 2984 2487 3038 ille
2522 2984 2788 3053 theologia
2823 2984 3093 3040 excellens
3127 2983 3271 3056 (55);
3300 2986 3428 3054 quin
3462 2988 3649 3051 addit;
3685 2989 3763 3042 si-

2176 3078 2391 3147 quidem
2423 3078 2533 3132 illis
2565 3076 2727 3132 etiam
2770 3080 2838 3133 ad
2880 3093 3124 3133 summas
3167 3088 3221 3133 et
3252 3088 3525 3134 extremas
3568 3080 3760 3134 laudes

2179 3170 2259 3223 fas
2283 3169 2350 3223 sit
2375 3170 2709 3239 contingere.
2732 3168 2840 3224 Nos
2867 3170 3083 3239 quidem
3112 3178 3255 3224 certe
3274 3168 3445 3240 (illius
3469 3170 3756 3226 clementia

2175 3260 2481 3332 perspecta)
2520 3262 2766 3316 veritatis
2806 3261 3068 3326 studium,
3100 3261 3257 3331 quasi
3297 3261 3456 3315 vidua
3496 3261 3585 3316 illa
3623 3266 3761 3316 duos

2176 3354 2473 3417 teruncios,
2506 3362 2755 3408 sanctum
2791 3364 2845 3407 et
2874 3369 3089 3408 sacrum
3129 3369 3251 3409 esse
3286 3354 3572 3424 jussimus.
3617 3355 3757 3409 Nam

2177 3462 2241 3503 ex
2290 3461 2447 3502 sacra
2488 3446 2767 3516 Scriptura
2812 3446 2865 3501 id
2912 3445 3017 3501 Deo
3042 3459 3256 3518 gratum
3292 3462 3411 3503 esse
3443 3448 3754 3512 didicimus.

2171 3543 2313 3611 quod
2364 3556 2460 3609 pro
2511 3539 2651 3594 virili
2697 3540 3032 3595 elaboratum
3086 3552 3189 3596 e5t.
3243 3539 3412 3609 igitur
3454 3538 3589 3612 Regi
3636 3545 3756 3598 sine

2174 3635 2479 3705 principio,
2522 3644 2574 3690 et
2626 3632 2920 3688 immortali
2963 3632 3285 3689 saeculorum
3341 3634 3596 3700 Auctori,
3654 3636 3751 3691 soli

2175 3728 2407 3796 sapienti
2454 3726 2586 3789 Deo.
2615 3726 2810 3798 gloria,
2866 3733 3122 3797 potestas,
3173 3727 3345 3782 honor
3371 3739 3537 3798 atque
3574 3728 3753 3784 cultus

2174 3838 2297 3877 cum
2335 3820 2645 3891 Unigenixo,
2674 3830 2727 3873 et
2755 3819 2999 3888 ejusdem
3033 3829 3264 3883 naturae,
3306 3835 3369 3875 ac
3400 3822 3749 3890 comperenui

2172 3914 2347 3979 Filio,
2404 3926 2458 3969 et
2504 3923 2585 3968 ter
2644 3922 2866 3972 sancto.
2926 3911 3069 3967 bono
3127 3928 3191 3967 ac
3251 3913 3464 3967 vivilico
3522 3914 3745 3985 Spiritu,

2173 4024 2317 4063 nunc
2359 4018 2413 4063 et
2463 4020 2700 4076 semper,
2749 4014 2911 4075 atque
2959 4004 3011 4059 in
3049 4018 3264 4059 onmem
3304 4006 3750 4075 perpetuitatem.

2169 4105 2365 4157 Arnen.

2174 4214 2223 4248 “
2262 4214 2498 4271 Zachar.
2543 4229 2645 4277 xu,
2688 4212 2777 4266 10.
2855 4212 2901 4244 ³⁸
2945 4210 3104 4267 Prov.
3150 4228 3297 4280 xxiv,
3337 4214 3425 4271 l2.
3507 4217 3553 4248 "
3590 4213 3745 4274 Joan.

496 4550 3737 4615 Ἠ

2130 4592 3171 4604 .._.__._______..__.__.__

1390 4694 1944 4814 SZECULI
2045 4691 2607 4809 DUODEC
2640 4694 2852 4807 [Ml

620 4946 793 5111 liii
900 4938 1347 5109 TEliliA
1456 4934 1960 5106 SANCTA
2077 4930 2898 5102 SCRIPTORES
3012 4934 3607 5129 QUINQUE.

1231 5351 1661 5445 LEONIS

1759 5350 2252 5439 ALLATII
2360 5352 2996 5443 ΡΙΗΕΓΑΤΙΟ

1483 5533 1537 5583 In
1564 5529 1842 5597 Symmictis
1865 5529 2079 5582 Colonia
2102 5529 2391 5595 Agrippinae
2423 5529 2563 5591 1655,
2587 5531 2744 5581 in-l2.

573 5809 703 5861 Dum
736 5804 850 5859 Chii
886 5818 1029 5855 varia
1079 5798 1466 5864 tnanuscripla,
1527 5795 1716 5851 Νηιυεὶ
1751 5792 2219 5863 praestantissime,
2273 5790 2409 5845 locis
2444 5806 2475 5845 e
2514 5790 2678 5845 variis
2705 5790 3036 5860 conquisita,
3068 5793 3258 5850 evolvo
3306 5792 3526 5852 sedulus,
3561 5791 3731 5846 venit

497 5899 551 5954 in
589 5913 777 5951 manus
812 5909 957 5947 meas
995 5888 1222 5945 Joannis
1252 5886 1445 5942 l‘hocm
1481 5886 1721 5941 locorum
1782 5881 2077 5936 Palaestinas
2121 5892 2175 5938 et
2236 5877 2408 5949 Syria:
2455 5880 2863 5949 compendiaria
2916 5880 3247 5950 descriptio,
3280 5884 3573 5938 charactere
3611 5881 3739 5932 mi-
3800 5872 3807 5879 ’
