3816 6204
90 407 166 470 925
1077 409 1451 472 DESCRIPT
1458 413 1536 473 10
1575 415 1597 474 Ἰ

1788 412 1852 472 ΑΞ
1892 414 2224 477 SANGT/E.
3187 415 3292 481 996

85 524 338 592 nutissimo,
395 524 449 580 in
501 527 692 582 charta
735 526 1087 596 bombycina,
1147 546 1260 586 non
1310 529 1539 584 multum
1596 532 1880 601 eleganter
1915 545 2162 588 exarata.
2224 531 2473 589 Novitate
2514 533 2822 604 argumenti
2866 541 3028 604 atque
3053 533 3265 588 auctori

84 616 312 684 pellectus,
372 615 615 671 animum
663 616 792 686 ligo,
852 625 904 671 et
935 617 1177 688 perlego.
1228 619 1435 674 Auctor
1471 618 1694 687 elegans
1727 628 1781 674 et
1814 631 2126 688 accuratus,
2185 631 2345 692 prout
2393 623 2480 678 illa
2513 622 2761 679 ferebant
2817 633 3086 691 tempora,
3140 623 3295 677 visus

82 716 170 757 csr:
198 718 348 774 quare
403 704 618 777 r0piam
661 705 808 762 illius
846 705 978 760 mihi
1027 707 1429 763 destinaveram
1464 725 1480 775 ;
1524 707 1644 772 scd,
1684 709 1804 765 aliis
1846 709 2178 781 interceptus
2231 711 2492 785 negotiis,
2516 711 2747 779 neglexi.
2799 710 2928 765 Post
2970 711 3170 764 multos
3201 727 3296 762 an-

84 807 173 856 nos,
199 809 306 846 cum
359 794 782 866 manuscriptos,
816 811 952 867 quos
984 797 1099 865 ipse
1138 795 1404 862 videram,
1441 799 1662 853 codices
1705 799 1890 852 Romae
1918 797 1972 852 in
2005 800 2328 855 memoriam
2387 812 2722 864 revocarem,
2773 799 3022 864 interque
3056 797 3296 852 familia-

84 884 141 936 ris
180 883 424 950 colloquia
473 899 654 938 sermo
684 885 752 940 de
782 885 915 941 locis
965 887 1170 942 sanctis
1199 887 1502 952 incidisset,
1553 886 1759 943 Phocas
1801 888 1854 942 in
1889 890 2130 944 animum
2165 889 2351 951 rediit,
2389 889 2685 958 ingensque
2710 887 3057 942 subsecutum
3093 897 3175 942 est
3199 887 3297 941 de-

83 975 308 1038 siderium,
354 975 482 1030 illud
535 977 689 1038 mihi,
744 987 1020 1047 utcunque
1053 995 1291 1048 possem,
1341 981 1713 1049 comparandi.
1770 981 2002 1052 Scripsi,
2069 982 2324 1051 rescripsi
2380 981 2596 1045 amicis,
2659 981 2734 1035 illi
2791 984 2952 1035 etiam
3012 981 3101 1051 qui
3162 963 3296 1035 mihi

85 1069 290 1122 utendum
327 1070 594 1136 dederat;
654 1086 872 1140 rogans,
923 1088 1206 1142 rerogans,
1256 1075 1578 1140 obsecrans,
1631 1075 1915 1145 promissis
1968 1077 2132 1132 etiam
2186 1093 2300 1132 rem
2364 1078 2469 1147 egi.
2533 1076 2638 1132 Sed
2669 1077 2834 1131 verba
2872 1077 2972 1132 feci
3023 1077 3289 1130 mortuis:

84 1157 130 1210 ad
171 1158 359 1228 reliqua
413 1175 621 1224 omnia,
653 1172 1018 1230 praeterquam
1050 1164 1117 1218 ad
1173 1165 1275 1218 hoc
1328 1180 1516 1232 unum,
1571 1179 1787 1234 semper
1821 1165 1876 1220 in
1919 1176 2173 1235 promptu
2219 1183 2538 1236 responsum
2587 1166 2708 1222 fuit.
2739 1168 2922 1232 Quare
2964 1169 3141 1236 quievi
3174 1177 3298 1221 tan-

85 1253 178 1304 dem
220 1253 413 1306 animo.
488 1252 875 1309 Verumtamen
918 1272 1060 1309 anno
1095 1256 1302 1330 elapso,
1346 1272 1470 1311 cum
1527 1259 1576 1310 in
1611 1271 1706 1327 spe
1744 1272 1924 1311 rerum
1953 1258 2182 1312 aliarum
2244 1274 2513 1323 versarer,
2564 1261 2758 1313 litterte
2820 1260 2948 1314 mihi
2977 1261 3043 1314 ab
3096 1261 3295 1326 amico,

81 1341 148 1408 qui
185 1339 305 1396 Chio
369 1352 498 1397 tunc
554 1345 826 1409 veniebat,
883 1346 1056 1400 reddi.
1117 1345 1249 1398 Dum
1303 1346 1525 1400 nomina
1579 1361 1932 1417 recognosco,
1999 1363 2092 1411 en,
2143 1348 2281 1404 caelo
2339 1349 2535 1403 missus
2604 1347 2813 1406 Phoeas
2866 1349 3136 1418 apparuit,
3188 1365 3294 1402 non

86 1435 222 1488 aliena
269 1451 430 1488 manu
498 1437 827 1507 descriptus,
882 1443 975 1493 sed
1027 1440 1203 1510 ipsum
1241 1439 1660 1509 autographum,
1698 1440 1840 1510 quod
1877 1441 1994 1495 Chii
2055 1456 2468 1509 conspexeram,
2520 1458 2549 1496 a
2611 1443 2816 1510 reliquo
2854 1443 3146 1506 volumine,
3202 1442 3294 1495 cui

80 1535 169 1575 erat
214 1539 502 1588 annexum,
554 1529 824 1580 avulsum.
876 1528 1087 1594 Quanta
1150 1527 1402 1598 periusua
1451 1529 1646 1584 fuerim
1707 1529 1894 1584 laetitia
1944 1530 2150 1586 frustra
2203 1546 2435 1586 conarer
2487 1531 2688 1587 dicere.
2744 1532 2860 1586 Non
2926 1543 3296 1600 reportassent

83 1619 240 1673 bonum
277 1633 506 1686 tantum,
545 1623 588 1677 si
645 1624 958 1679 thesaurmn
997 1626 1349 1682 invenissem.
1388 1625 1535 1680 Illius
1571 1627 1754 1697 itaque
1789 1627 2025 1683 versioni
2086 1643 2170 1680 me
2204 1627 2441 1692 accinxi,
2471 1639 2523 1683 et
2551 1629 2756 1698 aliquot
2791 1629 2904 1682 dies
2955 1629 3007 1682 in
3037 1644 3100 1682 eo
3131 1643 3299 1697 expo-

82 1706 223 1762 liendo
255 1709 536 1778 insumpsi.
578 1711 834 1780 Joannes,
873 1713 1037 1768 Creta
1087 1716 1372 1778 oriundus,
1431 1723 1637 1784 patrem
1684 1717 1874 1771 habuit
1926 1717 2264 1778 Matthatum,
2309 1716 2399 1786 qui
2449 1727 2634 1786 postea
2692 1718 3020 1771 monachum
3052 1718 3281 1771 induens

82 1803 317 1860 inPatmo
361 1809 538 1864 insula
596 1825 652 1864 se
685 1825 969 1874 exercens,
1020 1812 1160 1865 diem
1181 1811 1354 1866 obit:
1435 1812 1571 1879 ipse,
1623 1821 1784 1867 aetate
1845 1813 2125 1884 grandior,
2177 1813 2278 1866 sub
2341 1813 2694 1868 Emmanuele
2755 1811 3030 1866 Cmnneno
3078 1825 3296 1864 numera

82 1890 250 1946 militiae
292 1895 434 1949 tulit.
498 1895 872 1965 Meminitipse
905 1913 1025 1966 cap.
1073 1897 1164 1964 ει,
1201 1900 1266 1954 de
1310 1914 1440 1954 sene
1475 1899 1589 1954 lber

1786 1900 1880 1953 ,λαι
1913 1899 2008 1953 ἐπὶ
2049 1902 2266 1971 χρόνοις
2296 1901 2510 1973 συχνοῖς
2533 1902 2590 1954 ὲν
2618 1900 2694 1971 τῷ
2726 1918 2792 1952 πε
2805 1899 2858 1970 ρ).
2893 1899 2992 1970 τὴν
3025 1897 3293 1952 Galateam

75 1983 150 2052 τῆς
182 1983 460 2051 ’Ᾱτταλίας
491 1992 765 2062 πεπηγότι
801 1992 953 2064 λίθῳ,
989 1995 1117 2056 τοὺς
1150 1995 1484 2065 ἀσκητικοὺς
1517 1995 1782 2059 διανύσας
1828 1996 2044 2059 πόνους,
2078 1996 2166 2048 ὅτε
2204 1993 2301 2051 καὶ
2335 1996 2495 2066 ἡμεῖς
2520 1994 2598 2066 τῷ
2663 1994 2816 2063 ἀνδρὶ
2849 1992 3194 2063 ἐνετύχομεν,
3227 1991 3293 2062 τᾷ

76 2074 264 2146 dubium
292 2077 533 2146 ,βασιλεῖ
575 2083 667 2133 καὶ
701 2081 1206 2153 Πορφυρογεννήτῳ
1249 2083 1328 2154 τῷ
1390 2085 1582 2154 Κομνη

1786 2085 2222 2153 πτρατευόμενος.
2284 2083 2388 2150 Qui
2420 2085 2622 2149 pridem
2665 2099 2758 2151 per
2793 2083 2970 2148 plures
3024 2097 3193 2134 annos
3236 2082 3293 2133 iis

77 2187 195 2233 uso,
241 2174 307 2225 ad
339 2190 488 2228 mare
532 2174 750 2229 Attalici:
802 2177 1048 2245 fundato,
1109 2178 1380 2233 laboribus
1420 2181 1688 2233 continuis
1735 2179 2121 2249 sudoribusque
2161 2194 2272 2234 sese
2311 2185 2659 2242 exercuerat;
2709 2177 2886 2246 ibique
2938 2192 3029 2228 nos
3069 2192 3184 2228 eum
3224 2175 3296 2228 al-

76 2263 205 2318 ιρι-ιιιὶ
238 2265 441 2335 fuimus
467 2308 479 2329 ,
537 2270 661 2323 dum
701 2287 806 2325 una
863 2287 982 2325 cum
1023 2272 1360 2327 celeberrimo
1420 2275 1736 2340 imperatore
1788 2283 1838 2326 et
1895 2267 2394 2344 Porphyro'genneta
2427 2270 2691 2328 Camneuo
2728 2271 3098 2325 militaremus.
3130 2269 3297 2339 Ejus-

77 2361 168 2416 dem
205 2361 569 2418 Emmannelis
627 2366 870 2420 meminit
910 2365 1038 2421 alibi
1100 2367 1296 2435 saepius
1344 2367 1444 2421 hoc
1500 2366 1690 2420 eodem
1748 2365 1945 2421 lihello.
1994 2365 2161 2420 Ducta
2215 2381 2420 2431 uxore,
2468 2382 2533 2421 ex
2589 2381 2652 2421 ea
2699 2366 2866 2420 lilium
2923 2363 3130 2419 habuit.
3181 2363 3299 2433 Ejus

80 2465 238 2506 nomen
287 2467 316 2506 a
367 2454 910 2523 compaginatoribus
946 2455 1091 2521 libri,
1139 2456 1266 2509 dum
1302 2455 1478 2509 cultro
1532 2455 1780 2509 foliorum
1837 2456 2212 2510 extremitates
2260 2465 2586 2524 aequarunt,
2619 2457 2921 2512 abscissum
2949 2465 3052 2510 est.
3103 2455 3299 2508 POSIea

79 2540 340 2596 monachus
387 2543 587 2608 fartus,
645 2543 829 2598 invisit
871 2544 988 2600 loca
1028 2554 1212 2598 sancta
1250 2559 1393 2598 anno
1450 2543 1606 2599 H85.
1663 2544 1729 2598 Et
1778 2545 1893 2597 lucc
1939 2544 2120 2597 omnia
2161 2543 2336 2599 habeo
2367 2559 2430 2598 ex
2480 2546 2684 2606 uotnla,
2727 2561 2848 2615 qum
2901 2544 3079 2599 rubeis
3110 2543 3300 2597 litteris

78 2631 115 2684 in
159 2636 389 2704 margine
450 2636 708 2691 additur:
756 2639 1149 2709 Συγγραφεῖσσ.
1205 2637 1361 2709 παρὰ
1420 2638 1585 2693 Ίωὰν

1792 2638 1923 2706 ρέως
1978 2637 2071 2690 τοῦ
2132 2638 2534 2693 εὐσεϐεστάτου
2599 2640 2788 2704 ⁴ι’ωκᾶ,
2841 2637 2960 2692 υἱοῦ
3015 2635 3299 2692 Ματθαίου

77 2724 275 2794 μοναχοῦ
320 2725 418 2779 τοῦ
461 2728 818 2792 ὲνασκοῦντος
864 2731 923 2782 ἐν
958 2730 1166 2800 Πάτμῳ
1202 2732 1266 2800 τῇ
1319 2731 1492 2798 νήσῳ,
1523 2728 1696 2799 ὅσπερ
1736 2722 1844 2781 εἶδε
1879 2727 2002 2790 τοὺς
2057 2727 2250 2795 ἁγίους
2307 2727 2506 2791 τόπους
2543 2728 2622 2789 εἰς
2672 2726 2878 2797 χιλίους
2913 2724 3052 2797 ρπέ.
3093 2723 3300 2791 Scripta

77 2832 99 2865 ε
136 2816 326 2872 Joanne
380 2822 660 2876 sacerdote
709 2823 947 2893 piissimo
999 2823 1200 2887 Phoco,
1236 2824 1348 2892 ﬁlio
1385 2821 1628 2876 illati/arei
1681 2821 1952 2886 monachi,
2001 2821 2094 2890 qui
2127 2837 2182 2876 se
2226 2831 2431 2876 exercet
2473 2822 2527 2876 in
2575 2819 2762 2875 Patmo
2805 2820 3027 2887 insula;
3053 2823 3140 2891 qui
3174 2820 3301 2873 vidit

74 2926 221 2967 saneta
272 2915 390 2970 loco
443 2935 579 2970 anno
627 2920 784 2974 MSS.
814 2919 870 2974 In
921 2920 1097 2975 fronte
1152 2936 1278 2973 vero
1329 2919 1451 2972 libri
1509 2934 1581 2974 sct

1826 2927 1992 2973 erat:
2047 2917 2177 2980 Υἱὸς
2237 2917 2428 2989 ἱερέως
2483 2915 2577 2968 τοῦ
2625 2916 2789 2969 Φωκᾶ
2843 2917 2907 2969 ὲκ
2945 2916 3041 2986 τῆς
3083 2913 3299 2985 Κρήτης

74 3005 236 3072 γράφω
272 3006 391 3068 νῦν,
429 3005 761 3078 comicum...
824 3008 997 3064 Filius
1044 3009 1330 3062 sacerdotis
1363 3005 1553 3061 Phocea

1109 3009 1330 3062 cerdotis
1363 3005 1553 3061 Phocte
1593 3005 1854 3062 Cretensis
1894 3008 2066 3061 scribo
2115 3023 2270 3070 nunc,
2306 3008 2608 3062 nomine....

130 3097 160 3152 S
191 3101 219 3153 d
254 3118 320 3155 ne
373 3101 588 3155 Phocus
639 3115 824 3158 noster
873 3105 1080 3173 palarct
1137 3104 1303 3167 solus,
1337 3104 1512 3157 socios
1555 3101 1605 3156 ei
1642 3100 1892 3157 dedimus
1949 3103 2122 3164 hinos,
2149 3102 2284 3155 alias
2312 3117 2339 3154 a
2385 3099 2634 3163 Morello,
2667 3100 2757 3170 qui
2793 3116 2884 3155 eos
2915 3115 2946 3154 e
2977 3099 3300 3154 bibliotheca

81 3183 302 3242 Vaticana
355 3206 461 3258 per
514 3192 864 3246 Sirmundum
924 3193 1208 3256 habuerat,
1252 3192 1451 3245 misere
1493 3198 1546 3243 et
1599 3189 1889 3245 infeliciter
1949 3191 2146 3253 editos,
2207 3187 2562 3260 Epiphanium
2620 3191 2944 3244 monachum
2987 3187 3300 3257 Haginpoli-

79 3286 162 3329 tam
191 3294 346 3345 prosa
379 3281 655 3346 oratione,
709 3289 762 3334 ct
809 3282 971 3335 alium
1018 3282 1258 3334 carmine
1310 3279 1551 3350 politico,
1610 3281 1725 3334 huic
1760 3280 1948 3333 eadem
1993 3280 2108 3335 loca
2172 3289 2582 3348 persequentes.
2645 3278 2864 3342 Omnia,
2935 3279 3182 3346 inquam,
3231 3277 3302 3333 ibi

77 3369 135 3458 sic
163 3376 740 3458 scateppgerroribus,
777 3386 835 3430 ut
889 3375 1072 3431 multis
1110 3377 1162 3430 in
1218 3377 1352 3430 locis
1397 3377 1482 3430 vix
1517 3375 1740 3446 intelligi
1801 3374 2029 3443 possint.
2081 3373 2281 3440 Quare,
2317 3382 2375 3427 ut
2414 3373 2642 3428 cultiore
2708 3373 2897 3428 habitu
2931 3381 3302 3443 compareant,

77 3454 512 3528 Epipltatiittmad
570 3466 1000 3534 manuscriptum
1038 3464 1375 3529 Vaticanum,
1415 3465 1554 3518 unde
1596 3475 1999 3534 transsumptus
2035 3473 2177 3529 erat,
2235 3463 2485 3530 restitui;
2515 3479 2580 3516 ex
2603 3479 2708 3531 quo
2747 3467 2918 3518 ferme
2944 3465 3149 3527 omnia,
3188 3477 3303 3530 qua:

77 3555 355 3624 scrupulum
382 3557 612 3626 injicere
647 3568 918 3627 poterant,
957 3559 1328 3626 corriguntur.
1378 3555 1887 3627 Interpretationem
1938 3559 2100 3613 etiam
2136 3556 2384 3610 Latinam
2426 3557 2493 3612 ad
2525 3556 2687 3611 verba
2722 3556 2910 3612 Gra'ca
2946 3555 3304 3624 interpolavi:

80 3650 123 3694 ut
163 3660 259 3700 non
303 3655 526 3701 tantum
575 3647 784 3713 Graece,
836 3646 932 3704 sed
997 3648 1162 3702 etiam
1223 3647 1436 3712 Latine,
1487 3647 1805 3703 concinnior
1849 3649 2043 3702 exiret.
2094 3645 2351 3702 Carmina
2406 3645 2593 3700 Graeca
2636 3663 2702 3700 ex
2759 3645 3130 3714 manuscripto
3190 3660 3304 3702 meo

77 3738 324 3806 Supplevi;
388 3756 514 3810 quae
543 3755 611 3795 an
657 3740 872 3797 Maximi
933 3740 1186 3795 Planudae
1213 3741 1343 3806 sint,
1392 3741 1444 3795 in
1499 3740 1717 3796 dubium
1743 3741 1882 3797 verti
1919 3741 2140 3811 pmerit,
2175 3756 2294 3794 cum
2329 3741 2383 3796 in
2437 3755 2558 3794 meo
2602 3738 2809 3793 nullum
2854 3737 3088 3794 auctoris
3111 3751 3303 3791 nomen

78 3827 352 3895 preferant,
407 3829 871 3896 quemadmodum
922 3839 978 3883 et
1029 3829 1081 3883 in
1126 3826 1424 3896 Vaticano;
1462 3829 1712 3898 quamvis
1760 3829 1811 3882 in
1855 3828 1980 3895 hoc,
2036 3839 2164 3884 ante
2228 3839 2284 3882 et
2337 3837 2457 3898 post
2511 3828 2651 3883 dicta
2709 3829 2978 3889 carmina,
3042 3824 3302 3893 nonnulla

80 3924 198 3978 sunt,
248 3931 371 3984 qua:
415 3915 675 3972 Planudas
736 3917 956 3972 nomine
1003 3926 1288 3982 notantur,
1344 3933 1449 3970 non
1489 3916 1670 3972 alieno
1721 3932 1786 3972 ac
1837 3917 1942 3972 ista
1998 3915 2243 3972 carmina
2280 3917 2600 3972 charactere
2625 3915 2947 3971 exarata.lu
2975 3914 3160 3970 codice
3191 3931 3303 3968 ma<

79 4003 324 4074 nuscripto
382 4004 707 4070 Viennensi,
763 4021 922 4076 quem
977 4007 1112 4062 vldit
1166 4006 1588 4062 doctissimuset
1636 4005 2041 4061 eruditissimus
2082 4004 2259 4060 Lucas
2304 4004 2640 4067 Ilolstenius,
2672 4004 2785 4058 hac
2809 4004 3066 4058 Carmina
3111 4003 3302 4057 tribue-

77 4099 238 4151 bautur
292 4097 597 4164 Perdiccae,
657 4099 1030 4170 protonotario
1071 4097 1365 4168 Ephesiae.
1411 4096 1584 4167 Περδι·

1800 4095 2195 4167 ρωτονοταρίου
2221 4093 2322 4163 τῆς
2376 4093 2606 4162 Ἐφέσου
2636 4093 2950 4162 Ἔκφραισις
2981 4090 3071 4144 διὰ
3108 4089 3302 4160 στιχωκ

77 4193 178 4262 περὶ
220 4195 325 4250 τῶν
376 4197 442 4249 ἐν
508 4192 915 4265 Ἱεροσολύμοις
969 4193 1254 4267 κυριακῶν
1302 4191 1584 4262 Oeagrium

1795 4194 1950 4246 dicere
1997 4188 2362 4259 protonatarii
2397 4187 2654 4255 Ephesius”
2688 4186 2988 4258 Expositio,
3053 4185 3302 4249 carmine,

77 4291 476 4350 spectaculorum
529 4287 929 4344 Dominicorum
970 4298 1017 4342 et
1077 4287 1518 4348 memorabilium.
1551 4302 1672 4354 qua:
1723 4285 2106 4355 Hierosolymis
2157 4285 2424 4338 videntur.
2465 4281 2682 4336 Titulus
2731 4296 2834 4334 non
2883 4296 3022 4333 unus
3053 4281 3103 4333 in
3131 4280 3304 4334 omni-

80 4375 156 4429 bus
186 4389 296 4445 est;
333 4382 428 4434 alii
487 4380 630 4432 enim
681 4379 886 4448 legunt,
945 4377 1076 4448 περὶ
1130 4379 1443 4447 θεαμάτων,
1502 4376 1574 4430 De

1796 4373 1968 4437 culis;
2000 4373 2114 4437 alii.
2163 4373 2295 4446 napi.
2335 4372 2624 4444 Θεμάτων,
2673 4370 2749 4425 De
2780 4370 3146 4433 thematibus;
3195 4368 3303 4433 alii,

81 4468 183 4534 περὶ
236 4467 573 4546 ϐᾳημάτων,
633 4465 706 4520 De
735 4466 1030 4521 miraculis.
1062 4465 1366 4536 Θεαμάτων
1420 4474 1588 4520 tamen

735 4466 1030 4521 miraculis.
1062 4465 1366 4536 Θεαμάτων
1420 4474 1599 4520 tamen
1639 4467 1762 4522 aliis
1815 4467 2215 4537 proposuerim.

133 4556 352 4612 Additur
415 4558 738 4628 Anonymus
772 4556 838 4610 de
893 4556 1079 4612 iisdem
1109 4555 1261 4620 locis,
1324 4556 1600 4610 communi
1633 4554 1946 4611 Graecorum
1981 4556 2161 4625 lingua
2199 4553 2440 4625 quidem,
2478 4552 2769 4623 diligenter
2824 4562 3026 4613 tamen,
3059 4545 3304 4603 conscri-

82 4662 196 4715 ptus.
244 4661 292 4706 ;t
337 4653 391 4706 in
436 4651 602 4706 rebus
661 4651 949 4706 narrandis
994 4659 1321 4713 accuratus;
1364 4665 1393 4702 a
1446 4664 1554 4718 quo
1585 4651 1958 4706 tantummodo
1997 4660 2242 4718 repetere
2271 4646 2451 4702 valeas
2509 4647 2834 4702 Christiana;
2875 4643 3091 4714 pietatis
3123 4658 3185 4696 ac
3217 4657 3304 4696 re-

82 4736 280 4806 l'gionis,
332 4756 472 4810 erga
523 4742 641 4795 loca
699 4750 1073 4803 sacrosancta,
1120 4736 1537 4807 praeclarissima
1575 4738 1850 4810 vestigia;
1890 4738 1964 4794 ob
2004 4737 2161 4792 molis
2212 4737 2563 4808 exiguitatem
2603 4736 2689 4790 vix
2753 4736 2899 4790 visus
2931 4732 3301 4788 traducendus

82 4833 120 4885 in
159 4836 392 4903 linguam
432 4834 710 4900 Latinam,
755 4837 1037 4889 traductus
1072 4845 1270 4889 tamen.

138 4923 517 4997 Eugesippum,
566 4927 632 4979 de
690 4924 961 4978 distantiis
1001 4924 1240 4980 locorum
1267 4923 1451 4980 Terra:
1479 4925 1720 4989 Sauctre,
1776 4922 2154 4980 humanissimi
2205 4922 2386 4980 Caroli
2435 4921 2642 4977 Maroni
2709 4918 3061 4975 beneficentia
3122 4917 3308 4973 habui.

83 5013 172 5072 Non
204 5019 496 5076 videbatur
531 5020 664 5073 tanti
709 5033 810 5073 non
851 5019 1094 5074 nemini:
1141 5035 1352 5082 verum,
1411 5034 1531 5072 cum
1585 5034 1739 5072 rarus
1771 5019 2063 5073 admodum
2107 5017 2180 5072 sit
2210 5028 2263 5072 et
2306 5017 2585 5087 antiquus,
2624 5032 2689 5069 ne
2741 5015 2884 5085 quis,
2925 5011 3304 5080 hujuscemodi

86 5116 268 5170 nomine
307 5116 524 5186 majora
555 5116 657 5170 sibi
705 5115 929 5183 fingens,
985 5115 1130 5169 illius
1175 5114 1482 5185 privatione
1530 5111 1795 5178 indoleat,
1836 5112 2052 5166 hortatu
2100 5111 2398 5166 amicorum
2449 5127 2569 5165 cum
2614 5109 2736 5163 aliis
2781 5109 2845 5163 de
2897 5107 3068 5162 Terra
3101 5107 3306 5162 Sancta

85 5205 423 5278 scriptoribus
485 5208 867 5280 publicandam
926 5208 1254 5265 censuimus.
1295 5207 1535 5262 Aliorum
1577 5205 1861 5276 dignitate,
1911 5203 2155 5275 gloriam,
2214 5203 2259 5258 si
2299 5219 2422 5274 que
2473 5201 2659 5268 fuerit,
2695 5202 2747 5257 in
2799 5216 2857 5257 se
2896 5197 3235 5256 transvehet.
