  <div class='ocr_page' id='page_1' title='image "/cluster/home/n/w/nwhite01/storage/ocr_20150623/133/hvd.32044073502502/469.png"; bbox 0 0 4004 6206; ppageno 0'>
   <div class='ocr_carea' id='block_1_1' title="bbox 541 403 645 465">
    <p class='ocr_par' dir='ltr' id='par_1_1' title="bbox 541 403 645 465">
     <span class='ocr_line' id='line_1_1' title="bbox 541 403 645 465; baseline 0.019 -2"><span class='ocrx_word' id='word_1_1' title='bbox 541 403 645 465; x_wconf 81' lang='lat'><strong>927</strong></span> 
     </span>
    </p>
   </div>
   <div class='ocr_carea' id='block_1_2' title="bbox 1805 387 2438 456">
    <p class='ocr_par' dir='ltr' id='par_1_2' title="bbox 1805 387 2438 456">
     <span class='ocr_line' id='line_1_2' title="bbox 1805 387 2438 456; baseline -0.013 1"><span class='ocrx_word' id='word_1_2' title='bbox 1805 391 2129 456; x_wconf 74' lang='lat' dir='ltr'><strong>JOANNIS</strong></span> <span class='ocrx_word' id='word_1_3' title='bbox 2168 387 2438 452; x_wconf 71' lang='lat' dir='ltr'><strong>PHOC/E</strong></span> 
     </span>
    </p>
   </div>
   <div class='ocr_carea' id='block_1_3' title="bbox 3647 377 3752 442">
    <p class='ocr_par' dir='ltr' id='par_1_3' title="bbox 3647 377 3752 442">
     <span class='ocr_line' id='line_1_3' title="bbox 3647 377 3752 442; baseline 0.019 -2"><span class='ocrx_word' id='word_1_4' title='bbox 3647 377 3752 442; x_wconf 59' lang='lat'><strong>98</strong></span> 
     </span>
    </p>
   </div>
   <div class='ocr_carea' id='block_1_4' title="bbox 614 582 3743 636">
    <p class='ocr_par' dir='ltr' id='par_1_4' title="bbox 614 582 3743 636">
     <span class='ocr_line' id='line_1_4' title="bbox 614 582 3743 636; baseline 0.002 -15"><span class='ocrx_word' id='word_1_5' title='bbox 614 582 3743 636; x_wconf 62' lang='lat' dir='ltr'>ww</span> 
     </span>
    </p>
   </div>
   <div class='ocr_carea' id='block_1_5' title="bbox 1302 760 3034 914">
    <p class='ocr_par' dir='ltr' id='par_1_5' title="bbox 1302 760 3034 914">
     <span class='ocr_line' id='line_1_5' title="bbox 1302 760 3034 914; baseline -0.01 0"><span class='ocrx_word' id='word_1_6' title='bbox 1302 776 2058 914; x_wconf 84' lang='grc' dir='ltr'><strong>ΙΩΑΝΝΟΥ</strong></span> <span class='ocrx_word' id='word_1_7' title='bbox 2122 769 2480 906; x_wconf 85' lang='grc' dir='ltr'><strong>ΤΟΥ</strong></span> <span class='ocrx_word' id='word_1_8' title='bbox 2563 760 3034 900; x_wconf 82' lang='grc' dir='ltr'><strong>ΦΩΚΑ</strong></span> 
     </span>
    </p>
   </div>
   <div class='ocr_carea' id='block_1_6' title="bbox 1887 1020 2439 1063">
    <p class='ocr_par' dir='ltr' id='par_1_6' title="bbox 1887 1020 2439 1063">
     <span class='ocr_line' id='line_1_6' title="bbox 1887 1020 2439 1063; baseline -0.009 0"><span class='ocrx_word' id='word_1_9' title='bbox 1887 1024 2114 1063; x_wconf 66' lang='grc' dir='ltr'><strong>ΕΚΟΡΑΣῙΣ</strong></span> <span class='ocrx_word' id='word_1_10' title='bbox 2142 1022 2206 1061; x_wconf 60' lang='grc' dir='ltr'><strong>ιη</strong></span> <span class='ocrx_word' id='word_1_11' title='bbox 2231 1020 2439 1058; x_wconf 67' lang='grc' dir='ltr'><strong>ΣΥΝΟΨΕΙ</strong></span> 
     </span>
    </p>
   </div>
   <div class='ocr_carea' id='block_1_7' title="bbox 541 1139 3758 1232">
    <p class='ocr_par' dir='ltr' id='par_1_7' title="bbox 541 1139 3758 1232">
     <span class='ocr_line' id='line_1_7' title="bbox 541 1139 3758 1232; baseline -0.012 0"><span class='ocrx_word' id='word_1_12' title='bbox 541 1178 678 1232; x_wconf 79' lang='grc' dir='ltr'><strong>ΤΩΝ</strong></span> <span class='ocrx_word' id='word_1_13' title='bbox 729 1175 840 1230; x_wconf 80' lang='grc' dir='ltr'><strong>ΑΠ’</strong></span> <span class='ocrx_word' id='word_1_14' title='bbox 869 1172 1288 1230; x_wconf 77' lang='grc' dir='ltr'><strong>ΑΝΤΙΟΧΕῙΑΣ</strong></span> <span class='ocrx_word' id='word_1_15' title='bbox 1333 1169 1601 1227; x_wconf 82' lang='grc' dir='ltr'><strong>ΜΕΧΡΙΣ</strong></span> <span class='ocrx_word' id='word_1_16' title='bbox 1628 1163 2126 1224; x_wconf 80' lang='grc' dir='ltr'><strong>ΙΕΡΟΣΟΛΥΜΩΝ</strong></span> <span class='ocrx_word' id='word_1_17' title='bbox 2152 1153 2493 1221; x_wconf 76' lang='grc' dir='ltr'><strong>ΚΑΣΤΡΩΝ,</strong></span> <span class='ocrx_word' id='word_1_18' title='bbox 2528 1154 2648 1208; x_wconf 78' lang='grc' dir='ltr'><strong>ΚΑΙ</strong></span> <span class='ocrx_word' id='word_1_19' title='bbox 2685 1149 2936 1216; x_wconf 80' lang='grc' dir='ltr'><strong>ΧΩΡΩΝ,</strong></span> <span class='ocrx_word' id='word_1_20' title='bbox 2960 1143 3229 1215; x_wconf 76' lang='grc' dir='ltr'><strong>ΣΥΡῙΑΣ,</strong></span> <span class='ocrx_word' id='word_1_21' title='bbox 3269 1139 3625 1202; x_wconf 71' lang='grc' dir='ltr'><strong>ΦΟΙΝΙΚΗΣ,</strong></span> <span class='ocrx_word' id='word_1_22' title='bbox 3653 1139 3758 1193; x_wconf 68' lang='grc' dir='ltr'>κει</span> 
     </span>
    </p>
   </div>
   <div class='ocr_carea' id='block_1_8' title="bbox 1471 1246 2842 1320">
    <p class='ocr_par' dir='ltr' id='par_1_8' title="bbox 1471 1246 2842 1320">
     <span class='ocr_line' id='line_1_8' title="bbox 1471 1246 2842 1320; baseline -0.014 0"><span class='ocrx_word' id='word_1_23' title='bbox 1471 1265 1611 1320; x_wconf 85' lang='grc' dir='ltr'><strong>ΤΩΝ</strong></span> <span class='ocrx_word' id='word_1_24' title='bbox 1640 1262 1834 1320; x_wconf 74' lang='grc' dir='ltr'><strong>ΚΑΤΑ</strong></span> <span class='ocrx_word' id='word_1_25' title='bbox 1861 1256 2338 1318; x_wconf 73' lang='grc' dir='ltr'><strong>ΠΑΛΑΙΣἸἹΝΗΝ</strong></span> <span class='ocrx_word' id='word_1_26' title='bbox 2369 1251 2576 1308; x_wconf 78' lang='grc' dir='ltr'><strong>ΑΓΙΩΝ</strong></span> <span class='ocrx_word' id='word_1_27' title='bbox 2607 1246 2842 1304; x_wconf 79' lang='grc' dir='ltr'><strong>ΤΟΠΩΝ</strong></span> 
     </span>
    </p>
   </div>
   <div class='ocr_carea' id='block_1_9' title="bbox 1279 1586 3060 1760">
    <p class='ocr_par' dir='ltr' id='par_1_9' title="bbox 1279 1586 3060 1760">
     <span class='ocr_line' id='line_1_9' title="bbox 1279 1586 3060 1760; baseline -0.013 1"><span class='ocrx_word' id='word_1_28' title='bbox 1279 1593 2170 1760; x_wconf 84' lang='lat' dir='ltr'><strong>JOANNIS</strong></span> <span class='ocrx_word' id='word_1_29' title='bbox 2321 1586 3060 1748; x_wconf 74' lang='lat' dir='ltr'><strong>PHOC/E</strong></span> 
     </span>
    </p>
   </div>
   <div class='ocr_carea' id='block_1_10' title="bbox 1685 1848 2649 1929">
    <p class='ocr_par' dir='ltr' id='par_1_10' title="bbox 1685 1848 2649 1929">
     <span class='ocr_line' id='line_1_10' title="bbox 1685 1848 2649 1929; baseline -0.008 0"><span class='ocrx_word' id='word_1_30' title='bbox 1685 1848 2205 1929; x_wconf 66' lang='lat' dir='ltr'><strong>coupsnomnia</strong></span> <span class='ocrx_word' id='word_1_31' title='bbox 2236 1863 2649 1923; x_wconf 77' lang='lat' dir='ltr'><strong>DESCRIPTIO</strong></span> 
     </span>
    </p>
   </div>
   <div class='ocr_carea' id='block_1_11' title="bbox 541 2009 3771 2108">
    <p class='ocr_par' dir='ltr' id='par_1_11' title="bbox 541 2009 3771 2108">
     <span class='ocr_line' id='line_1_11' title="bbox 541 2009 3771 2108; baseline -0.011 -2"><span class='ocrx_word' id='word_1_32' title='bbox 541 2039 1011 2108; x_wconf 77' lang='lat' dir='ltr'><strong>CASTRORUM</strong></span> <span class='ocrx_word' id='word_1_33' title='bbox 1043 2039 1145 2100; x_wconf 88' lang='lat' dir='ltr'><strong>ET</strong></span> <span class='ocrx_word' id='word_1_34' title='bbox 1181 2034 1509 2107; x_wconf 81' lang='lat' dir='ltr'><strong>URBIUM,</strong></span> <span class='ocrx_word' id='word_1_35' title='bbox 1550 2033 1652 2093; x_wconf 86' lang='lat' dir='ltr'><strong>AB</strong></span> <span class='ocrx_word' id='word_1_36' title='bbox 1682 2028 1892 2094; x_wconf 82' lang='lat' dir='ltr'><strong>URBE</strong></span> <span class='ocrx_word' id='word_1_37' title='bbox 1921 2023 2364 2087; x_wconf 75' lang='lat' dir='ltr'><strong>ANTIOCHIA</strong></span> <span class='ocrx_word' id='word_1_38' title='bbox 2403 2020 2658 2096; x_wconf 86' lang='lat' dir='ltr'><strong>USQUE</strong></span> <span class='ocrx_word' id='word_1_39' title='bbox 2691 2013 3347 2080; x_wconf 80' lang='lat' dir='ltr'><strong>HlEROSOLYMAM</strong></span> <span class='ocrx_word' id='word_1_40' title='bbox 3377 2033 3393 2084; x_wconf 86' lang='lat'><strong>;</strong></span> <span class='ocrx_word' id='word_1_41' title='bbox 3428 2011 3584 2097; x_wconf 66' lang='grc' dir='ltr'><strong>ΝΕρ</strong></span> <span class='ocrx_word' id='word_1_42' title='bbox 3619 2009 3771 2072; x_wconf 75' lang='lat' dir='ltr'><strong>NON</strong></span> 
     </span>
    </p>
   </div>
   <div class='ocr_carea' id='block_1_12' title="bbox 875 2117 3455 2213">
    <p class='ocr_par' dir='ltr' id='par_1_12' title="bbox 875 2117 3455 2213">
     <span class='ocr_line' id='line_1_12' title="bbox 875 2117 3455 2213; baseline -0.009 -11"><span class='ocrx_word' id='word_1_43' title='bbox 875 2141 1160 2213; x_wconf 62' lang='lat' dir='ltr'><strong>SYRIIE,</strong></span> <span class='ocrx_word' id='word_1_44' title='bbox 1204 2138 1304 2200; x_wconf 81' lang='lat' dir='ltr'><strong>AC</strong></span> <span class='ocrx_word' id='word_1_45' title='bbox 1331 2132 1775 2206; x_wconf 75' lang='lat' dir='ltr'><strong>PHCENICIJE,</strong></span> <span class='ocrx_word' id='word_1_46' title='bbox 1811 2131 1915 2192; x_wconf 88' lang='lat' dir='ltr'><strong>ET</strong></span> <span class='ocrx_word' id='word_1_47' title='bbox 1951 2129 2027 2191; x_wconf 84' lang='lat' dir='ltr'><strong>lN</strong></span> <span class='ocrx_word' id='word_1_48' title='bbox 2058 2125 2530 2189; x_wconf 65' lang='lat' dir='ltr'><strong>PALIESTINA</strong></span> <span class='ocrx_word' id='word_1_49' title='bbox 2559 2119 2993 2187; x_wconf 74' lang='lat' dir='ltr'><strong>SACRORUM</strong></span> <span class='ocrx_word' id='word_1_50' title='bbox 3037 2117 3455 2182; x_wconf 81' lang='lat' dir='ltr'><strong>LOCORUM.</strong></span> 
     </span>
    </p>
   </div>
   <div class='ocr_carea' id='block_1_13' title="bbox 2115 2304 2198 2320">
    <p class='ocr_par' dir='ltr' id='par_1_13' title="bbox 2115 2304 2198 2320">
     <span class='ocr_line' id='line_1_13' title="bbox 2115 2304 2198 2320; baseline -0.012 0"><span class='ocrx_word' id='word_1_51' title='bbox 2115 2304 2198 2320; x_wconf 40' lang='grc' dir='ltr'><strong><em>ᾔ</em></strong></span> 
     </span>
    </p>
   </div>
   <div class='ocr_carea' id='block_1_14' title="bbox 611 2412 2116 2514">
    <p class='ocr_par' dir='ltr' id='par_1_14' title="bbox 611 2437 2116 2514">
     <span class='ocr_line' id='line_1_14' title="bbox 611 2437 2116 2514; baseline -0.012 -3"><span class='ocrx_word' id='word_1_52' title='bbox 611 2455 662 2510; x_wconf 80' lang='lat' dir='ltr'><strong>l.</strong></span> <span class='ocrx_word' id='word_1_53' title='bbox 690 2453 772 2506; x_wconf 80' lang='lat' dir='ltr'><strong>An</strong></span> <span class='ocrx_word' id='word_1_54' title='bbox 797 2463 928 2504; x_wconf 89' lang='lat' dir='ltr'><strong>vero</strong></span> <span class='ocrx_word' id='word_1_55' title='bbox 969 2462 1068 2504; x_wconf 89' lang='lat' dir='ltr'><strong>nos</strong></span> <span class='ocrx_word' id='word_1_56' title='bbox 1097 2444 1224 2514; x_wconf 90' lang='lat' dir='ltr'><strong>ipsi,</strong></span> <span class='ocrx_word' id='word_1_57' title='bbox 1271 2443 1362 2514; x_wconf 89' lang='lat' dir='ltr'><strong>qui</strong></span> <span class='ocrx_word' id='word_1_58' title='bbox 1399 2441 1761 2497; x_wconf 69' lang='lat' dir='ltr'><strong>sacrosanctis</strong></span> <span class='ocrx_word' id='word_1_59' title='bbox 1795 2437 2116 2512; x_wconf 73' lang='lat' dir='ltr'><strong>spectaculis</strong></span> 
     </span>
    </p>
   </div>
   <div class='ocr_carea' id='block_1_15' title="bbox 2223 2412 3780 2514">
    <p class='ocr_par' dir='ltr' id='par_1_15' title="bbox 2295 2428 3780 2505">
     <span class='ocr_line' id='line_1_15' title="bbox 2295 2428 3780 2505; baseline -0.007 -14"><span class='ocrx_word' id='word_1_60' title='bbox 2295 2442 2364 2491; x_wconf 81' lang='grc' dir='ltr'><strong>α’.</strong></span> <span class='ocrx_word' id='word_1_61' title='bbox 2398 2436 2464 2489; x_wconf 74' lang='grc' dir='ltr'><strong>Τί</strong></span> <span class='ocrx_word' id='word_1_62' title='bbox 2492 2436 2548 2490; x_wconf 78' lang='grc' dir='ltr'><strong>δὲ</strong></span> <span class='ocrx_word' id='word_1_63' title='bbox 2586 2435 2636 2488; x_wconf 75' lang='grc' dir='ltr'><strong>οι</strong></span> <span class='ocrx_word' id='word_1_64' title='bbox 2683 2435 2790 2488; x_wconf 85' lang='grc' dir='ltr'><strong>τῶν</strong></span> <span class='ocrx_word' id='word_1_65' title='bbox 2827 2432 2989 2505; x_wconf 80' lang='grc' dir='ltr'>ιερῶν</span> <span class='ocrx_word' id='word_1_66' title='bbox 3023 2431 3556 2501; x_wconf 80' lang='grc' dir='ltr'>κατατρυφήσαντες</span> <span class='ocrx_word' id='word_1_67' title='bbox 3594 2428 3780 2498; x_wconf 83' lang='grc' dir='ltr'>θεαμά-</span> 
     </span>
    </p>
   </div>
   <div class='ocr_carea' id='block_1_16' title="bbox 538 2533 2119 2613">
    <p class='ocr_par' dir='ltr' id='par_1_16' title="bbox 538 2533 2119 2613">
     <span class='ocr_line' id='line_1_16' title="bbox 538 2533 2119 2613; baseline -0.011 -10"><span class='ocrx_word' id='word_1_68' title='bbox 538 2547 783 2603; x_wconf 87' lang='lat' dir='ltr'><strong>animum</strong></span> <span class='ocrx_word' id='word_1_69' title='bbox 812 2540 1167 2613; x_wconf 79' lang='lat' dir='ltr'><strong>explevimus,</strong></span> <span class='ocrx_word' id='word_1_70' title='bbox 1229 2536 1453 2604; x_wconf 86' lang='lat' dir='ltr'><strong>locaque</strong></span> <span class='ocrx_word' id='word_1_71' title='bbox 1503 2533 1678 2591; x_wconf 85' lang='lat' dir='ltr'><strong>oculis</strong></span> <span class='ocrx_word' id='word_1_72' title='bbox 1717 2533 2119 2602; x_wconf 85' lang='lat' dir='ltr'><strong>usurpavimus,</strong></span> 
     </span>
    </p>
   </div>
   <div class='ocr_carea' id='block_1_17' title="bbox 538 2620 2118 2705">
    <p class='ocr_par' dir='ltr' id='par_1_17' title="bbox 538 2620 2118 2705">
     <span class='ocr_line' id='line_1_17' title="bbox 538 2620 2118 2705; baseline -0.01 -13"><span class='ocrx_word' id='word_1_73' title='bbox 538 2638 591 2692; x_wconf 92' lang='lat' dir='ltr'><strong>in</strong></span> <span class='ocrx_word' id='word_1_74' title='bbox 643 2635 839 2705; x_wconf 85' lang='lat' dir='ltr'><strong>quibus</strong></span> <span class='ocrx_word' id='word_1_75' title='bbox 884 2631 1024 2685; x_wconf 87' lang='lat' dir='ltr'><strong>Deus</strong></span> <span class='ocrx_word' id='word_1_76' title='bbox 1073 2627 1202 2683; x_wconf 84' lang='lat' dir='ltr'><strong>olim</strong></span> <span class='ocrx_word' id='word_1_77' title='bbox 1256 2633 1504 2680; x_wconf 83' lang='lat' dir='ltr'><strong>versatus</strong></span> <span class='ocrx_word' id='word_1_78' title='bbox 1561 2632 1664 2688; x_wconf 87' lang='lat' dir='ltr'><strong>est,</strong></span> <span class='ocrx_word' id='word_1_79' title='bbox 1699 2632 1753 2678; x_wconf 91' lang='lat' dir='ltr'><strong>et</strong></span> <span class='ocrx_word' id='word_1_80' title='bbox 1817 2620 2118 2695; x_wconf 78' lang='lat' dir='ltr'><strong>fugientem</strong></span> 
     </span>
    </p>
   </div>
   <div class='ocr_carea' id='block_1_18' title="bbox 537 2716 2124 2802">
    <p class='ocr_par' dir='ltr' id='par_1_18' title="bbox 537 2716 2124 2802">
     <span class='ocr_line' id='line_1_18' title="bbox 537 2716 2124 2802; baseline -0.011 -17"><span class='ocrx_word' id='word_1_81' title='bbox 537 2728 792 2802; x_wconf 85' lang='lat' dir='ltr'><strong>populum</strong></span> <span class='ocrx_word' id='word_1_82' title='bbox 849 2739 946 2793; x_wconf 89' lang='lat' dir='ltr'><strong>per</strong></span> <span class='ocrx_word' id='word_1_83' title='bbox 973 2721 1193 2791; x_wconf 77' lang='lat' dir='ltr'><strong>Moysen</strong></span> <span class='ocrx_word' id='word_1_84' title='bbox 1232 2733 1297 2773; x_wconf 80' lang='lat' dir='ltr'><strong>ex</strong></span> <span class='ocrx_word' id='word_1_85' title='bbox 1345 2716 1580 2789; x_wconf 64' lang='lat' dir='ltr'><strong>Egypto</strong></span> <span class='ocrx_word' id='word_1_86' title='bbox 1616 2716 1669 2770; x_wconf 83' lang='lat' dir='ltr'><strong>in</strong></span> <span class='ocrx_word' id='word_1_87' title='bbox 1715 2716 1885 2787; x_wconf 79' lang='lat' dir='ltr'><strong>signis</strong></span> <span class='ocrx_word' id='word_1_88' title='bbox 1922 2727 1973 2769; x_wconf 91' lang='lat' dir='ltr'><strong>et</strong></span> <span class='ocrx_word' id='word_1_89' title='bbox 1997 2730 2124 2785; x_wconf 86' lang='lat' dir='ltr'><strong>pro-</strong></span> 
     </span>
    </p>
   </div>
   <div class='ocr_carea' id='block_1_19' title="bbox 538 2807 2122 2892">
    <p class='ocr_par' dir='ltr' id='par_1_19' title="bbox 538 2807 2122 2892">
     <span class='ocr_line' id='line_1_19' title="bbox 538 2807 2122 2892; baseline -0.011 -14"><span class='ocrx_word' id='word_1_90' title='bbox 538 2821 699 2892; x_wconf 81' lang='lat' dir='ltr'><strong>digiis</strong></span> <span class='ocrx_word' id='word_1_91' title='bbox 749 2816 1007 2880; x_wconf 79' lang='lat' dir='ltr'><strong>deduxit;</strong></span> <span class='ocrx_word' id='word_1_92' title='bbox 1071 2826 1232 2866; x_wconf 90' lang='lat' dir='ltr'><strong>manu</strong></span> <span class='ocrx_word' id='word_1_93' title='bbox 1289 2807 1464 2863; x_wconf 86' lang='lat' dir='ltr'><strong>valida</strong></span> <span class='ocrx_word' id='word_1_94' title='bbox 1521 2807 1755 2878; x_wconf 85' lang='lat' dir='ltr'><strong>populis,</strong></span> <span class='ocrx_word' id='word_1_95' title='bbox 1819 2818 2122 2876; x_wconf 88' lang='lat' dir='ltr'><strong>eorumque</strong></span> 
     </span>
    </p>
   </div>
   <div class='ocr_carea' id='block_1_20' title="bbox 538 2897 2110 2984">
    <p class='ocr_par' dir='ltr' id='par_1_20' title="bbox 538 2897 2110 2984">
     <span class='ocr_line' id='line_1_20' title="bbox 538 2897 2110 2984; baseline -0.018 -16"><span class='ocrx_word' id='word_1_96' title='bbox 538 2911 810 2984; x_wconf 80' lang='lat' dir='ltr'><strong>dynastis,</strong></span> <span class='ocrx_word' id='word_1_97' title='bbox 844 2906 986 2964; x_wconf 86' lang='lat' dir='ltr'><strong>Scon</strong></span> <span class='ocrx_word' id='word_1_98' title='bbox 1020 2916 1144 2975; x_wconf 80' lang='lat' dir='ltr'><strong>rege</strong></span> <span class='ocrx_word' id='word_1_99' title='bbox 1172 2902 1636 2967; x_wconf 70' lang='lat' dir='ltr'><strong>Amorrliasorum,</strong></span> <span class='ocrx_word' id='word_1_100' title='bbox 1664 2909 1716 2955; x_wconf 92' lang='lat' dir='ltr'><strong>et</strong></span> <span class='ocrx_word' id='word_1_101' title='bbox 1749 2899 1828 2970; x_wconf 79' lang='lat' dir='ltr'><strong>Og</strong></span> <span class='ocrx_word' id='word_1_102' title='bbox 1866 2913 1991 2970; x_wconf 78' lang='lat' dir='ltr'><strong>rege</strong></span> <span class='ocrx_word' id='word_1_103' title='bbox 2020 2897 2110 2952; x_wconf 71' lang='lat' dir='ltr'><strong>Ba.</strong></span> 
     </span>
    </p>
   </div>
   <div class='ocr_carea' id='block_1_21' title="bbox 537 2990 2122 3068">
    <p class='ocr_par' dir='ltr' id='par_1_21' title="bbox 537 2990 2122 3068">
     <span class='ocr_line' id='line_1_21' title="bbox 537 2990 2122 3068; baseline -0.009 -10"><span class='ocrx_word' id='word_1_104' title='bbox 537 3019 656 3068; x_wconf 85' lang='lat' dir='ltr'><strong>san,</strong></span> <span class='ocrx_word' id='word_1_105' title='bbox 682 3009 735 3056; x_wconf 90' lang='lat' dir='ltr'><strong>et</strong></span> <span class='ocrx_word' id='word_1_106' title='bbox 767 2998 1031 3054; x_wconf 85' lang='lat' dir='ltr'><strong>universis</strong></span> <span class='ocrx_word' id='word_1_107' title='bbox 1075 2993 1256 3065; x_wconf 74' lang='lat' dir='ltr'><strong>regnis</strong></span> <span class='ocrx_word' id='word_1_108' title='bbox 1302 2991 1560 3048; x_wconf 78' lang='lat' dir='ltr'><strong>Chanaan</strong></span> <span class='ocrx_word' id='word_1_109' title='bbox 1620 2990 1925 3056; x_wconf 79' lang='lat' dir='ltr'><strong>debellatis,</strong></span> <span class='ocrx_word' id='word_1_110' title='bbox 1957 3000 2122 3060; x_wconf 80' lang='lat' dir='ltr'><strong>alque</strong></span> 
     </span>
    </p>
   </div>
   <div class='ocr_carea' id='block_1_22' title="bbox 536 3082 2119 3156">
    <p class='ocr_par' dir='ltr' id='par_1_22' title="bbox 536 3082 2119 3156">
     <span class='ocr_line' id='line_1_22' title="bbox 536 3082 2119 3156; baseline -0.01 -4"><span class='ocrx_word' id='word_1_111' title='bbox 536 3094 753 3152; x_wconf 81' lang='lat' dir='ltr'><strong>excelso</strong></span> <span class='ocrx_word' id='word_1_112' title='bbox 799 3090 1048 3153; x_wconf 87' lang='lat' dir='ltr'><strong>brachio,</strong></span> <span class='ocrx_word' id='word_1_113' title='bbox 1087 3087 1142 3142; x_wconf 91' lang='lat' dir='ltr'><strong>in</strong></span> <span class='ocrx_word' id='word_1_114' title='bbox 1196 3101 1383 3141; x_wconf 91' lang='lat' dir='ltr'><strong>eorum</strong></span> <span class='ocrx_word' id='word_1_115' title='bbox 1423 3084 1563 3150; x_wconf 84' lang='lat' dir='ltr'><strong>loco,</strong></span> <span class='ocrx_word' id='word_1_116' title='bbox 1601 3084 1887 3156; x_wconf 75' lang='lat' dir='ltr'><strong>peregrino</strong></span> <span class='ocrx_word' id='word_1_117' title='bbox 1918 3082 2119 3152; x_wconf 88' lang='lat' dir='ltr'><strong>p0pulo</strong></span> 
     </span>
    </p>
   </div>
   <div class='ocr_carea' id='block_1_23' title="bbox 536 3175 2114 3256">
    <p class='ocr_par' dir='ltr' id='par_1_23' title="bbox 536 3175 2114 3256">
     <span class='ocr_line' id='line_1_23' title="bbox 536 3175 2114 3256; baseline -0.01 -13"><span class='ocrx_word' id='word_1_118' title='bbox 536 3186 802 3245; x_wconf 85' lang='lat' dir='ltr'><strong>collocato</strong></span> <span class='ocrx_word' id='word_1_119' title='bbox 831 3202 846 3253; x_wconf 90' lang='lat'>;</span> <span class='ocrx_word' id='word_1_120' title='bbox 881 3198 1038 3256; x_wconf 86' lang='lat' dir='ltr'><strong>quem</strong></span> <span class='ocrx_word' id='word_1_121' title='bbox 1085 3181 1137 3235; x_wconf 92' lang='lat' dir='ltr'><strong>in</strong></span> <span class='ocrx_word' id='word_1_122' title='bbox 1177 3189 1385 3235; x_wconf 91' lang='lat' dir='ltr'><strong>tantum</strong></span> <span class='ocrx_word' id='word_1_123' title='bbox 1429 3178 1579 3232; x_wconf 76' lang='lat' dir='ltr'><strong>auxit</strong></span> <span class='ocrx_word' id='word_1_124' title='bbox 1611 3187 1774 3246; x_wconf 83' lang='lat' dir='ltr'><strong>alque</strong></span> <span class='ocrx_word' id='word_1_125' title='bbox 1807 3175 2114 3246; x_wconf 72' lang='lat' dir='ltr'><strong>ampliavit,</strong></span> 
     </span>
    </p>
   </div>
   <div class='ocr_carea' id='block_1_24' title="bbox 2222 2515 3780 2601">
    <p class='ocr_par' dir='ltr' id='par_1_24' title="bbox 2222 2515 3780 2601">
     <span class='ocr_line' id='line_1_24' title="bbox 2222 2515 3780 2601; baseline -0.006 -18"><span class='ocrx_word' id='word_1_126' title='bbox 2222 2546 2333 2583; x_wconf 84' lang='grc' dir='ltr'>των</span> <span class='ocrx_word' id='word_1_127' title='bbox 2368 2529 2552 2601; x_wconf 79' lang='grc' dir='ltr'>ἡμεῖς,</span> <span class='ocrx_word' id='word_1_128' title='bbox 2587 2527 2679 2581; x_wconf 70' lang='grc' dir='ltr'><strong>καὶ</strong></span> <span class='ocrx_word' id='word_1_129' title='bbox 2703 2526 2902 2588; x_wconf 77' lang='grc' dir='ltr'><strong>τόπους</strong></span> <span class='ocrx_word' id='word_1_130' title='bbox 2951 2524 3172 2586; x_wconf 73' lang='grc' dir='ltr'>ἰδόντες.</span> <span class='ocrx_word' id='word_1_131' title='bbox 3214 2520 3300 2590; x_wconf 76' lang='grc' dir='ltr'><strong>ἐφ’</strong></span> <span class='ocrx_word' id='word_1_132' title='bbox 3326 2515 3410 2585; x_wconf 71' lang='grc' dir='ltr'>οἷς</span> <span class='ocrx_word' id='word_1_133' title='bbox 3447 2519 3585 2583; x_wconf 79' lang='grc' dir='ltr'>Θεὸς</span> <span class='ocrx_word' id='word_1_134' title='bbox 3633 2520 3780 2574; x_wconf 79' lang='grc' dir='ltr'>πάλαι</span> 
     </span>
    </p>
   </div>
   <div class='ocr_carea' id='block_1_25' title="bbox 2228 2613 3782 2698">
    <p class='ocr_par' dir='ltr' id='par_1_25' title="bbox 2228 2613 3782 2698">
     <span class='ocr_line' id='line_1_25' title="bbox 2228 2613 3782 2698; baseline -0.007 -20"><span class='ocrx_word' id='word_1_135' title='bbox 2228 2624 2327 2698; x_wconf 73' lang='grc' dir='ltr'>μὲν</span> <span class='ocrx_word' id='word_1_136' title='bbox 2354 2623 2718 2694; x_wconf 74' lang='grc' dir='ltr'>ἐχρημάτισε,</span> <span class='ocrx_word' id='word_1_137' title='bbox 2747 2619 2878 2674; x_wconf 82' lang='grc' dir='ltr'>λαὸν</span> <span class='ocrx_word' id='word_1_138' title='bbox 2906 2617 3126 2689; x_wconf 75' lang='grc' dir='ltr'>φυγάδα</span> <span class='ocrx_word' id='word_1_139' title='bbox 3149 2615 3237 2670; x_wconf 74' lang='grc' dir='ltr'><strong>διὰ</strong></span> <span class='ocrx_word' id='word_1_140' title='bbox 3262 2614 3513 2677; x_wconf 80' lang='grc' dir='ltr'><strong>Μωσέως</strong></span> <span class='ocrx_word' id='word_1_141' title='bbox 3542 2613 3602 2680; x_wconf 79' lang='grc' dir='ltr'>ιξ</span> <span class='ocrx_word' id='word_1_142' title='bbox 3629 2613 3782 2682; x_wconf 69' lang='grc' dir='ltr'><strong>Αἰγῦ-</strong></span> 
     </span>
    </p>
   </div>
   <div class='ocr_carea' id='block_1_26' title="bbox 2225 2704 3780 2786">
    <p class='ocr_par' dir='ltr' id='par_1_26' title="bbox 2225 2704 3780 2786">
     <span class='ocr_line' id='line_1_26' title="bbox 2225 2704 3780 2786; baseline -0.008 -17"><span class='ocrx_word' id='word_1_143' title='bbox 2225 2731 2362 2770; x_wconf 87' lang='grc' dir='ltr'>πτου</span> <span class='ocrx_word' id='word_1_144' title='bbox 2391 2716 2449 2768; x_wconf 71' lang='grc' dir='ltr'>ἐν</span> <span class='ocrx_word' id='word_1_145' title='bbox 2479 2715 2673 2786; x_wconf 78' lang='grc' dir='ltr'>τέρασι</span> <span class='ocrx_word' id='word_1_146' title='bbox 2705 2713 2800 2765; x_wconf 76' lang='grc' dir='ltr'>καὶ</span> <span class='ocrx_word' id='word_1_147' title='bbox 2842 2710 3093 2781; x_wconf 77' lang='grc' dir='ltr'><strong>σημείοις</strong></span> <span class='ocrx_word' id='word_1_148' title='bbox 3122 2704 3448 2778; x_wconf 83' lang='grc' dir='ltr'>μεταγαγὼν</span> <span class='ocrx_word' id='word_1_149' title='bbox 3491 2705 3636 2776; x_wconf 73' lang='grc' dir='ltr'>χειρὶ</span> <span class='ocrx_word' id='word_1_150' title='bbox 3661 2722 3780 2774; x_wconf 80' lang='grc' dir='ltr'>κρα-</span> 
     </span>
    </p>
   </div>
   <div class='ocr_carea' id='block_1_27' title="bbox 2222 2798 3784 2881">
    <p class='ocr_par' dir='ltr' id='par_1_27' title="bbox 2222 2798 3784 2881">
     <span class='ocr_line' id='line_1_27' title="bbox 2222 2798 3784 2881; baseline -0.008 -17"><span class='ocrx_word' id='word_1_151' title='bbox 2222 2812 2371 2881; x_wconf 72' lang='grc' dir='ltr'>ταιᾷ,</span> <span class='ocrx_word' id='word_1_152' title='bbox 2406 2807 2656 2873; x_wconf 78' lang='grc' dir='ltr'>πατάξας</span> <span class='ocrx_word' id='word_1_153' title='bbox 2686 2806 2814 2876; x_wconf 75' lang='grc' dir='ltr'><strong>ἔθνη</strong></span> <span class='ocrx_word' id='word_1_154' title='bbox 2859 2804 2952 2858; x_wconf 69' lang='grc' dir='ltr'><strong>καὶ</strong></span> <span class='ocrx_word' id='word_1_155' title='bbox 2980 2804 3250 2865; x_wconf 79' lang='grc' dir='ltr'><strong>δυνάστας</strong></span> <span class='ocrx_word' id='word_1_156' title='bbox 3278 2800 3487 2863; x_wconf 80' lang='grc' dir='ltr'>αὐτῶν,</span> <span class='ocrx_word' id='word_1_157' title='bbox 3522 2800 3616 2854; x_wconf 81' lang='grc' dir='ltr'>τὸν</span> <span class='ocrx_word' id='word_1_158' title='bbox 3647 2798 3784 2869; x_wconf 87' lang='grc' dir='ltr'><strong>Σηὼν</strong></span> 
     </span>
    </p>
   </div>
   <div class='ocr_carea' id='block_1_28' title="bbox 2227 2889 3782 2976">
    <p class='ocr_par' dir='ltr' id='par_1_28' title="bbox 2227 2889 3782 2976">
     <span class='ocr_line' id='line_1_28' title="bbox 2227 2889 3782 2976; baseline -0.009 -21"><span class='ocrx_word' id='word_1_159' title='bbox 2227 2901 2452 2976; x_wconf 80' lang='grc' dir='ltr'><strong>βασιλέα</strong></span> <span class='ocrx_word' id='word_1_160' title='bbox 2481 2899 2594 2954; x_wconf 81' lang='grc' dir='ltr'><strong>τῶν</strong></span> <span class='ocrx_word' id='word_1_161' title='bbox 2626 2897 3019 2970; x_wconf 74' lang='grc' dir='ltr'>’Δμωρῤαίων,</span> <span class='ocrx_word' id='word_1_162' title='bbox 3049 2896 3144 2947; x_wconf 70' lang='grc' dir='ltr'><strong>καὶ</strong></span> <span class='ocrx_word' id='word_1_163' title='bbox 3181 2893 3272 2946; x_wconf 78' lang='grc' dir='ltr'>τὸν</span> <span class='ocrx_word' id='word_1_164' title='bbox 3306 2893 3409 2960; x_wconf 89' lang='grc' dir='ltr'>Ὢγ</span> <span class='ocrx_word' id='word_1_165' title='bbox 3449 2891 3673 2961; x_wconf 79' lang='grc' dir='ltr'>βασιλέα</span> <span class='ocrx_word' id='word_1_166' title='bbox 3697 2889 3782 2958; x_wconf 77' lang='grc' dir='ltr'>τῆς</span> 
     </span>
    </p>
   </div>
   <div class='ocr_carea' id='block_1_29' title="bbox 2223 2983 3786 3061">
    <p class='ocr_par' dir='ltr' id='par_1_29' title="bbox 2223 2983 3786 3061">
     <span class='ocr_line' id='line_1_29' title="bbox 2223 2983 3786 3061; baseline -0.007 -14"><span class='ocrx_word' id='word_1_167' title='bbox 2223 2994 2426 3061; x_wconf 83' lang='grc' dir='ltr'>Βασὰν,</span> <span class='ocrx_word' id='word_1_168' title='bbox 2472 2992 2566 3052; x_wconf 75' lang='grc' dir='ltr'><strong>καὶ</strong></span> <span class='ocrx_word' id='word_1_169' title='bbox 2615 2994 2798 3054; x_wconf 74' lang='grc' dir='ltr'>πασας</span> <span class='ocrx_word' id='word_1_170' title='bbox 2843 2991 2943 3054; x_wconf 85' lang='grc' dir='ltr'><strong>τὰς</strong></span> <span class='ocrx_word' id='word_1_171' title='bbox 2987 2987 3270 3058; x_wconf 71' lang='grc' dir='ltr'>βασιλείας</span> <span class='ocrx_word' id='word_1_172' title='bbox 3309 2986 3538 3039; x_wconf 75' lang='grc' dir='ltr'>Χαναὰν</span> <span class='ocrx_word' id='word_1_173' title='bbox 3597 2983 3686 3039; x_wconf 72' lang='grc' dir='ltr'><strong>καὶ</strong></span> <span class='ocrx_word' id='word_1_174' title='bbox 3735 2985 3786 3037; x_wconf 65' lang='grc' dir='ltr'>ἐν</span> 
     </span>
    </p>
   </div>
   <div class='ocr_carea' id='block_1_30' title="bbox 2228 3076 3781 3160">
    <p class='ocr_par' dir='ltr' id='par_1_30' title="bbox 2228 3076 3781 3160">
     <span class='ocr_line' id='line_1_30' title="bbox 2228 3076 3781 3160; baseline -0.008 -19"><span class='ocrx_word' id='word_1_175' title='bbox 2228 3087 2478 3160; x_wconf 69' lang='grc' dir='ltr'>βραχίονι</span> <span class='ocrx_word' id='word_1_176' title='bbox 2526 3082 2716 3155; x_wconf 76' lang='grc' dir='ltr'>ὑψηλῷ</span> <span class='ocrx_word' id='word_1_177' title='bbox 2767 3078 3168 3151; x_wconf 75' lang='grc' dir='ltr'>ὲγκαθιδρύσας</span> <span class='ocrx_word' id='word_1_178' title='bbox 3226 3080 3344 3131; x_wconf 72' lang='grc' dir='ltr'><strong>ἐκεῖ</strong></span> <span class='ocrx_word' id='word_1_179' title='bbox 3387 3078 3524 3132; x_wconf 73' lang='grc' dir='ltr'>λαὸν</span> <span class='ocrx_word' id='word_1_180' title='bbox 3572 3076 3781 3144; x_wconf 77' lang='grc' dir='ltr'>ἔπηλυν,</span> 
     </span>
    </p>
   </div>
   <div class='ocr_carea' id='block_1_31' title="bbox 2220 3171 3786 3243">
    <p class='ocr_par' dir='ltr' id='par_1_31' title="bbox 2220 3171 3786 3243">
     <span class='ocr_line' id='line_1_31' title="bbox 2220 3171 3786 3243; baseline -0.008 -9"><span class='ocrx_word' id='word_1_181' title='bbox 2220 3180 2316 3234; x_wconf 74' lang='grc' dir='ltr'><strong>καὶ</strong></span> <span class='ocrx_word' id='word_1_182' title='bbox 2350 3175 2607 3233; x_wconf 77' lang='grc' dir='ltr'>τοσοῦτον</span> <span class='ocrx_word' id='word_1_183' title='bbox 2639 3175 2882 3243; x_wconf 80' lang='grc' dir='ltr'>αὐξήσας</span> <span class='ocrx_word' id='word_1_184' title='bbox 2908 3173 3035 3226; x_wconf 77' lang='grc' dir='ltr'>ὅσον</span> <span class='ocrx_word' id='word_1_185' title='bbox 3059 3173 3116 3226; x_wconf 82' lang='grc' dir='ltr'>αἱ</span> <span class='ocrx_word' id='word_1_186' title='bbox 3153 3171 3294 3226; x_wconf 74' lang='grc' dir='ltr'>θεῖαι</span> <span class='ocrx_word' id='word_1_187' title='bbox 3318 3172 3634 3241; x_wconf 83' lang='grc' dir='ltr'>παριστῶσι</span> <span class='ocrx_word' id='word_1_188' title='bbox 3663 3171 3786 3240; x_wconf 76' lang='grc' dir='ltr'>Γρσο</span> 
     </span>
    </p>
   </div>
   <div class='ocr_carea' id='block_1_32' title="bbox 536 3260 2116 3353">
    <p class='ocr_par' dir='ltr' id='par_1_32' title="bbox 536 3272 2116 3353">
     <span class='ocr_line' id='line_1_32' title="bbox 536 3272 2116 3353; baseline -0.007 -17"><span class='ocrx_word' id='word_1_189' title='bbox 536 3291 795 3353; x_wconf 85' lang='lat' dir='ltr'><strong>quantum</strong></span> <span class='ocrx_word' id='word_1_190' title='bbox 841 3279 996 3333; x_wconf 89' lang='lat' dir='ltr'><strong>nobis</strong></span> <span class='ocrx_word' id='word_1_191' title='bbox 1029 3276 1222 3331; x_wconf 83' lang='lat' dir='ltr'><strong>divinae</strong></span> <span class='ocrx_word' id='word_1_192' title='bbox 1278 3272 1502 3328; x_wconf 77' lang='lat' dir='ltr'><strong>Littera:</strong></span> <span class='ocrx_word' id='word_1_193' title='bbox 1550 3272 1826 3339; x_wconf 74' lang='lat' dir='ltr'><strong>ingerunt,</strong></span> <span class='ocrx_word' id='word_1_194' title='bbox 1886 3285 2116 3341; x_wconf 69' lang='lat' dir='ltr'><strong>quaeque</strong></span> 
     </span>
    </p>
   </div>
   <div class='ocr_carea' id='block_1_33' title="bbox 2223 3260 3783 3353">
    <p class='ocr_par' dir='ltr' id='par_1_33' title="bbox 2223 3260 3783 3340">
     <span class='ocr_line' id='line_1_33' title="bbox 2223 3260 3783 3340; baseline -0.008 -16"><span class='ocrx_word' id='word_1_195' title='bbox 2223 3269 2344 3340; x_wconf 69' lang='grc' dir='ltr'>φαὶ,</span> <span class='ocrx_word' id='word_1_196' title='bbox 2384 3268 2473 3323; x_wconf 67' lang='grc' dir='ltr'><strong>ἐπ’</strong></span> <span class='ocrx_word' id='word_1_197' title='bbox 2515 3268 2764 3338; x_wconf 73' lang='grc' dir='ltr'>ἐσχάτων</span> <span class='ocrx_word' id='word_1_198' title='bbox 2797 3266 2852 3319; x_wconf 84' lang='grc' dir='ltr'><strong>δὲ</strong></span> <span class='ocrx_word' id='word_1_199' title='bbox 2884 3265 2974 3320; x_wconf 80' lang='grc' dir='ltr'><strong>διὰ</strong></span> <span class='ocrx_word' id='word_1_200' title='bbox 3013 3266 3111 3334; x_wconf 74' lang='grc' dir='ltr'>τῆς</span> <span class='ocrx_word' id='word_1_201' title='bbox 3143 3263 3236 3317; x_wconf 78' lang='grc' dir='ltr'><strong>τοῦ</strong></span> <span class='ocrx_word' id='word_1_202' title='bbox 3264 3261 3611 3330; x_wconf 81' lang='grc' dir='ltr'>Μονογενοῦς</span> <span class='ocrx_word' id='word_1_203' title='bbox 3637 3260 3783 3314; x_wconf 85' lang='grc' dir='ltr'><strong>αὗτοῦ</strong></span> 
     </span>
    </p>
   </div>
   <div class='ocr_carea' id='block_1_34' title="bbox 537 3353 2116 3444">
    <p class='ocr_par' dir='ltr' id='par_1_34' title="bbox 537 3359 2116 3444">
     <span class='ocr_line' id='line_1_34' title="bbox 537 3359 2116 3444; baseline -0.009 -15"><span class='ocrx_word' id='word_1_204' title='bbox 537 3369 830 3444; x_wconf 77' lang='lat' dir='ltr'><strong>postremis</strong></span> <span class='ocrx_word' id='word_1_205' title='bbox 879 3367 1073 3424; x_wconf 85' lang='lat' dir='ltr'><strong>deinde</strong></span> <span class='ocrx_word' id='word_1_206' title='bbox 1143 3365 1475 3435; x_wconf 87' lang='lat' dir='ltr'><strong>temporibus</strong></span> <span class='ocrx_word' id='word_1_207' title='bbox 1538 3378 1634 3431; x_wconf 89' lang='lat' dir='ltr'><strong>per</strong></span> <span class='ocrx_word' id='word_1_208' title='bbox 1689 3360 1968 3435; x_wconf 64' lang='lat' dir='ltr'><strong>Unigeniti</strong></span> <span class='ocrx_word' id='word_1_209' title='bbox 2031 3359 2116 3417; x_wconf 86' lang='lat' dir='ltr'><strong>sui</strong></span> 
     </span>
    </p>
   </div>
   <div class='ocr_carea' id='block_1_35' title="bbox 2223 3353 3788 3444">
    <p class='ocr_par' dir='ltr' id='par_1_35' title="bbox 2223 3353 3788 3432">
     <span class='ocr_line' id='line_1_35' title="bbox 2223 3353 3788 3432; baseline -0.008 -15"><span class='ocrx_word' id='word_1_210' title='bbox 2223 3363 2376 3426; x_wconf 78' lang='grc' dir='ltr'>θείας</span> <span class='ocrx_word' id='word_1_211' title='bbox 2414 3361 2887 3432; x_wconf 77' lang='grc' dir='ltr'>ὲνανθρωπήσεως</span> <span class='ocrx_word' id='word_1_212' title='bbox 2925 3357 3270 3426; x_wconf 78' lang='grc' dir='ltr'>καθαγιάσας</span> <span class='ocrx_word' id='word_1_213' title='bbox 3325 3355 3552 3420; x_wconf 77' lang='grc' dir='ltr'>αὐτοὺς,</span> <span class='ocrx_word' id='word_1_214' title='bbox 3605 3355 3694 3407; x_wconf 77' lang='grc' dir='ltr'><strong>καὶ</strong></span> <span class='ocrx_word' id='word_1_215' title='bbox 3735 3353 3788 3406; x_wconf 77' lang='grc' dir='ltr'>τὸ</span> 
     </span>
    </p>
   </div>
   <div class='ocr_carea' id='block_1_36' title="bbox 535 3447 2116 3525">
    <p class='ocr_par' dir='ltr' id='par_1_36' title="bbox 535 3459 2116 3525">
     <span class='ocr_line' id='line_1_36' title="bbox 535 3459 2116 3525; baseline -0.008 0"><span class='ocrx_word' id='word_1_216' title='bbox 535 3469 777 3524; x_wconf 82' lang='lat' dir='ltr'><strong>divinam</strong></span> <span class='ocrx_word' id='word_1_217' title='bbox 853 3464 1290 3520; x_wconf 77' lang='lat' dir='ltr'><strong>incarnationem</strong></span> <span class='ocrx_word' id='word_1_218' title='bbox 1355 3459 1739 3525; x_wconf 78' lang='lat' dir='ltr'><strong>sanctificavit,</strong></span> <span class='ocrx_word' id='word_1_219' title='bbox 1794 3459 2116 3514; x_wconf 86' lang='lat' dir='ltr'><strong>admirando</strong></span> 
     </span>
    </p>
   </div>
   <div class='ocr_carea' id='block_1_37' title="bbox 2223 3447 3783 3525">
    <p class='ocr_par' dir='ltr' id='par_1_37' title="bbox 2223 3447 3783 3525">
     <span class='ocr_line' id='line_1_37' title="bbox 2223 3447 3783 3525; baseline -0.006 -17"><span class='ocrx_word' id='word_1_220' title='bbox 2223 3453 2542 3525; x_wconf 78' lang='grc' dir='ltr'>θαυμαστὸν</span> <span class='ocrx_word' id='word_1_221' title='bbox 2569 3447 2732 3524; x_wconf 77' lang='grc' dir='ltr'>ἔργον</span> <span class='ocrx_word' id='word_1_222' title='bbox 2771 3453 2869 3520; x_wconf 80' lang='grc' dir='ltr'>τῆς</span> <span class='ocrx_word' id='word_1_223' title='bbox 2899 3449 3058 3521; x_wconf 75' lang='grc' dir='ltr'>ἡμῶν</span> <span class='ocrx_word' id='word_1_224' title='bbox 3091 3448 3386 3511; x_wconf 68' lang='grc' dir='ltr'>ἐκτελέσας</span> <span class='ocrx_word' id='word_1_225' title='bbox 3416 3449 3783 3508; x_wconf 73' lang='grc' dir='ltr'>άναπλάσεως,</span> 
     </span>
    </p>
   </div>
   <div class='ocr_carea' id='block_1_38' title="bbox 538 3540 2116 3626">
    <p class='ocr_par' dir='ltr' id='par_1_38' title="bbox 538 3553 2116 3626">
     <span class='ocr_line' id='line_1_38' title="bbox 538 3553 2116 3626; baseline -0.008 -8"><span class='ocrx_word' id='word_1_226' title='bbox 538 3572 735 3618; x_wconf 66' lang='lat' dir='ltr'><strong>nostra:</strong></span> <span class='ocrx_word' id='word_1_227' title='bbox 765 3557 1130 3614; x_wconf 85' lang='lat' dir='ltr'><strong>renovationis</strong></span> <span class='ocrx_word' id='word_1_228' title='bbox 1150 3569 1312 3626; x_wconf 89' lang='lat' dir='ltr'><strong>opere</strong></span> <span class='ocrx_word' id='word_1_229' title='bbox 1333 3554 1576 3609; x_wconf 85' lang='lat' dir='ltr'><strong>absoluto</strong></span> <span class='ocrx_word' id='word_1_230' title='bbox 1603 3571 1615 3605; x_wconf 91' lang='lat'><strong>:</strong></span> <span class='ocrx_word' id='word_1_231' title='bbox 1639 3555 1718 3608; x_wconf 81' lang='lat' dir='ltr'><strong>An</strong></span> <span class='ocrx_word' id='word_1_232' title='bbox 1747 3567 1866 3618; x_wconf 89' lang='lat' dir='ltr'><strong>nos,</strong></span> <span class='ocrx_word' id='word_1_233' title='bbox 1898 3553 2116 3621; x_wconf 86' lang='lat' dir='ltr'><strong>inquam</strong></span> 
     </span>
    </p>
   </div>
   <div class='ocr_carea' id='block_1_39' title="bbox 2223 3540 3787 3626">
    <p class='ocr_par' dir='ltr' id='par_1_39' title="bbox 2225 3540 3787 3619">
     <span class='ocr_line' id='line_1_39' title="bbox 2225 3540 3787 3619; baseline -0.008 -17"><span class='ocrx_word' id='word_1_234' title='bbox 2225 3549 2375 3619; x_wconf 82' lang='grc' dir='ltr'><strong>μόνοι</strong></span> <span class='ocrx_word' id='word_1_235' title='bbox 2405 3547 2500 3601; x_wconf 85' lang='grc' dir='ltr'>τοῦ</span> <span class='ocrx_word' id='word_1_236' title='bbox 2546 3542 2757 3615; x_wconf 80' lang='grc' dir='ltr'>ἀγαθοῦ</span> <span class='ocrx_word' id='word_1_237' title='bbox 2790 3544 2948 3598; x_wconf 77' lang='grc' dir='ltr'>τοῦδε</span> <span class='ocrx_word' id='word_1_238' title='bbox 2992 3541 3375 3614; x_wconf 81' lang='grc' dir='ltr'>μετάσχωμεν,</span> <span class='ocrx_word' id='word_1_239' title='bbox 3411 3543 3547 3604; x_wconf 73' lang='grc' dir='ltr'>τοὺς</span> <span class='ocrx_word' id='word_1_240' title='bbox 3591 3540 3787 3610; x_wconf 73' lang='grc' dir='ltr'>λίχνους</span> 
     </span>
    </p>
   </div>
   <div class='ocr_carea' id='block_1_40' title="bbox 537 3633 2116 3727">
    <p class='ocr_par' dir='ltr' id='par_1_40' title="bbox 537 3646 2116 3727">
     <span class='ocr_line' id='line_1_40' title="bbox 537 3646 2116 3727; baseline -0.008 -18"><span class='ocrx_word' id='word_1_241' title='bbox 537 3655 628 3727; x_wconf 88' lang='lat' dir='ltr'><strong>qui</strong></span> <span class='ocrx_word' id='word_1_242' title='bbox 663 3655 778 3710; x_wconf 65' lang='lat' dir='ltr'><strong>haec</strong></span> <span class='ocrx_word' id='word_1_243' title='bbox 829 3649 1227 3723; x_wconf 84' lang='lat' dir='ltr'><strong>perspeximus,</strong></span> <span class='ocrx_word' id='word_1_244' title='bbox 1257 3647 1354 3700; x_wconf 87' lang='lat' dir='ltr'><strong>soli</strong></span> <span class='ocrx_word' id='word_1_245' title='bbox 1409 3646 1706 3714; x_wconf 83' lang='lat' dir='ltr'><strong>participes</strong></span> <span class='ocrx_word' id='word_1_246' title='bbox 1758 3646 1985 3711; x_wconf 87' lang='lat' dir='ltr'><strong>erimus,</strong></span> <span class='ocrx_word' id='word_1_247' title='bbox 2023 3646 2116 3698; x_wconf 82' lang='lat' dir='ltr'><strong>lte-</strong></span> 
     </span>
    </p>
   </div>
   <div class='ocr_carea' id='block_1_41' title="bbox 2223 3633 3788 3727">
    <p class='ocr_par' dir='ltr' id='par_1_41' title="bbox 2223 3633 3788 3710">
     <span class='ocr_line' id='line_1_41' title="bbox 2223 3633 3788 3710; baseline -0.007 -17"><span class='ocrx_word' id='word_1_248' title='bbox 2223 3643 2354 3710; x_wconf 75' lang='grc' dir='ltr'>περὶ</span> <span class='ocrx_word' id='word_1_249' title='bbox 2375 3641 2475 3704; x_wconf 63' lang='grc' dir='ltr'><strong>τὰς</strong></span> <span class='ocrx_word' id='word_1_250' title='bbox 2502 3638 2733 3710; x_wconf 83' lang='grc' dir='ltr'>βρώσεις</span> <span class='ocrx_word' id='word_1_251' title='bbox 2769 3637 3128 3708; x_wconf 79' lang='grc' dir='ltr'>μιμούμενοις</span> <span class='ocrx_word' id='word_1_252' title='bbox 3165 3634 3275 3686; x_wconf 69' lang='grc' dir='ltr'><strong>Καὶ.</strong></span> <span class='ocrx_word' id='word_1_253' title='bbox 3323 3633 3424 3686; x_wconf 82' lang='grc' dir='ltr'>ποῦ</span> <span class='ocrx_word' id='word_1_254' title='bbox 3462 3634 3525 3686; x_wconf 74' lang='grc' dir='ltr'><strong>τὸ</strong></span> <span class='ocrx_word' id='word_1_255' title='bbox 3561 3649 3788 3685; x_wconf 77' lang='grc' dir='ltr'>κοινωνι·</span> 
     </span>
    </p>
   </div>
   <div class='ocr_carea' id='block_1_42' title="bbox 538 3719 2116 3814">
    <p class='ocr_par' dir='ltr' id='par_1_42' title="bbox 538 3719 2116 3814">
     <span class='ocr_line' id='line_1_42' title="bbox 538 3719 2116 3814; baseline -0.009 -10"><span class='ocrx_word' id='word_1_256' title='bbox 538 3719 731 3806; x_wconf 68' lang='lat' dir='ltr'><strong>litones</strong></span> <span class='ocrx_word' id='word_1_257' title='bbox 779 3719 842 3804; x_wconf 74' lang='lat' dir='ltr'><strong>et</strong></span> <span class='ocrx_word' id='word_1_258' title='bbox 882 3719 1122 3814; x_wconf 71' lang='lat' dir='ltr'><strong>gurgites</strong></span> <span class='ocrx_word' id='word_1_259' title='bbox 1187 3743 1240 3799; x_wconf 92' lang='lat' dir='ltr'><strong>in</strong></span> <span class='ocrx_word' id='word_1_260' title='bbox 1295 3743 1431 3797; x_wconf 89' lang='lat' dir='ltr'><strong>cibis</strong></span> <span class='ocrx_word' id='word_1_261' title='bbox 1480 3738 1805 3795; x_wconf 86' lang='lat' dir='ltr'><strong>devoraudis</strong></span> <span class='ocrx_word' id='word_1_262' title='bbox 1835 3735 2116 3793; x_wconf 70' lang='lat' dir='ltr'><strong>tumulati?</strong></span> 
     </span>
    </p>
   </div>
   <div class='ocr_carea' id='block_1_43' title="bbox 2223 3719 3788 3814">
    <p class='ocr_par' dir='ltr' id='par_1_43' title="bbox 2223 3719 3788 3801">
     <span class='ocr_line' id='line_1_43' title="bbox 2223 3719 3788 3801; baseline -0.006 -16"><span class='ocrx_word' id='word_1_263' title='bbox 2223 3731 2318 3785; x_wconf 78' lang='grc' dir='ltr'>κδν</span> <span class='ocrx_word' id='word_1_264' title='bbox 2348 3733 2444 3785; x_wconf 74' lang='grc' dir='ltr'><strong>καὶ</strong></span> <span class='ocrx_word' id='word_1_265' title='bbox 2474 3728 2798 3801; x_wconf 80' lang='grc' dir='ltr'>φιλάλληλον</span> <span class='ocrx_word' id='word_1_266' title='bbox 2832 3731 3110 3798; x_wconf 78' lang='grc' dir='ltr'>φανεῖται,</span> <span class='ocrx_word' id='word_1_267' title='bbox 3137 3726 3206 3780; x_wconf 82' lang='grc' dir='ltr'><strong>δι’</strong></span> <span class='ocrx_word' id='word_1_268' title='bbox 3253 3719 3329 3780; x_wconf 80' lang='grc' dir='ltr'><strong>ὧν</strong></span> <span class='ocrx_word' id='word_1_269' title='bbox 3363 3728 3423 3778; x_wconf 77' lang='grc' dir='ltr'><strong>τὸ</strong></span> <span class='ocrx_word' id='word_1_270' title='bbox 3454 3728 3555 3797; x_wconf 82' lang='grc' dir='ltr'>τῆς</span> <span class='ocrx_word' id='word_1_271' title='bbox 3586 3726 3788 3793; x_wconf 83' lang='grc' dir='ltr'>ἀγάπης</span> 
     </span>
    </p>
   </div>
   <div class='ocr_carea' id='block_1_44' title="bbox 535 3833 2120 3908">
    <p class='ocr_par' dir='ltr' id='par_1_44' title="bbox 535 3833 2120 3908">
     <span class='ocr_line' id='line_1_44' title="bbox 535 3833 2120 3908; baseline -0.01 -10"><span class='ocrx_word' id='word_1_272' title='bbox 535 3844 635 3898; x_wconf 78' lang='lat' dir='ltr'><strong>Ast</strong></span> <span class='ocrx_word' id='word_1_273' title='bbox 687 3841 902 3899; x_wconf 85' lang='lat' dir='ltr'><strong>ubinam</strong></span> <span class='ocrx_word' id='word_1_274' title='bbox 955 3837 1198 3908; x_wconf 77' lang='lat' dir='ltr'><strong>gentium</strong></span> <span class='ocrx_word' id='word_1_275' title='bbox 1231 3833 1493 3889; x_wconf 89' lang='lat' dir='ltr'><strong>naturalis</strong></span> <span class='ocrx_word' id='word_1_276' title='bbox 1540 3833 1778 3888; x_wconf 85' lang='lat' dir='ltr'><strong>societas</strong></span> <span class='ocrx_word' id='word_1_277' title='bbox 1805 3842 1861 3887; x_wconf 89' lang='lat' dir='ltr'><strong>et</strong></span> <span class='ocrx_word' id='word_1_278' title='bbox 1898 3838 2120 3886; x_wconf 88' lang='lat' dir='ltr'><strong>mutuus</strong></span> 
     </span>
    </p>
   </div>
   <div class='ocr_carea' id='block_1_45' title="bbox 538 3927 2116 4006">
    <p class='ocr_par' dir='ltr' id='par_1_45' title="bbox 538 3927 2116 4006">
     <span class='ocr_line' id='line_1_45' title="bbox 538 3927 2116 4006; baseline -0.008 -14"><span class='ocrx_word' id='word_1_279' title='bbox 538 3951 720 4000; x_wconf 86' lang='lat' dir='ltr'><strong>amor.</strong></span> <span class='ocrx_word' id='word_1_280' title='bbox 781 3948 879 4006; x_wconf 89' lang='lat' dir='ltr'><strong>per</strong></span> <span class='ocrx_word' id='word_1_281' title='bbox 935 3946 1056 4003; x_wconf 67' lang='lat' dir='ltr'><strong>qua:</strong></span> <span class='ocrx_word' id='word_1_282' title='bbox 1112 3931 1328 3985; x_wconf 74' lang='lat' dir='ltr'><strong>dilectio</strong></span> <span class='ocrx_word' id='word_1_283' title='bbox 1385 3927 1716 3992; x_wconf 83' lang='lat' dir='ltr'><strong>ostenditur,</strong></span> <span class='ocrx_word' id='word_1_284' title='bbox 1762 3935 1815 3982; x_wconf 90' lang='lat' dir='ltr'><strong>et</strong></span> <span class='ocrx_word' id='word_1_285' title='bbox 1863 3927 2116 3981; x_wconf 82' lang='lat' dir='ltr'><strong>humanae</strong></span> 
     </span>
    </p>
   </div>
   <div class='ocr_carea' id='block_1_46' title="bbox 538 4019 2116 4088">
    <p class='ocr_par' dir='ltr' id='par_1_46' title="bbox 538 4019 2116 4088">
     <span class='ocr_line' id='line_1_46' title="bbox 538 4019 2116 4088; baseline -0.01 -2"><span class='ocrx_word' id='word_1_286' title='bbox 538 4028 783 4086; x_wconf 84' lang='lat' dir='ltr'><strong>conditio</strong></span> <span class='ocrx_word' id='word_1_287' title='bbox 851 4035 1078 4088; x_wconf 84' lang='lat' dir='ltr'><strong>naturae,</strong></span> <span class='ocrx_word' id='word_1_288' title='bbox 1146 4023 1308 4078; x_wconf 87' lang='lat' dir='ltr'><strong>veluti</strong></span> <span class='ocrx_word' id='word_1_289' title='bbox 1366 4021 1710 4077; x_wconf 81' lang='lat' dir='ltr'><strong>lineamentis</strong></span> <span class='ocrx_word' id='word_1_290' title='bbox 1765 4019 2116 4088; x_wconf 79' lang='lat' dir='ltr'><strong>quibusdam,</strong></span> 
     </span>
    </p>
   </div>
   <div class='ocr_carea' id='block_1_47' title="bbox 537 4109 2116 4192">
    <p class='ocr_par' dir='ltr' id='par_1_47' title="bbox 537 4109 2116 4192">
     <span class='ocr_line' id='line_1_47' title="bbox 537 4109 2116 4192; baseline -0.009 -14"><span class='ocrx_word' id='word_1_291' title='bbox 537 4118 861 4192; x_wconf 80' lang='lat' dir='ltr'><strong>exprimitur</strong></span> <span class='ocrx_word' id='word_1_292' title='bbox 880 4117 905 4172; x_wconf 71' lang='grc' dir='ltr'><strong><em>τ</em></strong></span> <span class='ocrx_word' id='word_1_293' title='bbox 923 4117 1031 4173; x_wconf 79' lang='lat' dir='ltr'><strong>Res</strong></span> <span class='ocrx_word' id='word_1_294' title='bbox 1063 4116 1246 4186; x_wconf 85' lang='lat' dir='ltr'><strong>itaque</strong></span> <span class='ocrx_word' id='word_1_295' title='bbox 1271 4128 1366 4185; x_wconf 89' lang='lat' dir='ltr'><strong>pro</strong></span> <span class='ocrx_word' id='word_1_296' title='bbox 1394 4113 1598 4168; x_wconf 88' lang='lat' dir='ltr'><strong>viribus</strong></span> <span class='ocrx_word' id='word_1_297' title='bbox 1629 4109 1989 4183; x_wconf 78' lang='lat' dir='ltr'><strong>aggredienda</strong></span> <span class='ocrx_word' id='word_1_298' title='bbox 2013 4120 2116 4174; x_wconf 90' lang='lat' dir='ltr'><strong>est,</strong></span> 
     </span>
    </p>
   </div>
   <div class='ocr_carea' id='block_1_48' title="bbox 539 4205 2118 4274">
    <p class='ocr_par' dir='ltr' id='par_1_48' title="bbox 539 4205 2118 4274">
     <span class='ocr_line' id='line_1_48' title="bbox 539 4205 2118 4274; baseline -0.01 -3"><span class='ocrx_word' id='word_1_299' title='bbox 539 4222 598 4271; x_wconf 89' lang='lat' dir='ltr'><strong>ut</strong></span> <span class='ocrx_word' id='word_1_300' title='bbox 635 4212 799 4269; x_wconf 83' lang='lat' dir='ltr'><strong>veluti</strong></span> <span class='ocrx_word' id='word_1_301' title='bbox 831 4211 884 4266; x_wconf 91' lang='lat' dir='ltr'><strong>in</strong></span> <span class='ocrx_word' id='word_1_302' title='bbox 932 4207 1134 4274; x_wconf 85' lang='lat' dir='ltr'><strong>tabula,</strong></span> <span class='ocrx_word' id='word_1_303' title='bbox 1189 4210 1432 4264; x_wconf 82' lang='lat' dir='ltr'><strong>locorum</strong></span> <span class='ocrx_word' id='word_1_304' title='bbox 1481 4205 1670 4271; x_wconf 88' lang='lat' dir='ltr'><strong>situm,</strong></span> <span class='ocrx_word' id='word_1_305' title='bbox 1700 4218 1852 4273; x_wconf 66' lang='lat' dir='ltr'><strong>mque</strong></span> <span class='ocrx_word' id='word_1_306' title='bbox 1879 4218 1945 4258; x_wconf 85' lang='lat' dir='ltr'><strong>ac</strong></span> <span class='ocrx_word' id='word_1_307' title='bbox 1979 4205 2118 4256; x_wconf 87' lang='lat' dir='ltr'><strong>ima-</strong></span> 
     </span>
    </p>
   </div>
   <div class='ocr_carea' id='block_1_49' title="bbox 537 4295 2118 4377">
    <p class='ocr_par' dir='ltr' id='par_1_49' title="bbox 537 4295 2118 4377">
     <span class='ocr_line' id='line_1_49' title="bbox 537 4295 2118 4377; baseline -0.01 -16"><span class='ocrx_word' id='word_1_308' title='bbox 537 4305 715 4377; x_wconf 74' lang='lat' dir='ltr'><strong>gines,</strong></span> <span class='ocrx_word' id='word_1_309' title='bbox 767 4303 950 4358; x_wconf 82' lang='lat' dir='ltr'><strong>verbis</strong></span> <span class='ocrx_word' id='word_1_310' title='bbox 991 4301 1365 4371; x_wconf 72' lang='lat' dir='ltr'><strong>depingamus,</strong></span> <span class='ocrx_word' id='word_1_311' title='bbox 1411 4306 1489 4365; x_wconf 92' lang='lat' dir='ltr'><strong>et,</strong></span> <span class='ocrx_word' id='word_1_312' title='bbox 1537 4313 1661 4367; x_wconf 75' lang='lat' dir='ltr'><strong>quze</strong></span> <span class='ocrx_word' id='word_1_313' title='bbox 1686 4311 1785 4351; x_wconf 90' lang='lat' dir='ltr'><strong>nos</strong></span> <span class='ocrx_word' id='word_1_314' title='bbox 1816 4295 1918 4364; x_wconf 89' lang='lat' dir='ltr'><strong>ipsi</strong></span> <span class='ocrx_word' id='word_1_315' title='bbox 1959 4309 2118 4364; x_wconf 85' lang='lat' dir='ltr'><strong>aspc-</strong></span> 
     </span>
    </p>
   </div>
   <div class='ocr_carea' id='block_1_50' title="bbox 538 4389 2119 4463">
    <p class='ocr_par' dir='ltr' id='par_1_50' title="bbox 538 4389 2119 4463">
     <span class='ocr_line' id='line_1_50' title="bbox 538 4389 2119 4463; baseline -0.005 -11"><span class='ocrx_word' id='word_1_316' title='bbox 538 4397 826 4459; x_wconf 87' lang='lat' dir='ltr'><strong>ctavimus,</strong></span> <span class='ocrx_word' id='word_1_317' title='bbox 891 4395 1066 4450; x_wconf 88' lang='lat' dir='ltr'><strong>media</strong></span> <span class='ocrx_word' id='word_1_318' title='bbox 1139 4395 1434 4463; x_wconf 87' lang='lat' dir='ltr'><strong>scriptura,</strong></span> <span class='ocrx_word' id='word_1_319' title='bbox 1491 4407 1673 4446; x_wconf 90' lang='lat' dir='ltr'><strong>rerum</strong></span> <span class='ocrx_word' id='word_1_320' title='bbox 1745 4389 2119 4459; x_wconf 81' lang='lat' dir='ltr'><strong>hujuscemodi</strong></span> 
     </span>
    </p>
   </div>
   <div class='ocr_carea' id='block_1_51' title="bbox 536 4482 2119 4553">
    <p class='ocr_par' dir='ltr' id='par_1_51' title="bbox 536 4482 2119 4553">
     <span class='ocr_line' id='line_1_51' title="bbox 536 4482 2119 4553; baseline -0.007 -7"><span class='ocrx_word' id='word_1_321' title='bbox 536 4490 795 4546; x_wconf 80' lang='lat' dir='ltr'><strong>studiosis</strong></span> <span class='ocrx_word' id='word_1_322' title='bbox 821 4504 1154 4544; x_wconf 81' lang='lat' dir='ltr'><strong>enarremus.</strong></span> <span class='ocrx_word' id='word_1_323' title='bbox 1209 4489 1276 4540; x_wconf 76' lang='lat' dir='ltr'><strong>At</strong></span> <span class='ocrx_word' id='word_1_324' title='bbox 1313 4501 1440 4541; x_wconf 83' lang='lat' dir='ltr'><strong>vero</strong></span> <span class='ocrx_word' id='word_1_325' title='bbox 1479 4485 1585 4540; x_wconf 85' lang='lat' dir='ltr'><strong>illis</strong></span> <span class='ocrx_word' id='word_1_326' title='bbox 1625 4484 1713 4553; x_wconf 92' lang='lat' dir='ltr'><strong>qni</strong></span> <span class='ocrx_word' id='word_1_327' title='bbox 1743 4499 1805 4537; x_wconf 88' lang='lat' dir='ltr'><strong>ea</strong></span> <span class='ocrx_word' id='word_1_328' title='bbox 1849 4482 1965 4537; x_wconf 86' lang='lat' dir='ltr'><strong>loca</strong></span> <span class='ocrx_word' id='word_1_329' title='bbox 1991 4497 2119 4550; x_wconf 85' lang='lat' dir='ltr'><strong>per-</strong></span> 
     </span>
    </p>
   </div>
   <div class='ocr_carea' id='block_1_52' title="bbox 535 4575 2105 4650">
    <p class='ocr_par' dir='ltr' id='par_1_52' title="bbox 535 4575 2105 4650">
     <span class='ocr_line' id='line_1_52' title="bbox 535 4575 2105 4650; baseline -0.006 -15"><span class='ocrx_word' id='word_1_330' title='bbox 535 4583 808 4647; x_wconf 87' lang='lat' dir='ltr'><strong>viderunt,</strong></span> <span class='ocrx_word' id='word_1_331' title='bbox 867 4580 1064 4636; x_wconf 77' lang='lat' dir='ltr'><strong>frustra</strong></span> <span class='ocrx_word' id='word_1_332' title='bbox 1102 4594 1200 4635; x_wconf 90' lang='lat' dir='ltr'><strong>nos</strong></span> <span class='ocrx_word' id='word_1_333' title='bbox 1264 4593 1483 4650; x_wconf 84' lang='lat' dir='ltr'><strong>operam</strong></span> <span class='ocrx_word' id='word_1_334' title='bbox 1529 4591 1743 4632; x_wconf 86' lang='lat' dir='ltr'><strong>sumere</strong></span> <span class='ocrx_word' id='word_1_335' title='bbox 1775 4575 2105 4638; x_wconf 84' lang='lat' dir='ltr'><strong>videbimur,</strong></span> 
     </span>
    </p>
   </div>
   <div class='ocr_carea' id='block_1_53' title="bbox 536 4667 2119 4738">
    <p class='ocr_par' dir='ltr' id='par_1_53' title="bbox 536 4667 2119 4738">
     <span class='ocr_line' id='line_1_53' title="bbox 536 4667 2119 4738; baseline -0.008 -6"><span class='ocrx_word' id='word_1_336' title='bbox 536 4674 741 4732; x_wconf 85' lang='lat' dir='ltr'><strong>etenim</strong></span> <span class='ocrx_word' id='word_1_337' title='bbox 773 4675 816 4730; x_wconf 87' lang='lat' dir='ltr'><strong>si</strong></span> <span class='ocrx_word' id='word_1_338' title='bbox 873 4674 1109 4729; x_wconf 86' lang='lat' dir='ltr'><strong>sermoni</strong></span> <span class='ocrx_word' id='word_1_339' title='bbox 1139 4688 1199 4728; x_wconf 89' lang='lat' dir='ltr'><strong>ea</strong></span> <span class='ocrx_word' id='word_1_340' title='bbox 1235 4687 1388 4728; x_wconf 89' lang='lat' dir='ltr'><strong>mens</strong></span> <span class='ocrx_word' id='word_1_341' title='bbox 1419 4679 1522 4730; x_wconf 80' lang='lat' dir='ltr'><strong>est.</strong></span> <span class='ocrx_word' id='word_1_342' title='bbox 1569 4679 1628 4724; x_wconf 90' lang='lat' dir='ltr'><strong>ut</strong></span> <span class='ocrx_word' id='word_1_343' title='bbox 1671 4677 1951 4738; x_wconf 89' lang='lat' dir='ltr'><strong>aspectum</strong></span> <span class='ocrx_word' id='word_1_344' title='bbox 1994 4667 2119 4721; x_wconf 91' lang='lat' dir='ltr'><strong>imi-</strong></span> 
     </span>
    </p>
   </div>
   <div class='ocr_carea' id='block_1_54' title="bbox 540 4759 2116 4834">
    <p class='ocr_par' dir='ltr' id='par_1_54' title="bbox 540 4759 2116 4834">
     <span class='ocr_line' id='line_1_54' title="bbox 540 4759 2116 4834; baseline -0.004 -12"><span class='ocrx_word' id='word_1_345' title='bbox 540 4777 725 4834; x_wconf 89' lang='lat' dir='ltr'><strong>tetur;</strong></span> <span class='ocrx_word' id='word_1_346' title='bbox 777 4777 835 4824; x_wconf 89' lang='lat' dir='ltr'><strong>et</strong></span> <span class='ocrx_word' id='word_1_347' title='bbox 864 4769 1040 4823; x_wconf 90' lang='lat' dir='ltr'><strong>omnis</strong></span> <span class='ocrx_word' id='word_1_348' title='bbox 1090 4767 1318 4821; x_wconf 86' lang='lat' dir='ltr'><strong>imitatio</strong></span> <span class='ocrx_word' id='word_1_349' title='bbox 1368 4776 1557 4820; x_wconf 86' lang='lat' dir='ltr'><strong>exacta</strong></span> <span class='ocrx_word' id='word_1_350' title='bbox 1598 4764 1940 4819; x_wconf 85' lang='lat' dir='ltr'><strong>discussione</strong></span> <span class='ocrx_word' id='word_1_351' title='bbox 1976 4759 2116 4815; x_wconf 80' lang='lat' dir='ltr'><strong>infe-</strong></span> 
     </span>
    </p>
   </div>
   <div class='ocr_carea' id='block_1_55' title="bbox 539 4854 2115 4929">
    <p class='ocr_par' dir='ltr' id='par_1_55' title="bbox 539 4854 2115 4929">
     <span class='ocr_line' id='line_1_55' title="bbox 539 4854 2115 4929; baseline -0.006 -14"><span class='ocrx_word' id='word_1_352' title='bbox 539 4861 651 4915; x_wconf 89' lang='lat' dir='ltr'><strong>rior</strong></span> <span class='ocrx_word' id='word_1_353' title='bbox 675 4871 780 4925; x_wconf 89' lang='lat' dir='ltr'><strong>est,</strong></span> <span class='ocrx_word' id='word_1_354' title='bbox 814 4861 1082 4929; x_wconf 75' lang='lat' dir='ltr'><strong>sequitur,</strong></span> <span class='ocrx_word' id='word_1_355' title='bbox 1114 4875 1198 4913; x_wconf 88' lang='lat' dir='ltr'><strong>me</strong></span> <span class='ocrx_word' id='word_1_356' title='bbox 1231 4859 1396 4913; x_wconf 84' lang='lat' dir='ltr'><strong>etiam</strong></span> <span class='ocrx_word' id='word_1_357' title='bbox 1432 4858 1694 4914; x_wconf 87' lang='lat' dir='ltr'><strong>minorem</strong></span> <span class='ocrx_word' id='word_1_358' title='bbox 1729 4857 1834 4912; x_wconf 88' lang='lat' dir='ltr'><strong>illis</strong></span> <span class='ocrx_word' id='word_1_359' title='bbox 1874 4854 2115 4909; x_wconf 66' lang='lat' dir='ltr'><strong>laetitiam</strong></span> 
     </span>
    </p>
   </div>
   <div class='ocr_carea' id='block_1_56' title="bbox 536 4946 2116 5020">
    <p class='ocr_par' dir='ltr' id='par_1_56' title="bbox 536 4946 2116 5020">
     <span class='ocr_line' id='line_1_56' title="bbox 536 4946 2116 5020; baseline -0.007 -10"><span class='ocrx_word' id='word_1_360' title='bbox 536 4962 1000 5020; x_wconf 78' lang='lat' dir='ltr'><strong>coutparaturum,</strong></span> <span class='ocrx_word' id='word_1_361' title='bbox 1034 4966 1095 5005; x_wconf 89' lang='lat' dir='ltr'><strong>ea</strong></span> <span class='ocrx_word' id='word_1_362' title='bbox 1151 4950 1444 5019; x_wconf 79' lang='lat' dir='ltr'><strong>voluptate,</strong></span> <span class='ocrx_word' id='word_1_363' title='bbox 1481 4964 1601 5017; x_wconf 71' lang='lat' dir='ltr'><strong>quas</strong></span> <span class='ocrx_word' id='word_1_364' title='bbox 1631 4948 1758 5015; x_wconf 73' lang='lat' dir='ltr'><strong>ipsis</strong></span> <span class='ocrx_word' id='word_1_365' title='bbox 1799 4961 1896 5018; x_wconf 85' lang='lat' dir='ltr'><strong>per</strong></span> <span class='ocrx_word' id='word_1_366' title='bbox 1927 4946 2116 5001; x_wconf 88' lang='lat' dir='ltr'><strong>oculos</strong></span> 
     </span>
    </p>
   </div>
   <div class='ocr_carea' id='block_1_57' title="bbox 536 5037 2112 5110">
    <p class='ocr_par' dir='ltr' id='par_1_57' title="bbox 536 5037 2112 5110">
     <span class='ocr_line' id='line_1_57' title="bbox 536 5037 2112 5110; baseline -0.004 -13"><span class='ocrx_word' id='word_1_367' title='bbox 536 5042 755 5099; x_wconf 86' lang='lat' dir='ltr'><strong>insedit.</strong></span> <span class='ocrx_word' id='word_1_368' title='bbox 787 5041 924 5109; x_wconf 80' lang='lat' dir='ltr'><strong>Quid</strong></span> <span class='ocrx_word' id='word_1_369' title='bbox 962 5056 1122 5110; x_wconf 82' lang='lat' dir='ltr'><strong>porro</strong></span> <span class='ocrx_word' id='word_1_370' title='bbox 1151 5055 1329 5095; x_wconf 83' lang='lat' dir='ltr'><strong>sermo</strong></span> <span class='ocrx_word' id='word_1_371' title='bbox 1351 5041 1374 5093; x_wconf 87' lang='lat'><strong>?</strong></span> <span class='ocrx_word' id='word_1_372' title='bbox 1395 5056 1489 5095; x_wconf 89' lang='lat' dir='ltr'><strong>eos</strong></span> <span class='ocrx_word' id='word_1_373' title='bbox 1527 5040 1838 5106; x_wconf 79' lang='lat' dir='ltr'><strong>expressius</strong></span> <span class='ocrx_word' id='word_1_374' title='bbox 1862 5037 2112 5104; x_wconf 88' lang='lat' dir='ltr'><strong>instruet,</strong></span> 
     </span>
    </p>
   </div>
   <div class='ocr_carea' id='block_1_58' title="bbox 2223 3813 3787 3893">
    <p class='ocr_par' dir='ltr' id='par_1_58' title="bbox 2223 3813 3787 3893">
     <span class='ocr_line' id='line_1_58' title="bbox 2223 3813 3787 3893; baseline -0.007 -17"><span class='ocrx_word' id='word_1_375' title='bbox 2223 3825 2552 3893; x_wconf 75' lang='grc' dir='ltr'>ἐμφαίνεται</span> <span class='ocrx_word' id='word_1_376' title='bbox 2600 3821 2812 3893; x_wconf 82' lang='grc' dir='ltr'>χρῆμα,</span> <span class='ocrx_word' id='word_1_377' title='bbox 2864 3820 2959 3873; x_wconf 77' lang='grc' dir='ltr'><strong>καὶ</strong></span> <span class='ocrx_word' id='word_1_378' title='bbox 3003 3819 3065 3871; x_wconf 81' lang='grc' dir='ltr'>τὸ</span> <span class='ocrx_word' id='word_1_379' title='bbox 3098 3817 3198 3885; x_wconf 83' lang='grc' dir='ltr'><strong>τῆς</strong></span> <span class='ocrx_word' id='word_1_380' title='bbox 3229 3817 3391 3888; x_wconf 77' lang='grc' dir='ltr'>ἡμῶν</span> <span class='ocrx_word' id='word_1_381' title='bbox 3419 3818 3640 3886; x_wconf 82' lang='grc' dir='ltr'>φύσεως</span> <span class='ocrx_word' id='word_1_382' title='bbox 3673 3813 3787 3867; x_wconf 76' lang='grc' dir='ltr'>ἴδιον</span> 
     </span>
    </p>
   </div>
   <div class='ocr_carea' id='block_1_59' title="bbox 2223 3909 3790 3987">
    <p class='ocr_par' dir='ltr' id='par_1_59' title="bbox 2223 3909 3790 3987">
     <span class='ocr_line' id='line_1_59' title="bbox 2223 3909 3790 3987; baseline -0.006 -17"><span class='ocrx_word' id='word_1_383' title='bbox 2223 3911 2330 3970; x_wconf 73' lang='grc' dir='ltr'>οἵδε</span> <span class='ocrx_word' id='word_1_384' title='bbox 2357 3914 2894 3987; x_wconf 78' lang='grc' dir='ltr'>χαρακτηρίζεσθαι;</span> <span class='ocrx_word' id='word_1_385' title='bbox 2940 3911 3325 3983; x_wconf 82' lang='grc' dir='ltr'>Ἐγχειρητέον</span> <span class='ocrx_word' id='word_1_386' title='bbox 3350 3910 3443 3964; x_wconf 78' lang='grc' dir='ltr'>οὖν</span> <span class='ocrx_word' id='word_1_387' title='bbox 3478 3911 3613 3964; x_wconf 71' lang='grc' dir='ltr'><strong>ὡσεὶ</strong></span> <span class='ocrx_word' id='word_1_388' title='bbox 3645 3909 3790 3963; x_wconf 65' lang='grc' dir='ltr'>δύνειν</span> 
     </span>
    </p>
   </div>
   <div class='ocr_carea' id='block_1_60' title="bbox 2227 4001 3787 4082">
    <p class='ocr_par' dir='ltr' id='par_1_60' title="bbox 2227 4001 3787 4082">
     <span class='ocr_line' id='line_1_60' title="bbox 2227 4001 3787 4082; baseline -0.006 -19"><span class='ocrx_word' id='word_1_389' title='bbox 2227 4028 2340 4082; x_wconf 86' lang='grc' dir='ltr'>μις,</span> <span class='ocrx_word' id='word_1_390' title='bbox 2382 4009 2448 4061; x_wconf 84' lang='lat' dir='ltr'><strong>l&#39;v‘</strong></span> <span class='ocrx_word' id='word_1_391' title='bbox 2482 4009 2559 4071; x_wconf 86' lang='grc' dir='ltr'>ὡς</span> <span class='ocrx_word' id='word_1_392' title='bbox 2589 4010 2647 4061; x_wconf 81' lang='grc' dir='ltr'>ὲν</span> <span class='ocrx_word' id='word_1_393' title='bbox 2681 4005 2872 4061; x_wconf 81' lang='grc' dir='ltr'>πίνακι</span> <span class='ocrx_word' id='word_1_394' title='bbox 2916 4004 2977 4058; x_wconf 74' lang='grc' dir='ltr'><strong>τὸ</strong></span> <span class='ocrx_word' id='word_1_395' title='bbox 3007 4003 3334 4074; x_wconf 74' lang='grc' dir='ltr'>διάγραμμα</span> <span class='ocrx_word' id='word_1_396' title='bbox 3368 4001 3459 4057; x_wconf 81' lang='grc' dir='ltr'>διὰ</span> <span class='ocrx_word' id='word_1_397' title='bbox 3507 4003 3604 4057; x_wconf 80' lang='grc' dir='ltr'>τοῦ</span> <span class='ocrx_word' id='word_1_398' title='bbox 3641 4003 3787 4067; x_wconf 74' lang='grc' dir='ltr'>λόγου</span> 
     </span>
    </p>
   </div>
   <div class='ocr_carea' id='block_1_61' title="bbox 2223 4093 3785 4172">
    <p class='ocr_par' dir='ltr' id='par_1_61' title="bbox 2223 4093 3785 4172">
     <span class='ocr_line' id='line_1_61' title="bbox 2223 4093 3785 4172; baseline -0.006 -16"><span class='ocrx_word' id='word_1_399' title='bbox 2223 4101 2763 4172; x_wconf 73' lang='grc' dir='ltr'>εἰκονουργὴσωμεν,</span> <span class='ocrx_word' id='word_1_400' title='bbox 2800 4098 2896 4152; x_wconf 74' lang='grc' dir='ltr'><strong>καὶ</strong></span> <span class='ocrx_word' id='word_1_401' title='bbox 2928 4097 3072 4163; x_wconf 72' lang='grc' dir='ltr'>ἅπερ</span> <span class='ocrx_word' id='word_1_402' title='bbox 3128 4096 3355 4167; x_wconf 82' lang='grc' dir='ltr'>άμέσως</span> <span class='ocrx_word' id='word_1_403' title='bbox 3406 4094 3650 4164; x_wconf 81' lang='grc' dir='ltr'>εἴδομεν,</span> <span class='ocrx_word' id='word_1_404' title='bbox 3709 4093 3785 4147; x_wconf 69' lang='grc' dir='ltr'>διὰ</span> 
     </span>
    </p>
   </div>
   <div class='ocr_carea' id='block_1_62' title="bbox 2226 4187 3788 4266">
    <p class='ocr_par' dir='ltr' id='par_1_62' title="bbox 2226 4187 3788 4266">
     <span class='ocr_line' id='line_1_62' title="bbox 2226 4187 3788 4266; baseline -0.007 -18"><span class='ocrx_word' id='word_1_405' title='bbox 2226 4193 2395 4266; x_wconf 81' lang='grc' dir='ltr'><strong>μέσου</strong></span> <span class='ocrx_word' id='word_1_406' title='bbox 2420 4189 2517 4248; x_wconf 82' lang='grc' dir='ltr'>τοῦ</span> <span class='ocrx_word' id='word_1_407' title='bbox 2552 4191 2882 4261; x_wconf 80' lang='grc' dir='ltr'>γράμματος</span> <span class='ocrx_word' id='word_1_408' title='bbox 2919 4189 3033 4251; x_wconf 75' lang='grc' dir='ltr'>τοῖς</span> <span class='ocrx_word' id='word_1_409' title='bbox 3066 4187 3337 4258; x_wconf 81' lang='grc' dir='ltr'>φιλοθέοις</span> <span class='ocrx_word' id='word_1_410' title='bbox 3385 4187 3788 4256; x_wconf 72' lang='grc' dir='ltr'>καθιστορήσω·</span> 
     </span>
    </p>
   </div>
   <div class='ocr_carea' id='block_1_63' title="bbox 2226 4273 3788 4352">
    <p class='ocr_par' dir='ltr' id='par_1_63' title="bbox 2226 4273 3788 4352">
     <span class='ocr_line' id='line_1_63' title="bbox 2226 4273 3788 4352; baseline -0.006 -18"><span class='ocrx_word' id='word_1_411' title='bbox 2226 4299 2348 4352; x_wconf 83' lang='grc' dir='ltr'>μεν.</span> <span class='ocrx_word' id='word_1_412' title='bbox 2380 4280 2508 4342; x_wconf 80' lang='grc' dir='ltr'>Τοῖς</span> <span class='ocrx_word' id='word_1_413' title='bbox 2543 4278 2643 4350; x_wconf 80' lang='grc' dir='ltr'>μὲν</span> <span class='ocrx_word' id='word_1_414' title='bbox 2668 4276 2761 4330; x_wconf 74' lang='grc' dir='ltr'>οὖν</span> <span class='ocrx_word' id='word_1_415' title='bbox 2790 4276 2914 4340; x_wconf 84' lang='grc' dir='ltr'>τοὺς</span> <span class='ocrx_word' id='word_1_416' title='bbox 2938 4275 3144 4339; x_wconf 84' lang='grc' dir='ltr'>τόπους</span> <span class='ocrx_word' id='word_1_417' title='bbox 3163 4275 3552 4345; x_wconf 78' lang='grc' dir='ltr'>Θεασαμένοις,</span> <span class='ocrx_word' id='word_1_418' title='bbox 3583 4273 3788 4344; x_wconf 76' lang='grc' dir='ltr'>περιερ-</span> 
     </span>
    </p>
   </div>
   <div class='ocr_carea' id='block_1_64' title="bbox 2221 4368 3786 4444">
    <p class='ocr_par' dir='ltr' id='par_1_64' title="bbox 2221 4368 3786 4444">
     <span class='ocr_line' id='line_1_64' title="bbox 2221 4368 3786 4444; baseline -0.008 -16"><span class='ocrx_word' id='word_1_419' title='bbox 2221 4373 2317 4444; x_wconf 86' lang='grc' dir='ltr'><strong>γόν</strong></span> <span class='ocrx_word' id='word_1_420' title='bbox 2348 4392 2400 4427; x_wconf 88' lang='grc' dir='ltr'><strong>τι</strong></span> <span class='ocrx_word' id='word_1_421' title='bbox 2429 4371 2566 4438; x_wconf 81' lang='grc' dir='ltr'><strong>δόξω</strong></span> <span class='ocrx_word' id='word_1_422' title='bbox 2599 4372 2797 4425; x_wconf 84' lang='grc' dir='ltr'>ποιεῖν.</span> <span class='ocrx_word' id='word_1_423' title='bbox 2831 4369 2895 4424; x_wconf 81' lang='lat' dir='ltr'><strong>Ei</strong></span> <span class='ocrx_word' id='word_1_424' title='bbox 2928 4368 3039 4440; x_wconf 83' lang='grc' dir='ltr'><strong>γὰρ</strong></span> <span class='ocrx_word' id='word_1_425' title='bbox 3070 4368 3147 4439; x_wconf 83' lang='grc' dir='ltr'>τῷ</span> <span class='ocrx_word' id='word_1_426' title='bbox 3183 4368 3328 4439; x_wconf 84' lang='grc' dir='ltr'>λόγῳ</span> <span class='ocrx_word' id='word_1_427' title='bbox 3364 4369 3572 4432; x_wconf 69' lang='grc' dir='ltr'>σκοπὸς</span> <span class='ocrx_word' id='word_1_428' title='bbox 3615 4368 3786 4436; x_wconf 76' lang='grc' dir='ltr'>μιμεῖ-</span> 
     </span>
    </p>
   </div>
   <div class='ocr_carea' id='block_1_65' title="bbox 2226 4457 3787 4537">
    <p class='ocr_par' dir='ltr' id='par_1_65' title="bbox 2226 4457 3787 4537">
     <span class='ocr_line' id='line_1_65' title="bbox 2226 4457 3787 4537; baseline -0.005 -17"><span class='ocrx_word' id='word_1_429' title='bbox 2226 4467 2351 4521; x_wconf 78' lang='grc' dir='ltr'>σθαι</span> <span class='ocrx_word' id='word_1_430' title='bbox 2375 4463 2474 4537; x_wconf 76' lang='grc' dir='ltr'>τὴν</span> <span class='ocrx_word' id='word_1_431' title='bbox 2499 4462 2651 4529; x_wconf 80' lang='grc' dir='ltr'>Θέαν,</span> <span class='ocrx_word' id='word_1_432' title='bbox 2685 4464 2836 4516; x_wconf 84' lang='grc' dir='ltr'>πᾶσα</span> <span class='ocrx_word' id='word_1_433' title='bbox 2861 4460 2921 4516; x_wconf 71' lang='grc' dir='ltr'><strong>δὶ</strong></span> <span class='ocrx_word' id='word_1_434' title='bbox 2958 4461 3188 4533; x_wconf 81' lang='grc' dir='ltr'>μίμησις</span> <span class='ocrx_word' id='word_1_435' title='bbox 3213 4457 3377 4530; x_wconf 83' lang='grc' dir='ltr'>ἧττόν</span> <span class='ocrx_word' id='word_1_436' title='bbox 3403 4480 3524 4518; x_wconf 65' lang='grc' dir='ltr'>πως</span> <span class='ocrx_word' id='word_1_437' title='bbox 3555 4462 3787 4531; x_wconf 72' lang='grc' dir='ltr'>φαίνεται</span> 
     </span>
    </p>
   </div>
   <div class='ocr_carea' id='block_1_66' title="bbox 2220 4549 3786 4631">
    <p class='ocr_par' dir='ltr' id='par_1_66' title="bbox 2220 4549 3786 4631">
     <span class='ocr_line' id='line_1_66' title="bbox 2220 4549 3786 4631; baseline -0.008 -17"><span class='ocrx_word' id='word_1_438' title='bbox 2220 4561 2322 4631; x_wconf 83' lang='grc' dir='ltr'>τῆς</span> <span class='ocrx_word' id='word_1_439' title='bbox 2352 4556 2666 4630; x_wconf 75' lang='grc' dir='ltr'>ἀκριϐείας,</span> <span class='ocrx_word' id='word_1_440' title='bbox 2689 4553 2846 4623; x_wconf 82' lang='grc' dir='ltr'>δῆλον</span> <span class='ocrx_word' id='word_1_441' title='bbox 2877 4553 2952 4617; x_wconf 84' lang='grc' dir='ltr'>ὡς</span> <span class='ocrx_word' id='word_1_442' title='bbox 2971 4549 3138 4627; x_wconf 79' lang='grc' dir='ltr'>ἦττον</span> <span class='ocrx_word' id='word_1_443' title='bbox 3169 4553 3428 4625; x_wconf 77' lang='grc' dir='ltr'>εὐφρανῶ</span> <span class='ocrx_word' id='word_1_444' title='bbox 3449 4553 3555 4624; x_wconf 82' lang='grc' dir='ltr'>τῆς</span> <span class='ocrx_word' id='word_1_445' title='bbox 3581 4553 3666 4608; x_wconf 77' lang='grc' dir='ltr'><strong>διὰ</strong></span> <span class='ocrx_word' id='word_1_446' title='bbox 3690 4551 3786 4605; x_wconf 85' lang='grc' dir='ltr'><strong>τῶν</strong></span> 
     </span>
    </p>
   </div>
   <div class='ocr_carea' id='block_1_67' title="bbox 2220 4643 3785 4724">
    <p class='ocr_par' dir='ltr' id='par_1_67' title="bbox 2220 4643 3785 4724">
     <span class='ocr_line' id='line_1_67' title="bbox 2220 4643 3785 4724; baseline -0.006 -17"><span class='ocrx_word' id='word_1_447' title='bbox 2220 4654 2487 4724; x_wconf 80' lang='grc' dir='ltr'>ὀμμάτων</span> <span class='ocrx_word' id='word_1_448' title='bbox 2524 4649 2898 4721; x_wconf 80' lang='grc' dir='ltr'>ὲνιδρυθεισης</span> <span class='ocrx_word' id='word_1_449' title='bbox 2944 4648 3112 4711; x_wconf 83' lang='grc' dir='ltr'>αὐτῆς</span> <span class='ocrx_word' id='word_1_450' title='bbox 3145 4643 3258 4720; x_wconf 84' lang='grc' dir='ltr'><strong>[ἵσ.</strong></span> <span class='ocrx_word' id='word_1_451' title='bbox 3319 4645 3527 4719; x_wconf 77' lang='grc' dir='ltr'>αὐτοῖς]</span> <span class='ocrx_word' id='word_1_452' title='bbox 3587 4646 3785 4718; x_wconf 72' lang='grc' dir='ltr'>ἡδονῆς.</span> 
     </span>
    </p>
   </div>
   <div class='ocr_carea' id='block_1_68' title="bbox 2223 4737 3786 4812">
    <p class='ocr_par' dir='ltr' id='par_1_68' title="bbox 2223 4737 3786 4812">
     <span class='ocr_line' id='line_1_68' title="bbox 2223 4737 3786 4812; baseline -0.008 -11"><span class='ocrx_word' id='word_1_453' title='bbox 2223 4747 2288 4801; x_wconf 82' lang='grc' dir='ltr'>Τί</span> <span class='ocrx_word' id='word_1_454' title='bbox 2312 4746 2402 4800; x_wconf 76' lang='grc' dir='ltr'>οὖν</span> <span class='ocrx_word' id='word_1_455' title='bbox 2451 4748 2479 4800; x_wconf 84' lang='grc' dir='ltr'>ὁ</span> <span class='ocrx_word' id='word_1_456' title='bbox 2528 4744 2726 4812; x_wconf 76' lang='grc' dir='ltr'>λόγοςς</span> <span class='ocrx_word' id='word_1_457' title='bbox 2775 4743 2901 4805; x_wconf 85' lang='grc' dir='ltr'>τοὺς</span> <span class='ocrx_word' id='word_1_458' title='bbox 2930 4741 3048 4807; x_wconf 74' lang='grc' dir='ltr'>ὄψει</span> <span class='ocrx_word' id='word_1_459' title='bbox 3105 4741 3179 4810; x_wconf 80' lang='grc' dir='ltr'>μὴ</span> <span class='ocrx_word' id='word_1_460' title='bbox 3232 4740 3647 4810; x_wconf 80' lang='grc' dir='ltr'>παρειληφότας</span> <span class='ocrx_word' id='word_1_461' title='bbox 3675 4737 3786 4798; x_wconf 78' lang='grc' dir='ltr'>τοὺς</span> 
     </span>
    </p>
   </div>
   <div class='ocr_carea' id='block_1_69' title="bbox 2223 4831 3784 4910">
    <p class='ocr_par' dir='ltr' id='par_1_69' title="bbox 2223 4831 3784 4910">
     <span class='ocr_line' id='line_1_69' title="bbox 2223 4831 3784 4910; baseline -0.008 -17"><span class='ocrx_word' id='word_1_462' title='bbox 2223 4842 2482 4910; x_wconf 79' lang='grc' dir='ltr'>ἀρίστους</span> <span class='ocrx_word' id='word_1_463' title='bbox 2536 4838 2733 4900; x_wconf 81' lang='grc' dir='ltr'>τόπους</span> <span class='ocrx_word' id='word_1_464' title='bbox 2767 4835 2940 4887; x_wconf 73' lang='grc' dir='ltr'>ἐνίοτε</span> <span class='ocrx_word' id='word_1_465' title='bbox 2986 4833 3041 4885; x_wconf 81' lang='grc' dir='ltr'><strong>δέ</strong></span> <span class='ocrx_word' id='word_1_466' title='bbox 3066 4850 3168 4885; x_wconf 86' lang='grc' dir='ltr'><strong>που</strong></span> <span class='ocrx_word' id='word_1_467' title='bbox 3203 4833 3320 4895; x_wconf 82' lang='grc' dir='ltr'>τοῖς</span> <span class='ocrx_word' id='word_1_468' title='bbox 3353 4831 3670 4902; x_wconf 81' lang='grc' dir='ltr'>λεγομένοις</span> <span class='ocrx_word' id='word_1_469' title='bbox 3707 4834 3784 4884; x_wconf 79' lang='grc' dir='ltr'><strong>ὲνο</strong></span> 
     </span>
    </p>
   </div>
   <div class='ocr_carea' id='block_1_70' title="bbox 2220 4922 3784 5004">
    <p class='ocr_par' dir='ltr' id='par_1_70' title="bbox 2220 4922 3784 5004">
     <span class='ocr_line' id='line_1_70' title="bbox 2220 4922 3784 5004; baseline -0.007 -18"><span class='ocrx_word' id='word_1_470' title='bbox 2220 4934 2604 5004; x_wconf 81' lang='grc' dir='ltr'>τευξομένους,</span> <span class='ocrx_word' id='word_1_471' title='bbox 2643 4930 3056 5000; x_wconf 75' lang='grc' dir='ltr'>ἐναργέστερον,</span> <span class='ocrx_word' id='word_1_472' title='bbox 3089 4922 3269 4994; x_wconf 74' lang='grc' dir='ltr'>οἶμαι,</span> <span class='ocrx_word' id='word_1_473' title='bbox 3303 4925 3503 4990; x_wconf 79' lang='grc' dir='ltr'>διδάξει</span> <span class='ocrx_word' id='word_1_474' title='bbox 3528 4925 3636 4979; x_wconf 82' lang='grc' dir='ltr'><strong>τῶν</strong></span> <span class='ocrx_word' id='word_1_475' title='bbox 3665 4923 3784 4978; x_wconf 77' lang='grc' dir='ltr'><strong>ἀδει-</strong></span> 
     </span>
    </p>
   </div>
   <div class='ocr_carea' id='block_1_71' title="bbox 2224 5016 3783 5094">
    <p class='ocr_par' dir='ltr' id='par_1_71' title="bbox 2224 5016 3783 5094">
     <span class='ocr_line' id='line_1_71' title="bbox 2224 5016 3783 5094; baseline -0.01 -11"><span class='ocrx_word' id='word_1_476' title='bbox 2224 5029 2489 5090; x_wconf 83' lang='grc' dir='ltr'>σανίστως</span> <span class='ocrx_word' id='word_1_477' title='bbox 2536 5023 3010 5094; x_wconf 81' lang='grc' dir='ltr'>ὲπαγγελλὸντων.</span> <span class='ocrx_word' id='word_1_478' title='bbox 3059 5020 3278 5075; x_wconf 82' lang='grc' dir='ltr'>Μᾶλλον</span> <span class='ocrx_word' id='word_1_479' title='bbox 3304 5020 3359 5072; x_wconf 77' lang='grc' dir='ltr'><strong>δὲ</strong></span> <span class='ocrx_word' id='word_1_480' title='bbox 3390 5019 3486 5072; x_wconf 70' lang='grc' dir='ltr'><strong>καὶ</strong></span> <span class='ocrx_word' id='word_1_481' title='bbox 3525 5022 3637 5082; x_wconf 82' lang='grc' dir='ltr'>τοῖς</span> <span class='ocrx_word' id='word_1_482' title='bbox 3668 5016 3783 5069; x_wconf 81' lang='grc' dir='ltr'>θεσ-</span> 
     </span>
    </p>
   </div>
   <div class='ocr_carea' id='block_1_72' title="bbox 537 5111 2116 5206">
    <p class='ocr_par' dir='ltr' id='par_1_72' title="bbox 537 5132 2116 5203">
     <span class='ocr_line' id='line_1_72' title="bbox 537 5132 2116 5203; baseline 0.001 -19"><span class='ocrx_word' id='word_1_483' title='bbox 537 5137 626 5203; x_wconf 89' lang='lat' dir='ltr'><strong>qui</strong></span> <span class='ocrx_word' id='word_1_484' title='bbox 666 5136 838 5190; x_wconf 85' lang='lat' dir='ltr'><strong>oculis</strong></span> <span class='ocrx_word' id='word_1_485' title='bbox 868 5150 1021 5190; x_wconf 83' lang='lat' dir='ltr'><strong>sacra</strong></span> <span class='ocrx_word' id='word_1_486' title='bbox 1055 5134 1138 5188; x_wconf 88' lang='lat' dir='ltr'><strong>illa</strong></span> <span class='ocrx_word' id='word_1_487' title='bbox 1175 5133 1290 5187; x_wconf 85' lang='lat' dir='ltr'><strong>loca</strong></span> <span class='ocrx_word' id='word_1_488' title='bbox 1330 5149 1436 5187; x_wconf 86' lang='lat' dir='ltr'><strong>non</strong></span> <span class='ocrx_word' id='word_1_489' title='bbox 1500 5132 1920 5202; x_wconf 87' lang='lat' dir='ltr'><strong>perlustrarunt,</strong></span> <span class='ocrx_word' id='word_1_490' title='bbox 1981 5144 2116 5199; x_wconf 70' lang='lat' dir='ltr'><strong>smpe</strong></span> 
     </span>
    </p>
   </div>
   <div class='ocr_carea' id='block_1_73' title="bbox 2223 5111 3781 5206">
    <p class='ocr_par' dir='ltr' id='par_1_73' title="bbox 2228 5111 3781 5193">
     <span class='ocr_line' id='line_1_73' title="bbox 2228 5111 3781 5193; baseline -0.01 -15"><span class='ocrx_word' id='word_1_491' title='bbox 2228 5123 2484 5193; x_wconf 81' lang='grc' dir='ltr'>σαμένοις</span> <span class='ocrx_word' id='word_1_492' title='bbox 2519 5118 2725 5184; x_wconf 78' lang='grc' dir='ltr'>εἰσάξει</span> <span class='ocrx_word' id='word_1_493' title='bbox 2757 5118 2880 5172; x_wconf 81' lang='grc' dir='ltr'>τινὰ</span> <span class='ocrx_word' id='word_1_494' title='bbox 2915 5117 3130 5187; x_wconf 66' lang='grc' dir='ltr'>τέρψιν,</span> <span class='ocrx_word' id='word_1_495' title='bbox 3161 5112 3322 5184; x_wconf 84' lang='grc' dir='ltr'>εῐπερ</span> <span class='ocrx_word' id='word_1_496' title='bbox 3358 5111 3392 5168; x_wconf 71' lang='grc' dir='ltr'>ἃ</span> <span class='ocrx_word' id='word_1_497' title='bbox 3423 5111 3646 5185; x_wconf 77' lang='grc' dir='ltr'>βλέπειν</span> <span class='ocrx_word' id='word_1_498' title='bbox 3671 5112 3781 5184; x_wconf 73' lang='grc' dir='ltr'><strong>ἡδὺ,</strong></span> 
     </span>
    </p>
   </div>
   <div class='ocr_carea' id='block_1_74' title="bbox 536 5223 2108 5297">
    <p class='ocr_par' dir='ltr' id='par_1_74' title="bbox 536 5223 2108 5297">
     <span class='ocr_line' id='line_1_74' title="bbox 536 5223 2108 5297; baseline -0.003 -17"><span class='ocrx_word' id='word_1_499' title='bbox 536 5227 699 5281; x_wconf 84' lang='lat' dir='ltr'><strong>etiam</strong></span> <span class='ocrx_word' id='word_1_500' title='bbox 728 5237 784 5282; x_wconf 92' lang='lat' dir='ltr'><strong>et</strong></span> <span class='ocrx_word' id='word_1_501' title='bbox 824 5243 942 5293; x_wconf 89' lang='lat' dir='ltr'><strong>eos,</strong></span> <span class='ocrx_word' id='word_1_502' title='bbox 975 5228 1069 5297; x_wconf 89' lang='lat' dir='ltr'><strong>qui</strong></span> <span class='ocrx_word' id='word_1_503' title='bbox 1123 5241 1185 5280; x_wconf 89' lang='lat' dir='ltr'><strong>ea</strong></span> <span class='ocrx_word' id='word_1_504' title='bbox 1213 5223 1558 5279; x_wconf 75' lang='lat' dir='ltr'><strong>narrantibus</strong></span> <span class='ocrx_word' id='word_1_505' title='bbox 1599 5231 1916 5287; x_wconf 85' lang='lat' dir='ltr'><strong>oecurrunt,</strong></span> <span class='ocrx_word' id='word_1_506' title='bbox 1952 5237 2108 5291; x_wconf 82' lang='lat' dir='ltr'><strong>quant</strong></span> 
     </span>
    </p>
   </div>
   <div class='ocr_carea' id='block_1_75' title="bbox 2221 5210 3055 5284">
    <p class='ocr_par' dir='ltr' id='par_1_75' title="bbox 2221 5210 3055 5284">
     <span class='ocr_line' id='line_1_75' title="bbox 2221 5210 3055 5284; baseline -0.011 -12"><span class='ocrx_word' id='word_1_507' title='bbox 2221 5217 2426 5272; x_wconf 83' lang='grc' dir='ltr'>τούτων</span> <span class='ocrx_word' id='word_1_508' title='bbox 2455 5213 2760 5284; x_wconf 75' lang='grc' dir='ltr'>ἀκροᾶσθαι</span> <span class='ocrx_word' id='word_1_509' title='bbox 2799 5210 3055 5283; x_wconf 81' lang='grc' dir='ltr'>τερπνόν.</span> 
     </span>
    </p>
   </div>
   <div class='ocr_carea' id='block_1_76' title="bbox 539 5299 3781 5393">
    <p class='ocr_par' dir='ltr' id='par_1_76' title="bbox 539 5299 3781 5393">
     <span class='ocr_line' id='line_1_76' title="bbox 539 5299 3781 5393; baseline -0.007 -19"><span class='ocrx_word' id='word_1_510' title='bbox 539 5322 637 5384; x_wconf 87' lang='lat' dir='ltr'><strong>illi,</strong></span> <span class='ocrx_word' id='word_1_511' title='bbox 685 5324 776 5393; x_wconf 92' lang='lat' dir='ltr'><strong>qui</strong></span> <span class='ocrx_word' id='word_1_512' title='bbox 807 5322 924 5378; x_wconf 88' lang='lat' dir='ltr'><strong>sine</strong></span> <span class='ocrx_word' id='word_1_513' title='bbox 961 5322 1068 5377; x_wconf 91' lang='lat' dir='ltr'><strong>ullo</strong></span> <span class='ocrx_word' id='word_1_514' title='bbox 1119 5321 1366 5376; x_wconf 78' lang='lat' dir='ltr'><strong>examine</strong></span> <span class='ocrx_word' id='word_1_515' title='bbox 1423 5320 1730 5385; x_wconf 88' lang='lat' dir='ltr'><strong>enuntiant,</strong></span> <span class='ocrx_word' id='word_1_516' title='bbox 1792 5317 1900 5372; x_wconf 90' lang='lat' dir='ltr'><strong>imo</strong></span> <span class='ocrx_word' id='word_1_517' title='bbox 1933 5326 1987 5372; x_wconf 92' lang='lat' dir='ltr'><strong>et</strong></span> <span class='ocrx_word' id='word_1_518' title='bbox 2048 5315 2114 5372; x_wconf 89' lang='lat' dir='ltr'><strong>iis</strong></span> <span class='ocrx_word' id='word_1_519' title='bbox 2152 5314 2244 5384; x_wconf 79' lang='lat' dir='ltr'><strong>qui</strong></span> <span class='ocrx_word' id='word_1_520' title='bbox 2283 5309 2460 5368; x_wconf 90' lang='lat' dir='ltr'><strong>intuiti</strong></span> <span class='ocrx_word' id='word_1_521' title='bbox 2526 5316 2674 5375; x_wconf 83' lang='lat' dir='ltr'><strong>sunt,</strong></span> <span class='ocrx_word' id='word_1_522' title='bbox 2742 5306 3070 5376; x_wconf 85' lang='lat' dir='ltr'><strong>voluptatem</strong></span> <span class='ocrx_word' id='word_1_523' title='bbox 3128 5303 3366 5372; x_wconf 83' lang='lat' dir='ltr'><strong>aliquam</strong></span> <span class='ocrx_word' id='word_1_524' title='bbox 3429 5299 3781 5362; x_wconf 87' lang='lat' dir='ltr'><strong>conciliabit,</strong></span> 
     </span>
    </p>
   </div>
   <div class='ocr_carea' id='block_1_77' title="bbox 541 5407 2230 5481">
    <p class='ocr_par' dir='ltr' id='par_1_77' title="bbox 541 5407 2230 5481">
     <span class='ocr_line' id='line_1_77' title="bbox 541 5407 2230 5481; baseline -0.005 -13"><span class='ocrx_word' id='word_1_525' title='bbox 541 5412 587 5468; x_wconf 87' lang='lat' dir='ltr'><strong>si</strong></span> <span class='ocrx_word' id='word_1_526' title='bbox 617 5428 736 5478; x_wconf 71' lang='lat' dir='ltr'><strong>qua:</strong></span> <span class='ocrx_word' id='word_1_527' title='bbox 774 5414 1089 5481; x_wconf 89' lang='lat' dir='ltr'><strong>conspicere</strong></span> <span class='ocrx_word' id='word_1_528' title='bbox 1120 5413 1297 5477; x_wconf 89' lang='lat' dir='ltr'><strong>dulce,</strong></span> <span class='ocrx_word' id='word_1_529' title='bbox 1331 5425 1393 5466; x_wconf 89' lang='lat' dir='ltr'><strong>ea</strong></span> <span class='ocrx_word' id='word_1_530' title='bbox 1441 5410 1606 5466; x_wconf 88' lang='lat' dir='ltr'><strong>etiam</strong></span> <span class='ocrx_word' id='word_1_531' title='bbox 1660 5423 1828 5464; x_wconf 88' lang='lat' dir='ltr'><strong>suave</strong></span> <span class='ocrx_word' id='word_1_532' title='bbox 1880 5416 1966 5463; x_wconf 87' lang='lat' dir='ltr'><strong>est</strong></span> <span class='ocrx_word' id='word_1_533' title='bbox 2023 5407 2230 5462; x_wconf 84' lang='lat' dir='ltr'><strong>audire.</strong></span> 
     </span>
    </p>
   </div>
   <div class='ocr_carea' id='block_1_78' title="bbox 608 5502 2114 5574">
    <p class='ocr_par' dir='ltr' id='par_1_78' title="bbox 608 5502 2114 5574">
     <span class='ocr_line' id='line_1_78' title="bbox 608 5502 2114 5574; baseline -0.003 -11"><span class='ocrx_word' id='word_1_534' title='bbox 608 5509 666 5563; x_wconf 78' lang='grc'><strong>9..</strong></span> <span class='ocrx_word' id='word_1_535' title='bbox 695 5508 981 5574; x_wconf 82' lang='lat' dir='ltr'><strong>Exstabat,</strong></span> <span class='ocrx_word' id='word_1_536' title='bbox 1018 5518 1128 5564; x_wconf 91' lang='lat' dir='ltr'><strong>tum</strong></span> <span class='ocrx_word' id='word_1_537' title='bbox 1167 5523 1292 5563; x_wconf 91' lang='lat' dir='ltr'><strong>cum</strong></span> <span class='ocrx_word' id='word_1_538' title='bbox 1330 5517 1449 5563; x_wconf 89' lang='lat' dir='ltr'><strong>erat</strong></span> <span class='ocrx_word' id='word_1_539' title='bbox 1478 5507 1546 5561; x_wconf 79' lang='lat' dir='ltr'><strong>ad</strong></span> <span class='ocrx_word' id='word_1_540' title='bbox 1570 5506 1828 5561; x_wconf 76' lang='lat' dir='ltr'><strong>Orontem</strong></span> <span class='ocrx_word' id='word_1_541' title='bbox 1858 5502 2114 5559; x_wconf 81' lang='lat' dir='ltr'><strong>Antiochi</strong></span> 
     </span>
    </p>
   </div>
   <div class='ocr_carea' id='block_1_79' title="bbox 541 5597 2121 5674">
    <p class='ocr_par' dir='ltr' id='par_1_79' title="bbox 541 5597 2121 5674">
     <span class='ocr_line' id='line_1_79' title="bbox 541 5597 2121 5674; baseline -0.005 -16"><span class='ocrx_word' id='word_1_542' title='bbox 541 5603 854 5674; x_wconf 82' lang='lat' dir='ltr'><strong>&#39;l&#39;heopolis,</strong></span> <span class='ocrx_word' id='word_1_543' title='bbox 885 5603 1217 5657; x_wconf 87' lang='lat' dir='ltr'><strong>theatrorum</strong></span> <span class='ocrx_word' id='word_1_544' title='bbox 1248 5601 1640 5672; x_wconf 75' lang='lat' dir='ltr'><strong>magnitudine,</strong></span> <span class='ocrx_word' id='word_1_545' title='bbox 1669 5607 1910 5655; x_wconf 88' lang='lat' dir='ltr'><strong>stoarum</strong></span> <span class='ocrx_word' id='word_1_546' title='bbox 1937 5597 2121 5666; x_wconf 87' lang='lat' dir='ltr'><strong>splen-</strong></span> 
     </span>
    </p>
   </div>
   <div class='ocr_carea' id='block_1_80' title="bbox 542 5690 2116 5763">
    <p class='ocr_par' dir='ltr' id='par_1_80' title="bbox 542 5690 2116 5763">
     <span class='ocr_line' id='line_1_80' title="bbox 542 5690 2116 5763; baseline -0.006 -11"><span class='ocrx_word' id='word_1_547' title='bbox 542 5696 790 5760; x_wconf 83' lang='lat' dir='ltr'><strong>doribus,</strong></span> <span class='ocrx_word' id='word_1_548' title='bbox 826 5695 1150 5763; x_wconf 85' lang='lat' dir='ltr'><strong>templorum</strong></span> <span class='ocrx_word' id='word_1_549' title='bbox 1207 5694 1517 5759; x_wconf 87' lang='lat' dir='ltr'><strong>structuris,</strong></span> <span class='ocrx_word' id='word_1_550' title='bbox 1549 5694 1700 5762; x_wconf 88' lang='lat' dir='ltr'><strong>copia</strong></span> <span class='ocrx_word' id='word_1_551' title='bbox 1732 5692 1859 5745; x_wconf 83' lang='lat' dir='ltr'><strong>item</strong></span> <span class='ocrx_word' id='word_1_552' title='bbox 1888 5690 2116 5755; x_wconf 85' lang='lat' dir='ltr'><strong>civium,</strong></span> 
     </span>
    </p>
   </div>
   <div class='ocr_carea' id='block_1_81' title="bbox 542 5786 2114 5856">
    <p class='ocr_par' dir='ltr' id='par_1_81' title="bbox 542 5786 2114 5856">
     <span class='ocr_line' id='line_1_81' title="bbox 542 5786 2114 5856; baseline -0.005 -12"><span class='ocrx_word' id='word_1_553' title='bbox 542 5797 597 5844; x_wconf 87' lang='lat' dir='ltr'><strong>et</strong></span> <span class='ocrx_word' id='word_1_554' title='bbox 623 5788 934 5843; x_wconf 87' lang='lat' dir='ltr'><strong>divitiarum</strong></span> <span class='ocrx_word' id='word_1_555' title='bbox 990 5787 1415 5855; x_wconf 77' lang='lat' dir='ltr'><strong>magniﬁcentia,</strong></span> <span class='ocrx_word' id='word_1_556' title='bbox 1464 5786 1700 5856; x_wconf 88' lang='lat' dir='ltr'><strong>superba</strong></span> <span class='ocrx_word' id='word_1_557' title='bbox 1747 5799 1809 5836; x_wconf 84' lang='lat' dir='ltr'><strong>ac</strong></span> <span class='ocrx_word' id='word_1_558' title='bbox 1867 5791 2114 5836; x_wconf 88' lang='lat' dir='ltr'><strong>tumens:</strong></span> 
     </span>
    </p>
   </div>
   <div class='ocr_carea' id='block_1_82' title="bbox 540 5873 2117 5952">
    <p class='ocr_par' dir='ltr' id='par_1_82' title="bbox 540 5873 2117 5952">
     <span class='ocr_line' id='line_1_82' title="bbox 540 5873 2117 5952; baseline -0.008 -13"><span class='ocrx_word' id='word_1_559' title='bbox 540 5881 755 5952; x_wconf 88' lang='lat' dir='ltr'><strong>lateque</strong></span> <span class='ocrx_word' id='word_1_560' title='bbox 781 5888 1004 5936; x_wconf 63' lang='lat' dir='ltr'><strong>caeteras</strong></span> <span class='ocrx_word' id='word_1_561' title='bbox 1029 5877 1143 5936; x_wconf 75' lang='lat' dir='ltr'><strong>fere</strong></span> <span class='ocrx_word' id='word_1_562' title='bbox 1188 5879 1480 5936; x_wconf 86' lang='lat' dir='ltr'><strong>orientales</strong></span> <span class='ocrx_word' id='word_1_563' title='bbox 1519 5878 1680 5934; x_wconf 78' lang='lat' dir='ltr'><strong>urbes</strong></span> <span class='ocrx_word' id='word_1_564' title='bbox 1716 5873 2117 5942; x_wconf 68' lang='lat' dir='ltr'><strong>ets‘tpcrabntt</strong></span> 
     </span>
    </p>
   </div>
   <div class='ocr_carea' id='block_1_83' title="bbox 2291 5488 3780 5568">
    <p class='ocr_par' dir='ltr' id='par_1_83' title="bbox 2291 5488 3780 5568">
     <span class='ocr_line' id='line_1_83' title="bbox 2291 5488 3780 5568; baseline -0.01 -13"><span class='ocrx_word' id='word_1_565' title='bbox 2291 5496 2472 5568; x_wconf 76' lang='grc' dir='ltr'>β’.Ἦν</span> <span class='ocrx_word' id='word_1_566' title='bbox 2502 5500 2590 5552; x_wconf 86' lang='grc' dir='ltr'>ὅτε</span> <span class='ocrx_word' id='word_1_567' title='bbox 2622 5497 2730 5567; x_wconf 78' lang='grc' dir='ltr'>ἄρα</span> <span class='ocrx_word' id='word_1_568' title='bbox 2764 5495 2858 5549; x_wconf 74' lang='grc' dir='ltr'>καὶ</span> <span class='ocrx_word' id='word_1_569' title='bbox 2903 5489 2971 5564; x_wconf 75' lang='grc' dir='ltr'>ἦν</span> <span class='ocrx_word' id='word_1_570' title='bbox 3008 5493 3197 5565; x_wconf 75' lang='grc' dir='ltr'>ἠπερὶ</span> <span class='ocrx_word' id='word_1_571' title='bbox 3229 5491 3321 5546; x_wconf 76' lang='grc' dir='ltr'>τὸν</span> <span class='ocrx_word' id='word_1_572' title='bbox 3342 5491 3600 5562; x_wconf 80' lang='grc' dir='ltr'>Ὀρόντην</span> <span class='ocrx_word' id='word_1_573' title='bbox 3627 5488 3780 5542; x_wconf 70' lang='lat' dir='ltr'><strong>Gemi-</strong></span> 
     </span>
    </p>
   </div>
   <div class='ocr_carea' id='block_1_84' title="bbox 2220 5581 3778 5661">
    <p class='ocr_par' dir='ltr' id='par_1_84' title="bbox 2220 5581 3778 5661">
     <span class='ocr_line' id='line_1_84' title="bbox 2220 5581 3778 5661; baseline -0.01 -13"><span class='ocrx_word' id='word_1_574' title='bbox 2220 5596 2375 5657; x_wconf 86' lang='grc' dir='ltr'>πολις</span> <span class='ocrx_word' id='word_1_575' title='bbox 2413 5590 2688 5661; x_wconf 76' lang='grc' dir='ltr'>Ἀντιόχου</span> <span class='ocrx_word' id='word_1_576' title='bbox 2717 5586 2937 5657; x_wconf 80' lang='grc' dir='ltr'>μεγέθει</span> <span class='ocrx_word' id='word_1_577' title='bbox 2965 5585 3235 5657; x_wconf 74' lang='grc' dir='ltr'>Θεάτρων,</span> <span class='ocrx_word' id='word_1_578' title='bbox 3268 5584 3441 5639; x_wconf 84' lang='grc' dir='ltr'>στοῶν</span> <span class='ocrx_word' id='word_1_579' title='bbox 3478 5581 3778 5644; x_wconf 75' lang='grc' dir='ltr'>καλλοναῖς,</span> 
     </span>
    </p>
   </div>
   <div class='ocr_carea' id='block_1_85' title="bbox 2218 5675 3776 5751">
    <p class='ocr_par' dir='ltr' id='par_1_85' title="bbox 2218 5675 3776 5751">
     <span class='ocr_line' id='line_1_85' title="bbox 2218 5675 3776 5751; baseline -0.011 -11"><span class='ocrx_word' id='word_1_580' title='bbox 2218 5686 2314 5741; x_wconf 73' lang='grc' dir='ltr'><strong>καὶ</strong></span> <span class='ocrx_word' id='word_1_581' title='bbox 2345 5684 2487 5738; x_wconf 84' lang='grc' dir='ltr'>ναῶν</span> <span class='ocrx_word' id='word_1_582' title='bbox 2524 5681 2887 5751; x_wconf 78' lang='grc' dir='ltr'>ἀφιδρύμασι,</span> <span class='ocrx_word' id='word_1_583' title='bbox 2920 5676 3118 5748; x_wconf 79' lang='grc' dir='ltr'>πλήθει</span> <span class='ocrx_word' id='word_1_584' title='bbox 3157 5692 3220 5730; x_wconf 74' lang='grc' dir='ltr'><strong>τε</strong></span> <span class='ocrx_word' id='word_1_585' title='bbox 3266 5675 3522 5737; x_wconf 82' lang='grc' dir='ltr'>πολιτῶν,</span> <span class='ocrx_word' id='word_1_586' title='bbox 3555 5676 3650 5728; x_wconf 78' lang='grc' dir='ltr'><strong>καὶ</strong></span> <span class='ocrx_word' id='word_1_587' title='bbox 3685 5689 3776 5724; x_wconf 74' lang='grc' dir='ltr'>πο-</span> 
     </span>
    </p>
   </div>
   <div class='ocr_carea' id='block_1_86' title="bbox 2218 5768 3777 5849">
    <p class='ocr_par' dir='ltr' id='par_1_86' title="bbox 2218 5768 3777 5849">
     <span class='ocr_line' id='line_1_86' title="bbox 2218 5768 3777 5849; baseline -0.01 -17"><span class='ocrx_word' id='word_1_588' title='bbox 2218 5776 2442 5849; x_wconf 75' lang='grc' dir='ltr'>λυολὸεᾳ</span> <span class='ocrx_word' id='word_1_589' title='bbox 2461 5773 2764 5847; x_wconf 83' lang='grc' dir='ltr'>χρημάτων</span> <span class='ocrx_word' id='word_1_590' title='bbox 2799 5769 3136 5843; x_wconf 78' lang='grc' dir='ltr'>βρενθιῶσα,</span> <span class='ocrx_word' id='word_1_591' title='bbox 3159 5774 3256 5823; x_wconf 72' lang='grc' dir='ltr'><strong>καὶ</strong></span> <span class='ocrx_word' id='word_1_592' title='bbox 3289 5768 3501 5841; x_wconf 77' lang='grc' dir='ltr'>λαύρως</span> <span class='ocrx_word' id='word_1_593' title='bbox 3529 5768 3777 5834; x_wconf 60' lang='lat' dir='ltr'><strong>{insputat-</strong></span> 
     </span>
    </p>
   </div>
   <div class='ocr_carea' id='block_1_87' title="bbox 2223 5860 3775 5945">
    <p class='ocr_par' dir='ltr' id='par_1_87' title="bbox 2223 5860 3775 5945">
     <span class='ocr_line' id='line_1_87' title="bbox 2223 5860 3775 5945; baseline -0.011 -19"><span class='ocrx_word' id='word_1_594' title='bbox 2223 5873 2362 5945; x_wconf 84' lang='grc' dir='ltr'>μένη</span> <span class='ocrx_word' id='word_1_595' title='bbox 2414 5869 2525 5922; x_wconf 80' lang='grc' dir='ltr'><strong>τῶν</strong></span> <span class='ocrx_word' id='word_1_596' title='bbox 2584 5866 2682 5938; x_wconf 80' lang='grc' dir='ltr'>τῆς</span> <span class='ocrx_word' id='word_1_597' title='bbox 2737 5862 3006 5933; x_wconf 78' lang='grc' dir='ltr'>ἀνατολῆς</span> <span class='ocrx_word' id='word_1_598' title='bbox 3064 5861 3250 5933; x_wconf 69' lang='grc' dir='ltr'>σχεδὸν</span> <span class='ocrx_word' id='word_1_599' title='bbox 3312 5862 3499 5916; x_wconf 83' lang='grc' dir='ltr'>πασῶν</span> <span class='ocrx_word' id='word_1_600' title='bbox 3555 5860 3775 5911; x_wconf 66' lang='grc' dir='ltr'>πόλεων.</span> 
     </span>
    </p>
   </div>
  </div>
