4004 6206
239 357 359 423 9‘29

1287 351 1746 413 DESCRIPTIO
1786 350 2066 411 TERRIE
2110 344 2440 410 SANCT/E.

3412 337 3518 403 930

235 471 414 528 Ἀλλά
457 472 647 546 χρόνος
679 471 773 541 καὶ
805 471 1081 543 βάρϐαρος
1122 469 1244 542 χεὶρ
1278 467 1487 538 ταύτης
1531 467 1625 520 τὸν
1670 465 1829 519 ὅλὸον

1947 465 2030 520 sed
2079 475 2310 532 tempus,
2351 475 2413 516 ac
2445 459 2526 514 vis
2575 457 2830 524 barbara,
2886 454 3207 510 beatitatem
3250 449 3395 506 illius
3418 466 3519 506 ex-

243 569 509 635 ὴφάνισε,
534 566 640 618 κᾶν
667 565 746 617 ἔτι
795 562 1218 634 περιαστράπτῃ
1250 559 1639 631 πυργώμασιν,
1671 559 1840 611 ἐπάλ-

245 661 387 725 ξεὼν
421 677 480 712 τε
515 658 680 730 ἰσχύϊ,
725 658 950 728 εύανθία
989 656 1464 727 περισχιζομένων
1499 656 1707 708 ὑδάτων
1744 670 1838 705 κε-

242 753 562 820 λαρισμοίς,
625 750 809 820 ἡρέμα
868 765 991 811 πως
1022 747 1379 817 διαχεομένου
1425 748 1490 815 τῇ
1540 744 1694 797 πόλει
1738 742 1834 795 τοῦ

242 840 498 909 ποταμοῦ
548 840 641 892 καὶ
699 837 1183 909 περιζωννύοντος,
1222 837 1316 889 καὶ
1364 836 1559 905 ὑγραῖς
1595 835 1837 901 ἐπαφαῖς

245 931 732 1001 περιπλεκομένου
786 948 896 985 των
950 931 1339 1001 πυργωμάτων
1374 927 1570 998 αὐτῆς.
1614 929 1734 982 Ἔτι
1781 927 1838 980 δὲ

243 1027 363 1088 τοῖς
391 1027 456 1078 ὲκ
481 1025 582 1094 τῆς
619 1024 932 1086 Κασταλίας
965 1028 1148 1094 πηγῆς
1194 1024 1564 1092 διαφερόντως
1614 1023 1838 1092 ἀρδευο-

247 1120 390 1190 μένη
421 1123 649 1189 νάμασι,
677 1119 978 1190 κρουνηδὸν
1008 1119 1441 1192 περιρῤεομένου
1485 1119 1579 1171 καὶ
1628 1117 1838 1188 ταύτης

244 1211 347 1264 τοῦ
383 1213 605 1281 ῥείθρου
641 1211 731 1262 καὶ
760 1212 986 1280 συχναῖς
1015 1209 1250 1280 ἀμοιρῶν
1280 1211 1436 1279 χοαῖς
1463 1209 1524 1260 τὸ
1555 1208 1704 1262 ἅπαν
1738 1225 1839 1260 πε·

251 1309 535 1373 ριχέοντος
586 1304 748 1363 ἄστυ,
795 1304 890 1354 καὶ
941 1302 1100 1356 τοῦτο
1131 1305 1243 1364 τοῖς
1270 1301 1513 1372 χεύμασι
1555 1301 1841 1356 καταπλύ-

243 1413 456 1460 νοντος,
508 1395 762 1466 δαψιλείᾳ
812 1395 997 1466 χειρὸς
1045 1397 1143 1448 καὶ
1171 1394 1561 1466 μεγαλοψύχου
1600 1395 1696 1449 τοῦ
1741 1398 1842 1465 τῆς

248 1491 465 1553 πόλεως
501 1488 772 1556 οἰκιστοῦ,
813 1491 876 1542 ὲκ
908 1488 1018 1544 τῶν
1063 1490 1235 1560 αὐτῆς
1271 1490 1463 1560 πηγῶν
1515 1509 1842 1563 μετοχετεύ-

244 1581 438 1643 θέντος
472 1579 567 1633 τοῦ
599 1580 865 1651 νάματος,
894 1582 981 1636 διὰ
1026 1582 1136 1635 τῶν
1169 1582 1340 1654 ὀρέων
1399 1585 1561 1655 μέχρι
1597 1583 1697 1653 τῆς
1740 1584 1841 1637 πό-

247 1673 406 1737 λεως.
454 1674 739 1728 Ἐντεῦθεν
775 1675 835 1729 τὸ
880 1675 1212 1746 περιϐόητον
1258 1677 1358 1746 τῆς
1400 1677 1620 1747 Δάφνης
1665 1677 1841 1747 προά-

247 1780 431 1815 στειον
461 1765 733 1818 παντοίων
776 1766 960 1834 φυτῶν
990 1766 1495 1837 περιστεφανοῦται
1527 1768 1832 1841 ἀναδρομῇ,

247 1857 346 1907 καὶ
378 1856 440 1906 τὸ
474 1855 791 1926 θαυμαστόν
828 1859 977 1910 ἐστιν
995 1857 1145 1925 ὅρος,
1181 1853 1242 1913 οῦ
1272 1857 1532 1931 πολιστὴς
1569 1862 1597 1912 ό
1623 1860 1836 1931 θαυμα-

246 1949 378 2012 στος
413 1949 669 2018 Συμεών.
716 1947 941 2014 Τούτοις
974 1954 1167 2024 όμορεῖ
1196 1953 1257 2006 τὺ
1292 1953 1515 2027 Μαῦρον
1541 1953 1666 2025 όρος
1689 1955 1781 2008 καὶ
1811 1955 1839 2007 ό

243 2041 549 2108 Σκόπελος,
576 2046 635 2096 ὲν
659 2038 742 2107 οἷς
774 2045 945 2100 πάλαι
971 2047 1070 2118 μὲν
1097 2048 1284 2101 πολλοὶ
1309 2047 1592 2117 Θεοφιλεῖς
1625 2050 1842 2121 ἄνθρωα-

243 2152 340 2188 ποι
379 2136 472 2190 τὸν
501 2136 635 2190 Θεὸν
661 2138 1070 2210 ὲκζητήσαντες
1101 2133 1292 2210 εὖρον,
1326 2142 1422 2193 καὶ
1455 2139 1550 2194 νῦν
1591 2140 1699 2195 τῶν
1726 2157 1839 2194 σω-

240 2231 498 2299 ζομένων
534 2232 662 2296 εἰσὶ,
693 2231 787 2285 καὶ
817 2231 917 2296 τὰς
961 2232 1170 2304 λόχμας
1223 2234 1332 2287 τῶν
1363 2229 1548 2288 αὐτῶν
1585 2234 1833 2289 οἰκοῦσιν

244 2320 447 2390 ὀρέων,
475 2321 691 2374 ἐκείνου
735 2325 836 2392 τῆς
890 2323 1157 2395 καλλονῆς
1187 2324 1488 2396 ἐφιέμενοι,
1534 2325 1600 2379 Ἦ
1631 2326 1688 2379 δὲ
1721 2327 1844 2379 Κα-

242 2414 447 2467 σταλία
481 2414 631 2486 πηγὴ
695 2417 865 2487 μέσον
901 2416 995 2470 δύο
1054 2415 1264 2486 βουνῶν
1296 2417 1750 2490 άποθρώσκουσα
1777 2419 1842 2474 ἐκ

243 2507 363 2561 τῶν
388 2511 681 2580 προπόδων
701 2510 798 2564 τοῦ
831 2511 968 2582 πρὸς
993 2512 1275 2567 Θάλασσαν
1305 2513 1424 2577 ἑνὸς
1454 2514 1840 2579 ἀπονεύοντος,

233 2602 487 2683 ἐξαίσιόν
540 2619 593 2655 τι
644 2603 794 2674 νᾶμα
839 2604 1032 2674 χανδὸν
1077 2605 1504 2678 άπεῤῥεύγεται,
1556 2608 1614 2660 ὲν
1747 2607 1845 2661 καὶ

244 2698 384 2750 στοὰ.
420 2696 786 2768 παμμεγέθης
815 2699 1034 2768 ὁρᾶται,
1066 2701 1476 2772 περιοροφοῦσα
1500 2702 1569 2755 τὰ
1600 2704 1699 2773 τῆς
1734 2721 1842 2772 πη-

242 2788 356 2858 γῆς
399 2790 651 2858 νάματα,
688 2791 781 2858 ἀφ’
833 2786 903 2864 ἦς
934 2791 995 2844 τὸ
1042 2791 1189 2862 ὕδωρ
1227 2793 1515 2864 πλησμίως
1559 2795 1844 2850 ἁποπτυό-

244 2894 420 2950 μενον
449 2878 574 2933 δυσὶ
626 2882 1010 2951 περισχίζεται
1054 2880 1318 2952 χεύμασι.
1357 2883 1467 2937 Καὶ
1498 2883 1559 2938 τὸ
1588 2883 1692 2954 μὲν
1727 2885 1847 2940 δια-

243 2968 633 3038 μαρευόμενον
665 2971 725 3022 ὲν
776 2967 1112 3038 ὑψισάμοσιν
1145 2971 1383 3040 ὀχετοῖς,
1445 2971 1542 3025 καὶ
1597 2973 1847 3045 ἑναέριος

244 3062 550 3132 γενόμενον
584 3062 828 3133 ποταμὸς
876 3062 935 3127 ἐξ
981 3063 1322 3132 ὑπερδεξίων
1369 3067 1436 3136 τῇ
1482 3067 1634 3120 πόλει
1683 3086 1847 3141 περι·

1941 557 2158 623 hausit;
2210 555 2342 610 licet
2390 554 2682 622 conspicua
2711 550 2890 604 adhuc
2915 549 3006 613 sit,
3063 556 3117 601 et
3142 547 3372 601 turrium
3396 544 3522 600 alti-

1941 649 2147 712 tudine,
2181 642 2778 715 etpropugnaculorum
2824 638 3121 701 validitate,
3158 646 3211 690 et
3244 645 3520 703 pratorum

1936 757 2002 799 ac
2032 742 2220 797 ﬂorum
2273 740 2557 809 omnigena
2607 734 2964 800 fecunditate,
2998 742 3052 786 et
3099 732 3151 784 in
3184 730 3366 800 plures
3398 745 3524 799 par-

1941 844 2020 891 tes
2059 851 2180 890 sese
2207 833 2560 890 dividentium
2599 846 2864 902 aquarum
2900 827 3112 891 sibilis;
3147 839 3266 880 cum
3300 821 3510 892 placide

1940 926 2132 980 ﬂuvius
2163 925 2506 981 circumﬂuat
2556 923 2745 976 urbem
2779 930 2836 975 et
2875 919 3075 989 cingat,
3112 928 3165 969 et
3195 914 3340 968 molli
3373 921 3521 967 tactu

1940 1023 2059 1092 ejus
2118 1032 2300 1075 turres
2365 1017 2869 1087 circumplectatnr.
2917 1012 3143 1080 lnsuper
3207 1022 3237 1064 e
3298 1006 3522 1063 Castalii

1943 1114 2106 1171 futuis
2139 1112 2354 1168 ﬂuentis
2385 1126 2599 1182 egregie
2625 1109 2880 1178 irrigatur
2912 1103 3097 1173 ;cujus
3132 1116 3281 1172 aquae
3314 1112 3527 1156 torren-

1946 1209 2075 1262 tium
2113 1207 2287 1261 instar
2334 1205 2628 1276 pelluntur,
2695 1211 2750 1257 et
2811 1197 3191 1268 frequentibus
3253 1193 3529 1249 sulcorum

1946 1303 2072 1357 rivis
2105 1301 2293 1356 urbem
2317 1299 2626 1353 universam
2657 1292 3012 1364 perfundunt,
3040 1303 3270 1358 eamque
3297 1285 3532 1340 ﬂuxibus

1942 1400 2268 1462 aspergunt;
2309 1404 2597 1460 operarum
2633 1386 2810 1456 copia,
2846 1393 2902 1440 et
2953 1380 3254 1439 conditoris
3286 1376 3534 1449 magniﬁ-

1942 1487 2142 1551 centia,
2175 1499 2241 1539 ex
2271 1483 2415 1538 illius
2475 1481 2717 1537 fontibus
2771 1493 2868 1549 per
2899 1483 3114 1531 montes
3144 1476 3210 1529 ad
3233 1473 3405 1544 ipsam
3448 1471 3534 1525 ci-

1943 1587 2170 1640 vitatem
2203 1583 2453 1639 laticibus
2490 1580 2803 1638 corrivatis.
2860 1578 2959 1634 Hic
3009 1577 3153 1633 fama
3217 1588 3312 1646 per
3339 1575 3526 1629 orbem

1946 1680 2219 1750 vulgatum
2247 1676 2494 1747 Daphnes
2523 1673 2865 1740 suburbium,
2885 1670 3126 1742 proceris
3174 1680 3336 1724 omne
3366 1681 3535 1737 genus

1932 1772 2234 1828 arboribus
2301 1777 2642 1831 exornatum,
2671 1778 2727 1822 et
2769 1781 2927 1820 mons
2976 1774 3060 1820 est
3095 1764 3332 1818 maxime
3380 1761 3536 1817 nobi-

1944 1870 2014 1924 lis
2041 1880 2200 1935 quem
2249 1863 2602 1918 admirandus
2631 1860 2851 1917 Simeon
2906 1859 2957 1914 in
2989 1857 3378 1914 habitationem
3437 1854 3536 1909 ad-

1942 1960 2173 2030 aptavit.
2221 1956 2385 2012 Hisce
2444 1955 2707 2010 ﬁnitimus
2739 1964 2823 2008 est
2848 1967 3005 2008 mons
3042 1951 3281 2016 Maurus,
3315 1959 3368 2004 et
3401 1948 3538 2003 Sco-

1949 2053 2129 2122 pulus,
2167 2051 2248 2108 fin
2288 2050 2484 2120 quibus
2509 2047 2808 2116 antiquitus
2842 2046 2996 2102 multi
3042 2043 3150 2101 Deo
3181 2042 3538 2100 addictissimi

1945 2145 2070 2209 viri,
2119 2142 2287 2199 Deum
2346 2142 2752 2211 conquirentes,
2793 2141 3142 2204 invenerunt,
3176 2147 3232 2195 et
3299 2136 3367 2194 ad
3421 2137 3539 2193 haec

1945 2225 2191 2317 tempora
2227 2246 2558 2316 perdurant,
2587 2251 2663 2308 et,
2719 2243 3059 2299 laudatorum
3117 2241 3380 2297 montium
3415 2241 3540 2310 pul-

1946 2338 2260 2395 chritudine
2291 2337 2533 2409 pellecti,
2571 2336 2737 2390 silvas
2767 2334 3095 2391 inhabitant.
3125 2333 3395 2390 Castalius
3417 2330 3541 2389 fons

1950 2431 2091 2489 inter
2144 2431 2280 2488 duos
2311 2431 2476 2487 colles
2528 2429 2813 2495 exsiliens,
2874 2444 2940 2485 ex
2977 2428 3092 2499 ejus
3123 2429 3212 2498 qui
3281 2429 3332 2483 in
3375 2441 3540 2492 mare

1949 2526 2250 2596 procurrit,
2323 2525 2429 2579 ima
2487 2537 2661 2594 parte,
2725 2523 2926 2578 eximia
2989 2521 3234 2591 quadam
3271 2535 3536 2590 aquarum

1947 2619 2148 2690 irrigua
2179 2617 2420 2684 evomit;
2473 2617 2524 2670 in
2575 2632 2682 2684 quo
2729 2614 3063 2687 praegrandis
3107 2614 3339 2685 assurgit
3369 2611 3540 2682 porti-

1950 2728 2070 2779 cus,
2116 2727 2337 2766 cursum
2368 2710 2538 2766 fontis
2571 2723 2962 2765 concamerans
2990 2726 3004 2762 :
3043 2707 3170 2761 hinc
3196 2722 3352 2778 aqute
3382 2705 3540 2760 alliu-

1947 2811 2104 2858 enter
2137 2801 2504 2872 prosilientes,
2538 2801 2591 2854 in
2618 2801 2751 2854 duos
2784 2799 2930 2853 rivos
2961 2795 3276 2851 dividuntur
3305 2810 3537 2849 :earum

1949 2913 2054 2950 una
2105 2910 2230 2966 pars
2265 2911 2362 2966 per
2391 2893 2685 2949 altissimos
2721 2894 2938 2958 ductus,
2981 2890 3144 2945 veluti
3187 2890 3388 2954 sulcos,
3416 2904 3543 2944 cor-

1949 2989 2146 3054 rivata,
2180 3004 2332 3057 mque
2362 3004 2426 3043 ac
2452 3003 2642 3043 aereus
2677 2985 2874 3040 ﬂuvius
2927 3000 2991 3039 ex
3035 2991 3190 3054 parte
3222 2982 3410 3036 dextra
3446 2997 3545 3037 su-

1951 3081 2260 3152 periorique
2301 3082 2352 3135 in
2405 3079 2608 3137 Urbem
2646 3077 2842 3144 inﬂuit,
2901 3076 3097 3140 altera,
3142 3075 3383 3131 sinistris
3405 3073 3541 3129 fonti

246 3155 452 3225 φοιτᾷ·
511 3155 572 3208 τὸ
619 3154 675 3208 δὲ
710 3158 835 3220 ταῖς
866 3157 956 3210 ἐπ’
1006 3157 1276 3228 ἀριστερᾷ
1319 3159 1388 3228 τῇ
1437 3161 1587 3230 πηγῇ
1621 3160 1840 3215 πεδιάσι

1948 3173 2080 3229 locis
2123 3172 2523 3244 campestribus
2573 3170 2884 3234 exundans,
2940 3170 2994 3223 in
3028 3167 3316 3238 paludibus
3350 3152 3570 3237 super?

244 3247 548 3317 πελαγίζον
579 3249 936 3319 ἐπιλιμνάζει
967 3249 1081 3312 τοῖς
1117 3248 1270 3301 ἕλεσι
1308 3251 1402 3304 καὶ
1445 3251 1569 3304 ὅλον
1604 3252 1698 3305 τὸν
1741 3253 1841 3323 τῆς

245 3342 473 3410 Δάφνης
522 3343 751 3412 ἑπάρδει
777 3340 1042 3412 λειμῶνα,
1074 3343 1168 3396 καὶ
1195 3345 1318 3407 ταῖς
1348 3342 1442 3396 τοῦ
1501 3345 1749 3415 Ὀρόντου
1784 3344 1844 3412 ἐξ

249 3434 560 3504 εὐωνύμων
621 3437 773 3504 ῥοαῖς
830 3435 1212 3506 ἑπιμίγνυται.
1288 3438 1361 3490 Τὸ
1419 3438 1477 3492 δὲ
1527 3437 1843 3510 θαυμαστὸν

244 3529 378 3601 δρος
411 3527 618 3598 μεταξὺ
646 3529 743 3597 τῆς
792 3530 1007 3594 πόλεως
1039 3530 1134 3582 καὶ
1166 3529 1268 3599 τῆς
1323 3529 1603 3603 θαλάσσης
1643 3533 1844 3604 λοφού-

253 3639 418 3694 μενον
448 3620 686 3688 ἐξαίσιόν
717 3639 771 3674 τι
808 3622 995 3692 χρῆμα
1028 3622 1125 3675 καὶ
1158 3622 1456 3693 ὀφθαλμῶν
1487 3625 1698 3698 άγλατᾳ.
1730 3629 1846 3690 τοῖς

246 3715 650 3786 ἐντυγχάνουσι.
683 3713 965 3785 βλέπεται,
1007 3714 1335 3784 μεθοριάζον
1365 3716 1475 3788 γὰρ
1508 3719 1608 3786 τήν
1640 3735 1698 3770 τε
1741 3718 1844 3772 πό-

247 3805 361 3870 λιν,
397 3806 494 3858 καὶ
522 3803 623 3875 τὴν
653 3805 815 3875 ρωσῶ
858 3803 917 3871 ἐξ
949 3804 1231 3874 ἑκατέρων
1265 3805 1433 3859 αὐτοῦ
1483 3806 1595 3860 τῶν
1658 3809 1845 3880 μερῶν

247 3899 312 3952 τι
333 3899 462 3972 ὅρος
493 3897 610 3969 ἔχει
647 3897 739 3951 τὸν
787 3897 1084 3962 Σκόπελον,
1120 3899 1215 3951 καὶ
1246 3899 1338 3952 τὸν
1362 3899 1660 3971 λεγόμενον
1696 3904 1848 3956 Καύ-

250 4008 448 4049 κασον.
481 3992 545 4046 '0
599 3991 657 4045 δὲ
691 3993 936 4064 ποταμὸς
983 3991 1246 4063 Ὀρόντης
1292 3993 1556 4063 είλιγμῶν
1600 3994 1846 4065 ἀπείρων

250 4084 632 4158 περιδινήσεσι
673 4085 803 4155 περὶ
857 4084 984 4149 τοὺς
1038 4084 1318 4156 πρόποδας
1373 4087 1484 4158 ῥέει
1521 4085 1616 4141 τοῦ
1661 4087 1844 4158 ὅρους,

250 4179 348 4232 καὶ
374 4179 441 4248 τῇ
471 4177 715 4250 θαλάσσῃ
741 4178 804 4230 τὸ
827 4175 1043 4249 ῥεῖθρον
1065 4175 1315 4234 ὲκπτύει.
1347 4178 1549 4232 Τούτου
1568 4178 1662 4232 τοῦ
1687 4177 1844 4249 ὅρους

250 4272 322 4343 τῃ
360 4274 580 4342 κορυφῇ
609 4273 636 4325 ό
687 4270 864 4341 μέγας
897 4273 1256 4342 ὲφησυχάσας
1295 4271 1435 4342 ἀνὴρ
1477 4272 1707 4339 ἐκεῖνος,
1751 4275 1848 4329 καὶ

253 4359 562 4423 ἀναϐάσεις
590 4358 822 4431 θέμενος
855 4360 914 4415 ὲν
949 4359 1168 4432 καρδίᾳ,
1214 4360 1512 4431 μετάρσιος
1541 4363 1599 4414 ὲν
1631 4362 1848 4433 σώματι

249 4455 490 4524 γίνεται,
520 4455 616 4510 καὶ
653 4455 958 4523 φιλονεικεῖ
981 4455 1127 4524 μετὰ
1164 4451 1426 4523 σώματος
1461 4453 1725 4523 γενέσθαι
1758 4458 1847 4509 al-

1948 3276 2184 3336 stagnat,
2215 3265 2578 3333 universaque
2640 3263 2895 3332 Daphnes
2950 3270 3108 3331 prata
3169 3260 3414 3325 irrorat;
3447 3258 3539 3314 de-

1948 3376 2091 3416 mum
2153 3359 2305 3414 laevis
2339 3357 2559 3413 Orontis
2588 3358 2804 3409 ﬂuentis
2837 3353 3197 3408 immiscetur.
3230 3351 3381 3406 Mons
3409 3367 3542 3406 vero

1946 3454 2298 3509 admirandus
2331 3451 2475 3506 inter
2494 3449 2683 3504 urbem
2718 3457 2773 3500 et
2804 3460 2955 3500 mare
2989 3447 3188 3506 elatus,
3216 3459 3300 3499 res
3327 3445 3539 3516 egregia

1946 3563 2010 3602 ac
2072 3543 2404 3616 spectabilis.
2459 3552 2513 3597 et
2555 3539 2965 3595 advenientium
3028 3537 3202 3592 oculis
3260 3534 3538 3601 delicium,

1947 3636 2305 3708 conspicitur.
2354 3634 2602 3704 Namque
2650 3631 2770 3686 urbi
2832 3631 3096 3700 Rosoque
3133 3628 3539 3691 conterminus,

1951 3731 2200 3798 utrisque
2255 3728 2578 3799 epartibus,
2627 3736 2830 3789 monte,
2881 3722 3125 3794 scopulo,
3188 3722 3550 3790 Caucasoque

1948 3824 2361 3895 constringitur.
2426 3817 2660 3876 Orontes
2693 3816 2888 3872 ﬂuvius
2921 3815 3223 3871 innumeris
3289 3813 3542 3868 inﬂexio-

1949 3937 2075 3977 num
2099 3917 2400 3973 vorticibus
2435 3914 2500 3969 ad
2530 3914 2696 3984 pedes
2724 3912 2920 3966 montis
2958 3907 3200 3981 proﬂuit,
3231 3918 3282 3964 et
3309 3907 3360 3961 in
3396 3921 3545 3960 mare

1949 4026 2118 4080 aquas
2158 4005 2420 4063 immittit.
2484 4002 2544 4058 in
2584 4002 2786 4058 montis
2831 4000 3058 4072 hujusce
3089 4000 3293 4056 vertice
3321 4013 3544 4068 magnus

1951 4104 2045 4174 ille
2086 4108 2190 4167 vir,
2229 4096 2522 4169 tranquille
2557 4096 2723 4151 vitam
2752 4110 2939 4165 agens,
2975 4101 3029 4148 et
3081 4094 3132 4148 in
3165 4093 3328 4146 corde
3353 4106 3544 4145 ascen-

1949 4196 2131 4252 siones
2183 4192 2500 4262 disponens,
2559 4203 2787 4257 corpore
2848 4187 3095 4242 sublimis
3137 4183 3432 4250 extollitur,
3489 4191 3546 4239 et

1950 4302 2073 4343 cum
2109 4285 2226 4355 ipso
2254 4295 2482 4352 corpore
2510 4280 2785 4334 aethereus
2825 4278 2966 4344 ﬁeri,
3007 4278 3260 4347 interque
3293 4276 3456 4330 Deum
3484 4282 3545 4329 et

1948 4379 2200 4437 homines
2246 4377 2455 4432 medius
2507 4389 2648 4440 esse,
2695 4371 2995 4430 contendit.
3051 4372 3121 4425 At
3173 4385 3279 4438 qua
3332 4372 3544 4423 ratione

1950 4471 2063 4527 Deo
2095 4470 2275 4526 dedito
2310 4468 2430 4525 viro
2487 4468 2588 4523 ista
2637 4481 2725 4521 res
2754 4463 3116 4519 admiratione
3153 4461 3312 4532 digna
3339 4475 3541 4516 evene-

254 4547 467 4618 θέριος,
512 4549 607 4600 καὶ
652 4547 821 4618 μέσον
854 4539 997 4601 εῖναι
1035 4545 1172 4600 Θεοῦ
1205 4547 1301 4601 καὶ
1354 4546 1688 4618 ἀνθρώπων.
1734 4550 1842 4606 Καὶ

1954 4559 2048 4624 rit,
2104 4558 2223 4628 ipse
2301 4557 2502 4612 dicam.
2564 4551 2946 4625 Lapicidarum
3013 4565 3177 4620 opera
3230 4549 3543 4604 summitate

252 4643 410 4701 ὅπως
460 4639 756 4710 εἴργασται
806 4641 958 4695 τουτὶ
1003 4640 1066 4693 τὸ
1121 4639 1432 4711 παράδοξον
1483 4640 1562 4712 τῷ
1605 4641 1849 4712 θεοφιλεῖ

253 4737 458 4808 ἐκείνῳ
485 4735 661 4806 ἀνδρὶ,
687 4732 800 4802 ἐγὼ
829 4733 1083 4805 δηλώσω.
1112 4733 1287 4804 Χερσὶ
1314 4733 1592 4798 λαξευτῶν
1630 4736 1710 4793 εις
1745 4735 1847 4807 βά-

252 4827 348 4889 θος
398 4825 657 4890 κοιλάνας
712 4825 807 4896 τὴν
846 4825 943 4878 τοῦ
997 4824 1322 4895 θαυμαστοῦ
1375 4824 1627 4897 κορυφὴν
1681 4826 1847 4896 ὅρους

256 4919 571 4992 μονόλιθον,
603 4920 636 4991 ἢ
668 4918 915 4991 μονοφυῆ
953 4917 1122 4988 μονὴν
1160 4920 1558 4987 ἀπειργάσατο,
1584 4913 1652 4991 ἦς
1680 4920 1847 4990 μέσον

252 5014 508 5085 αὐτοφυῆ
540 5011 812 5078 λαξεύσας
837 5012 1012 5074 κίονα,
1043 5013 1102 5063 ὲν
1125 5011 1274 5082 αὐτῷ
1307 5011 1405 5075 τὰς
1440 5011 1628 5080 βάσεις
1668 5011 1842 5078 ἔθετο,

251 5111 351 5166 ἐπὶ
402 5109 614 5181 πέτρας
668 5108 810 5162 κατὰ
859 5107 921 5160 τὸ
965 5105 1149 5176 λόγιον
1195 5107 1339 5169 τοὺς)
1382 5104 1552 5169 πόδας
1595 5105 1841 5176 ἐρείσας,

251 5207 390 5276 περὶ
421 5204 478 5259 δὲ
531 5202 823 5274 ἀνίσχοντα
847 5201 1003 5272 ἥλιον
1033 5200 1161 5254 ναδν
1204 5200 1395 5271 ἧγειρε
1435 5197 1742 5270 περικαλλῆ
1768 5197 1845 5266 τῷ

255 5301 403 5373 Θεῷ,
439 5300 497 5352 ἑν
524 5296 672 5368 αὐτῷ
707 5295 996 5349 συνεκάλει
1037 5294 1163 5357 τοὺς
1198 5292 1362 5346 αὑτοῦ
1416 5292 1664 5364 μαθητάς
1703 5307 1715 5320 ·
1749 5290 1845 5347 καὶ

253 5393 412 5457 ὄντος
458 5394 562 5464 μὲν
617 5394 676 5445 ὲν
731 5389 1009 5460 ὑπαίθρῳ,
1052 5382 1199 5443 οὗτοι
1250 5387 1307 5440 δὲ
1337 5386 1550 5442 ἔνδοθεν
1582 5386 1678 5439 τοῦ
1713 5387 1842 5442 ναοῦ

254 5491 566 5551 όλονύκτως
620 5485 926 5554 ἱστάμενοι,
983 5483 1097 5544 τοῖς
1146 5481 1324 5550 ἁγίοις
1366 5481 1694 5551 πρέπουσαν
1749 5480 1845 5535 λα-

256 5581 451 5653 τρείαν
482 5579 598 5648 Θεῷ
629 5577 999 5650 προσέφερον.

325 5674 399 5744 γ’.
433 5673 591 5729 Μετὰ
647 5671 701 5725 δὲ
738 5668 913 5725 ταῦτα
953 5668 1048 5722 καὶ
1098 5666 1200 5738 τὴν
1255 5665 1586 5735 Ἀντιόχειάν
1628 5667 1776 5719 ἐστιν
1808 5667 1840 5737 ἡ

260 5771 578 5833 Λαοδίκεια,
616 5767 774 5830 πόλις
816 5765 1026 5837 μεγάλη
1079 5766 1174 5818 καὶ
1237 5763 1693 5832 πολυάνθρωπος,
1736 5763 1843 5818 κᾶν

274 5870 300 5920 ό
339 5865 534 5941 χρόνος
581 5863 677 5918 καὶ
710 5859 917 5932 ταύτης
962 5858 1024 5913 τὸ
1077 5858 1367 5931 μεγαλεῖον
1423 5856 1688 5929 ἐλώϐησε,
1747 5858 1844 5913 καὶ

1954 4652 2153 4708 montis
2186 4649 2491 4705 admirandi
2540 4650 2650 4703 alte
2698 4657 2982 4710 excavata,
3038 4645 3439 4698 monasterium
3473 4657 3541 4702 ex

1951 4761 2056 4801 uno
2087 4745 2374 4800 conﬂatum
2416 4741 2966 4812 compaginatumque
3010 4737 3189 4809 lapide
3226 4737 3494 4793 exstruxit
3524 4749 3539 4788 ι

1951 4841 2003 4895 in
2080 4839 2255 4894 media
2329 4835 2644 4892 monasterii
2711 4835 2850 4888 inter
2898 4831 3116 4886 excisos
3172 4830 3378 4899 lapides
3443 4842 3542 4887 sua

1949 4943 2139 5006 sponte
2162 4941 2286 4986 nata
2318 4931 2570 4986 columna
2605 4928 2806 4998 gradus
2828 4925 3098 4996 appinxit,
3122 4938 3283 4992 super
3309 4931 3538 4994 petram,

1949 5038 2008 5081 ut
2039 5039 2195 5082 sacro
2244 5021 2470 5094 Eloquio
2498 5021 2755 5085 traditur,
2789 5019 3016 5090 pedibus
3056 5017 3310 5080 ﬁrmatis,
3351 5029 3541 5074 versus

1947 5129 2284 5184 exorientem
2329 5124 2496 5181 solem
2527 5122 2782 5192 templum
2820 5117 3245 5190 pulcherrimum
3284 5117 3392 5172 Deo
3419 5133 3543 5172 ονο-

1950 5224 2051 5286 xit,
2106 5222 2160 5276 in
2201 5220 2340 5290 quod
2375 5217 2676 5288 discipulos
2705 5214 3086 5270 cunvocabat:
3120 5223 3285 5283 atque
3323 5214 3394 5266 ita
3426 5215 3530 5270 sub

1949 5313 2040 5369 dio
2076 5313 2190 5384 ipse
2219 5325 2585 5374 commorans,
2623 5308 2700 5362 illi
2735 5315 2847 5362 tota
2887 5315 3044 5362 nocte
3078 5307 3128 5360 in
3153 5306 3355 5375 templo
3387 5315 3538 5360 stanc

1952 5414 2056 5470 tes,
2110 5414 2171 5458 ut
2199 5401 2426 5458 decebat
2478 5408 2718 5467 sanctos,
2779 5397 3016 5453 debitum
3074 5396 3186 5454 Deo
3216 5397 3417 5452 cultum
3450 5396 3534 5451 of-

1947 5496 2216 5554 ferebant.

2018 5676 2071 5730 5.
2109 5676 2239 5730 Post
2277 5675 2390 5729 hate
2429 5683 2482 5727 et
2511 5672 2873 5737 Antiochiam,
2929 5669 3194 5727 Laodicea
3260 5672 3529 5741 sequitur,

1948 5768 2141 5822 civitas
2209 5765 2419 5834 ingens,
2472 5763 2624 5832 copia
2688 5764 2968 5817 hominum
3019 5762 3315 5832 frequens;
3395 5765 3522 5817 licet

1951 5867 2158 5930 tempus
2191 5859 2331 5916 illius
2365 5871 2576 5930 quoque
2630 5857 2970 5932 splendorem
3002 5855 3352 5919 imminuerit.
3378 5855 3523 5918 illum
