4004 6206
542 304 647 369 931

1826 310 2014 370 JOAN
2029 311 2068 368 Ν
2083 311 2150 369 IS
2191 310 2457 371 PHOC/E

3671 313 3769 380 93':

540 418 816 489 excipiunt
860 418 1083 485 Gabala,
1110 420 1221 475 sive
1254 421 1432 477 Zebel.
1458 422 1585 479 Post
1622 424 1848 489 Gabula,
1874 432 2112 480 castrum

2232 424 2343 480 151'
2375 426 2592 496 εκείνην
2640 424 2709 480 τά
2757 426 2973 481 Γάϐαλα
3012 428 3135 498 ἢτοι
3194 427 3253 480 τὸ
3312 428 3516 491 Ζὲϐελ,
3558 430 3691 497 μετὰ
3726 430 3778 483 δι

543 512 807 585 sequitur,
868 513 1146 569 Antarada
1189 515 1417 580 dictum,
1473 518 1587 573 sive
1632 518 1877 572 Tortosa.
1939 518 2003 570 Et
2050 517 2129 572 sic

542 602 1022 673 littori,.Tripolin
1080 621 1271 677 usque,
1322 609 1471 664 varia
1506 618 1683 664 castra
1734 608 2006 679 adjacent.
2071 606 2127 666 In

546 701 963 761 mediterraneis
1019 702 1206 772 iugum
1277 720 1528 772 magnum
1608 705 1925 777 porrigitur,
1985 705 2133 776 quod

543 795 793 865 Chasysii
822 796 1119 860 accolunt,
1157 811 1288 861 gens
1326 795 1619 862 Saracena,
1651 812 1824 865 neque
1846 795 2127 852 Christum

544 888 901 957 amplectens,
951 902 1126 959 neque
1168 904 1290 942 cum
1336 888 1675 943 Macbutueto
1726 890 1986 955 sentiens,
2024 891 2119 945 sed

522 980 780 1051 propria:
829 991 990 1038 ωριτε
1045 995 1205 1035 tenax
1235 1024 1250 1047 ,
1280 982 1443 1036 Deum
1474 982 1802 1049 confitetur;
1847 990 1921 1047 et,
1990 983 2134 1036 inter

547 1088 643 1126 eos
665 1073 881 1143 primus;
918 1085 1294 1142 occupantem,
1331 1074 1561 1141 legatum
1621 1072 1715 1127 Dei
1770 1082 2125 1142 nuncupant;

546 1166 704 1233 cujus
758 1166 983 1235 imperio
1011 1165 1079 1219 ad
1130 1182 1443 1235 magnarum
1478 1166 1688 1221 urbium
1744 1166 2015 1235 principes
2049 1166 2131 1219 di-

546 1257 721 1323 missi,
774 1275 867 1313 eos
930 1259 1153 1313 ensibus
1196 1259 1559 1325 obtruncant;
1624 1274 1744 1313 nam
1780 1270 1977 1329 prater
2030 1274 2129 1313 ex-

544 1353 935 1420 spectationem
975 1351 1027 1406 in
1078 1366 1170 1406 eos
1200 1351 1448 1418 irruunt;
1499 1363 1572 1413 et,
1627 1350 1864 1406 facinore
1902 1352 1958 1405 in
1990 1351 2130 1421 ipso,

550 1455 777 1497 mortem
818 1452 1100 1514 oppetunt,
1156 1462 1184 1497 a
1222 1445 1404 1498 multis
1424 1443 1578 1513 pauci
1606 1443 1679 1498 illi
1715 1454 1832 1513 post
1864 1451 2132 1511 patratum

549 1532 730 1588 scelus
756 1532 1115 1590 circumventi
1145 1553 1160 1600 ;
1226 1534 1385 1603 idque
1416 1535 1735 1606 martyrium
1765 1550 1904 1600 esse,
1936 1545 1992 1591 et
2023 1536 2132 1590 im-

548 1626 894 1682 mortalitatis
948 1628 1370 1697 perceptionem,
1395 1624 1728 1682 existimant.

616 1817 671 1873 ι.
698 1815 837 1888 .ingo
871 1817 1097 1874 inhaeret
1142 1821 1539 1890 pulcherrimus
1565 1833 1617 1879 et
1651 1838 1933 1878 sacrarum
1972 1822 2124 1879 Scri-

545 1917 829 1976 pturarum
894 1910 1047 1966 laude
1102 1911 1266 1981 digne
1320 1916 1603 1971 decoratus
1662 1916 1920 1983 Libanus,
1976 1933 2129 1972 mons

547 2002 899 2073 praegrandis,
929 2019 959 2057 a
1000 2006 1206 2061 vertice
1254 2008 1320 2062 ad
1360 2009 1495 2064 imos
1525 2010 1690 2080 pedes
1751 2010 1890 2065 nivis
1924 2021 2129 2068 tractus

548 2092 714 2148 veluti
751 2094 1032 2150 cincinnos
1058 2094 1306 2163 induens,
1354 2100 1501 2167 pino,
1532 2102 1714 2168 cedro,
1765 2116 2130 2174 cupressoque

554 2190 824 2253 consitus,
873 2197 926 2242 et
986 2188 1108 2244 aliis
1152 2189 1429 2261 frugiferis
1489 2193 1664 2263 iisque
1717 2196 1884 2249 variis
1940 2206 2131 2265 satque

551 2278 959 2335 abundantibus
1028 2282 1227 2351 plantis
1294 2284 1544 2339 refertus.
1601 2284 1811 2350 Partes,
1862 2286 1916 2340 in
1982 2300 2131 2341 mare

550 2378 827 2433 nutantes,
862 2368 1045 2424 colunt
1090 2368 1432 2427 Christiani:
1465 2371 1784 2428 Damascum
1832 2374 2131 2442 respicien-

551 2471 631 2516 tes
660 2470 714 2515 et
766 2463 1045 2526 Arabiam,
1106 2463 1363 2520 Saraceni
1416 2465 1734 2532 possident:
1768 2481 1832 2521 ex
1861 2466 2013 2522 rimis
2068 2481 2132 2522 ac

548 2552 779 2609 vallibus
829 2555 975 2610 ﬂuvii
1005 2557 1072 2609 ad
1124 2571 1275 2612 mare
1324 2558 1534 2626 pulchri
1564 2558 1994 2630 gelidissimique
2026 2559 2125 2614 de-

548 2656 770 2699 currunt
801 2662 815 2710 ;
856 2661 976 2700 cum
1015 2662 1208 2703 recens
1242 2649 1331 2703 nix
1362 2649 1644 2717 dissoluta,
1675 2650 1849 2705 fluxus
1906 2666 2133 2706 curren-

552 2742 684 2794 tium
718 2755 979 2806 aqnarnm
1012 2743 1251 2813 crystalli
1290 2745 1462 2799 instar
1516 2746 1735 2801 elllciat.
1793 2746 1872 2799 Ad
1932 2747 2131 2801 montis

548 2833 714 2902 pedes
777 2834 1011 2904 Tripolis
1037 2836 1228 2905 jacet;
1284 2853 1443 2906 quam
1490 2840 1811 2894 conditorin
1843 2838 2129 2907 peninsula

550 2926 772 2992 posuit:
821 2942 1055 2998 namque
1082 2944 1147 2983 ex
1180 2927 1388 2985 Libano
1426 2940 1584 2984 tenue
1635 2930 1857 2987 dorsum
1922 2932 2126 2987 sensim

549 3020 909 3085 descendens,
966 3019 1267 3092 linguaeque
1299 3022 1468 3078 instar
1526 3023 1582 3077 in
1640 3004 1787 3077 mare
1823 3038 1942 3079 sese
1998 3023 2130 3080 insi-

2228 519 2403 572 ταῦτα
2436 520 2496 571 τδ
2523 519 2762 590 κὰστρον
2791 519 3175 590 ὴἈντάραδα,
3218 520 3340 590 ἦτοι
3390 520 3422 589 ἡ
3460 518 3777 589 Τουρτοῦσα.

2232 612 2344 663 Καὶ
2371 609 2545 674 οὕτως
2575 613 2699 684 περὶ
2738 613 2836 682 μὲν
2863 613 2952 665 τὸν
2985 612 3234 680 αἰγιαλὸν
3269 611 3538 665 καστέλλα
3569 612 3782 681 διάφορα

2231 703 2338 766 ἕως
2355 703 2692 775 Τριπόλεως,
2718 706 2846 774 περὶ
2875 704 2931 759 δι
2951 704 3012 758 τδ
3040 705 3324 775 μεσόγειον
3345 705 3613 775 διέρχεται
3641 704 3784 773 ζυγὸς

2236 797 2432 863 μέγας,
2465 798 2544 859 είς
2574 796 2631 849 ὃν
2654 795 2898 849 οἰκοῦσιν
2928 796 2980 849 oi.
3002 794 3289 865 λεγόμενοι
3329 792 3620 855 Χασύσιοι,
3650 793 3783 857 ἔθνος

2233 890 2635 962 Σαρακηνικὸν,
2674 890 2812 959 μήτε
2836 888 3248 959 Χριστιανίζον,
3280 889 3420 958 μήτε
3442 886 3511 941 τά
3539 886 3633 940 τοῦ
3656 888 3786 941 licit-

2233 986 2475 1057 χουμέτη
2512 984 2752 1055 φρονῶν,
2792 984 2909 1038 ἀλλ’
2940 982 3078 1036 ίδίαν
3105 980 3228 1051 ἔχον
3268 980 3485 1052 αἵρεσιν
3526 979 3619 1033 τὸν
3670 978 3788 1032 Θιδν

2233 1078 2535 1148 ὁμολογεῖν,
2567 1077 2659 1129 καὶ
2687 1075 2778 1128 τὸν
2807 1076 2864 1127 έν
2898 1075 3113 1139 τούτοις
3168 1072 3522 1142 πρωτεύοντα
3566 1071 3786 1141 πρέσϐυν

2232 1170 2527 1241 ὀνομάζειν
2575 1168 2736 1232 Θεοῦ,
2769 1161 2830 1222 οὗ
2862 1171 2927 1239 τῇ
2962 1168 3213 1222 κελεύσει
3242 1168 3379 1238 πρὸς
3416 1167 3669 1237 μεγάλων
3699 1164 3790 1235 χω.

2236 1265 2348 1339 ρῶν
2387 1264 2800 1335 ικπεμπόμενοι
2828 1262 3122 1333 ἄρχοντας,
3155 1261 3555 1315 κατακαίνουσι
3586 1261 3789 1323 τούτους

2237 1360 2562 1431 μαχαίραις,
2601 1360 2667 1410 ὲκ
2692 1355 2783 1410 τοῦ
2818 1356 3209 1428 άπροδοκήτως
3241 1356 3477 1418 ἐκείνοις
3505 1355 3788 1425 ὲπιπηδᾷν,

2233 1453 2331 1507 καὶ
2361 1451 2871 1521 συναποθνῄσκουσι
2912 1448 2988 1519 τῷ
3026 1448 3361 1519 τολμήματι,
3396 1449 3501 1501 ὑπὸ
3536 1449 3647 1501 τῶν
3678 1446 3793 1499 πολ.

2232 1543 2343 1596 λῶν
2383 1542 2522 1611 μετὰ
2576 1542 2675 1609 τὴν
2734 1539 2828 1592 τοῦ
2880 1540 3160 1609 δράματος
3203 1542 3521 1610 ἐγχείρησιν
3563 1541 3612 1592 οί
3641 1538 3794 1606 ὀλίγοι

2236 1634 2593 1704 κτεννύμενοι
2618 1650 2632 1665 ·
2668 1631 2831 1685 τοῦτο
2854 1630 3156 1702 μαρτύριον
3185 1632 3419 1702 ἥγηνται
3458 1633 3580 1691 ,καὶ
3616 1629 3796 1683 άθαναο

2236 1727 2357 1791 σίας
2382 1726 2697 1797 περιϐολήν.

2305 1821 2368 1875 δ’.
2400 1820 2557 1875 Μετὰ
2586 1818 2646 1872 δὲ
2680 1818 2770 1872 τὸν
2807 1817 3050 1871 τοιοῦτον
3076 1815 3239 1883 ζυγὸν
3268 1814 3415 1869 ἐστιν
3449 1815 3480 1868 ό
3531 1813 3796 1882 πάγκαλος

2233 1908 2328 1962 καὶ
2350 1906 2517 1972 ἀξίως
2545 1906 2876 1977 περιϐόητος
2907 1908 2963 1959 ὲν
2988 1909 3111 1970 ταῖς
3137 1907 3379 1975 Γραφαῖς
3428 1905 3682 1969 Λίϐανος,
3716 1903 3799 1968 Cu-

2231 2001 2327 2070 γὸς
2360 2000 2687 2070 πάμμεγας,
2729 1998 3035 2069 κορυφὸθεν
3072 2001 3236 2071 μέχρι
3272 2001 3567 2071 προπόδων
3600 2015 3797 2071 συρμα·

2231 2093 2325 2157 δας
2381 2094 2561 2163 χιόνος
2594 2092 2668 2155 ὡς
2711 2091 3047 2163 βοστρύχους
3087 2092 3588 2163 περιϐαλλόμενος,
3635 2095 3799 2167 πεύκη

2234 2188 2329 2238 κοιλ⁵
2366 2184 2543 2254 κέδρῳ
2588 2185 2681 2237 xui.
2737 2184 3062 2257 κυπαρίττῳ
3124 2185 3686 2255 καταδενδρούμενος.
3718 2186 3798 2241 καί

2232 2277 2409 2331 ἄλλων
2467 2278 2838 2350 ὀπωροτόρων
2896 2279 3085 2347 φυτῶν
3125 2278 3403 2349 διαφόρων
3437 2280 3706 2349 πλήθεσιν
3731 2280 3795 2332 ὡ-

2235 2371 2580 2442 ραῖζόμενος.
2615 2374 2821 2424 Τούτου
2851 2373 2919 2425 τὰ
2956 2370 3091 2441 πρὸς
3121 2371 3403 2425 θάλασσαν
3444 2374 3663 2426 οἰκοῦσι
3689 2373 3803 2442 Χρι-

2236 2467 2467 2531 στιανοὶ,
2492 2467 2558 2518 τὰ
2590 2465 2645 2519 δὲ
2683 2466 2819 2535 πρὸς
2840 2466 2938 2537 τὴν
2965 2468 3261 2535 Δαμασκὸν
3294 2466 3389 2519 καὶ
3420 2467 3518 2535 τὴν
3552 2464 3798 2535 Ἀραϐίαν

2235 2556 2544 2625 Σαρακηνοὶ
2570 2558 2849 2627 νέμονται,
2884 2560 2947 2610 ἐκ
2975 2558 3082 2611 τῶν
3114 2557 3279 2610 αὑτοῦ
3313 2559 3555 2630 ῥωχμῶν
3586 2562 3679 2612 καὶ
3700 2576 3800 2612 κοι-

2233 2646 2410 2701 λάδων
2448 2649 2781 2721 ἀπορρέουσι
2819 2650 3054 2719 ποταμοὶ
3091 2649 3256 2719 μέχρι
3283 2649 3592 2722 θαλάσσης,
3626 2653 3798 2721 ὡραῖοι

2235 2738 2330 2792 καὶ
2364 2739 2714 2810 πάμψυχροι,
2741 2742 2840 2811 τῆς
2872 2742 3053 2812 χιόνος
3100 2743 3225 2813 ἄρτι
3257 2742 3556 2813 λυομένης,
3601 2746 3693 2797 καὶ
3725 2762 3803 2795 κα-

2233 2831 2753 2903 τακρυσταλλούσης
2769 2833 2867 2897 τὰς
2890 2835 2997 2887 τῶν
3014 2834 3275 2903 ναμάτων
3303 2835 3594 2905 ὲπιρροἀς.
3613 2835 3797 2889 Τούτου

2235 2926 2518 2996 περὶ-τοὺς
2551 2927 2828 2997 πρόποδας
2860 2928 3010 2980 ἐστὶν
3059 2929 3090 2998 ἡ
3136 2927 3421 2992 Τρίπολις,
3456 2928 3524 3000 ἢν
3555 2930 3584 2981 6
3622 2926 3801 2997 δειμά·

2241 3034 2401 3086 μενος
2435 3018 2527 3070 ἐπὶ
2568 3018 2936 3089 χερσοννήσου
2969 3012 3233 3087 ἒπήξατο.
3298 3020 3405 3072 Καὶ
3452 3020 3569 3089 γάρ
3622 3022 3686 3073 ἐκ
3716 3019 3797 3072 τοῦ

550 3128 748 3177 nnans,
816 3113 884 3168 ad
936 3115 1340 3170 orientaliorem
1399 3127 1608 3186 partem
1672 3118 2008 3181 incurvatnr,
2072 3116 2126 3172 in

2233 3109 2467 3165 Λιϐάνου
2512 3111 2709 3164 λεπτὸν
2742 3111 2931 3181 ῥαχίον
2961 3111 3394 3183 κατερχόμενον,
3432 3111 3799 3180 γλωσσοειδῶς

548 3206 702 3275 cuius
731 3207 957 3271 vertice,
1007 3209 1097 3275 qui
1129 3210 1316 3263 urbem
1363 3210 1742 3275 exmdificavit,
1774 3209 2127 3265 fundamenta

550 3300 843 3371 illiusjecit
878 3320 890 3356 :
925 3301 1155 3357 circuitu
1188 3302 1503 3371 ambituque
1529 3318 1628 3357 suo
1650 3304 1936 3357 admodum
1965 3317 2129 3373 parva

548 3404 655 3456 est,
685 3409 869 3448 verum
921 3411 1198 3450 murorum
1250 3396 1554 3464 altitudine,
1610 3406 1664 3453 et
1726 3395 2129 3468 pulchritudine

549 3486 920 3553 aedificiorum,
955 3487 1283 3558 spectabilis.

622 3671 677 3726 5.
717 3672 849 3727 Eam
897 3674 1143 3744 sequitur
1169 3673 1420 3739 Zebelet;
1449 3689 1568 3729 mox
1609 3673 1835 3745 Berytus
1856 3676 2129 3744 obiicitur,

555 3765 683 3820 urbs
738 3766 945 3834 ingens,
1005 3778 1060 3820 et
1123 3767 1470 3821 multitudine
1546 3767 1822 3822 hominum
1880 3767 2128 3834 afﬂuens,

553 3872 829 3928 pratorum
878 3860 1115 3928 undique
1154 3860 1307 3931 c0pia
1365 3871 1540 3932 septa,
1569 3872 1622 3916 et
1656 3873 1841 3933 portus
1891 3864 2131 3934 pulchri-

559 3953 750 4007 tudine
819 3953 1170 4023 percelebris.
1222 3953 1447 4009 Portum
1519 3956 1716 4009 etenim
1775 3970 1880 4010 non
1936 3965 2129 4011 natura

552 4043 719 4108 dedit,
752 4046 844 4100 sed
877 4046 921 4099 is
970 4048 1102 4101 artis
1137 4046 1403 4102 industria
1442 4048 1795 4116 fabrefactus,
1849 4052 1901 4107 in
1948 4053 2128 4109 sinum

554 4138 705 4192 urbis
734 4142 799 4192 ad
850 4138 990 4192 lunm
1044 4142 1261 4195 modum
1316 4141 1628 4208 ingeritur;
1672 4153 1725 4197 et
1752 4143 1806 4199 in
1842 4146 2128 4211 extremis,

2236 3206 2304 3273 τῇ
2340 3201 2587 3277 θαλάσσῃ
2615 3205 2904 3283 ἐμφύεται,
2939 3206 3311 3277 κυρτούμενον
3357 3209 3486 3276 περὶ
3516 3208 3584 3260 se
3619 3201 3800 3260 άνατοὲ

2234 3294 2537 3365 λικώτερον
2567 3296 2750 3367 μέρος,
2807 3297 2891 3367 ἐφ’
2923 3292 2984 3352 οὗ
3017 3298 3077 3350 τὸ
3125 3298 3295 3369 ἄκρον
3326 3301 3354 3353 6
3394 3300 3493 3369 τὴν
3529 3301 3687 3354 πόλιν
3716 3300 3803 3353 δει-

2236 3388 2482 3458 μάμενος
2516 3389 2613 3451 τὰς
2653 3390 2838 3458 βάσεις
2869 3392 3076 3461 ταύτης
3113 3390 3379 3460 ἐπήξατο.
3415 3393 3580 3445 Ἐστι
3606 3393 3651 3446 δ’
3673 3392 3798 3459 αὕτη

2236 3486 2583 3553 σμικροτάτη
2614 3482 2756 3551 ἄγαν
2788 3484 2845 3534 ἐν
2878 3486 2944 3554 τῇ
2975 3485 3266 3555 περιϐόλου
3299 3490 3648 3556 περιγραφῇ,
3688 3486 3799 3555 ῦψει

2233 3570 2288 3624 δὲ
2327 3572 2555 3641 τειχέων
2590 3574 2682 3625 καὶ
2727 3574 2955 3643 καλλονῇ
3014 3574 3331 3643 κτισμάτων
3386 3575 3797 3645 καθωραῖζετιι.

2306 3662 2367 3715 ε’.
2405 3664 2539 3715 Μετ’
2603 3664 2771 3734 αὑτήν
2800 3666 2916 3717 ἐστι
2970 3664 3031 3717 τὸ
3079 3664 3378 3735 λεγόμενον
3410 3665 3669 3722 Ζεϐελέτ.
3703 3666 3802 3719 Kal.

2233 3751 2407 3814 οὕτως
2438 3752 2473 3823 ἡ
2496 3740 2742 3823 Βηρυτὸς
2774 3754 2927 3817 πόλις
2966 3754 3179 3825 μεγάλη
3213 3756 3308 3809 καὶ
3359 3756 3796 3827 πολυάνθρωπος,

2232 3844 2515 3914 λειμώνων
2574 3847 3119 3917 περιστοιχειουμένη
3163 3848 3438 3919 πλήθεσι,
3492 3852 3587 3904 καὶ
3629 3851 3800 3906 κάλλει

2232 3939 2452 4008 λιμένος
2483 3940 2937 4011 λαμπρυνομένη.
2965 3942 3039 3994 Οὐ
3072 3942 3181 4012 γὰρ
3220 3949 3450 4011 φυσικός
3496 3947 3647 3999 ἐστιν
3678 3947 3705 3997 6
3731 3947 3801 3999 λι-

2237 4033 2367 4101 μὴν,
2409 4031 2546 4085 ἀλλὰ
2576 4032 2843 4101 τεχνικῶς
2881 4033 3200 4104 γενόμενος,
3266 4036 3571 4105 μηνοειδῶς
3621 4039 3800 4107 ιγκολ-

2234 4122 2431 4176 ποῦται
2460 4126 2526 4193 τῇ
2582 4124 2758 4190 πόλει,
2802 4126 2899 4178 καὶ
2931 4126 3061 4195 περῖ⁵
3104 4127 3172 4180 τὰ
3221 4127 3316 4181 τοῦ
3352 4129 3665 4197 μονοειδοῦς
3696 4130 3795 4202 [Ισ.

553 4245 673 4303 ῳκε
729 4232 883 4300 quasi
928 4248 1128 4285 cornua
1179 4246 1496 4303 egeruutur,
1527 4236 1646 4290 dua:
1698 4252 1904 4305 magnas
1956 4248 2129 4294 turres

2238 4214 2582 4287 μηνοειδοῦς]
2641 4216 2920 4286 σχήματα,
2956 4216 3166 4288 κέρατα
3216 4218 3309 4274 δύο
3348 4219 3579 4289 μεγάλοι
3606 4221 3797 4290 πύργοι

554 4333 839 4381 exstructa:
876 4337 1022 4386 sunt,
1079 4340 1305 4394 quarum
1345 4343 1409 4381 ex
1454 4344 1556 4382 una
1624 4327 1677 4381 in
1728 4328 1953 4383 alteram
2004 4345 2129 4400 pro-

2235 4310 2573 4381 ὲφίδρυνται,
2605 4302 2681 4363 ὧν
2710 4311 2775 4364 ὲκ
2830 4309 2926 4363 τοῦ
2962 4310 3197 4381 θατέρου
3234 4312 3372 4381 πρὸς
3403 4313 3497 4367 τὸν
3527 4314 3713 4384 ἕτερον
3746 4315 3799 4368 ᾶ-

553 4422 707 4471 tonsa
737 4426 922 4471 catena
962 4432 1125 4471 naves
1164 4418 1213 4471 in
1255 4428 1407 4487 portu
1462 4429 1667 4474 stantes
1697 4419 1937 4474 obserat.
2008 4420 2129 4476 Haec

2238 4401 2391 4466 λυσις
2454 4403 2749 4458 ἐκταθεῖσα
2803 4404 2903 4467 τὰς
2966 4404 3100 4469 ναῦς
3159 4405 3365 4459 ἔσωθεν
3428 4407 3525 4461 τοῦ
3588 4406 3795 4477 λιμένος

554 4516 607 4559 et
638 4504 807 4576 Syria:
840 4506 1240 4578 thnicimquc
1270 4510 1533 4565 terminus
1564 4517 1669 4564 est.

624 4694 677 4748 6.
709 4694 915 4749 Dehinc
966 4692 1153 4758 Sidon,
1196 4704 1248 4749 et
1288 4695 1339 4748 in
1391 4710 1452 4749 ea
1500 4704 1713 4763 portus,
1765 4694 1972 4765 Didymi
2032 4712 2129 4749 no-

556 4787 701 4843 mine
753 4788 963 4841 cluens.
1008 4787 1153 4840 illius
1210 4787 1345 4841 situs
1377 4786 1816 4855 descriptionem,
1870 4789 1961 4858 qui
1996 4789 2133 4842 Lon-

555 4880 737 4949 cippes
764 4894 848 4931 res
873 4887 1049 4947 gestas
1081 4877 1282 4944 scripto
1318 4877 1561 4939 tradidit,
1584 4879 1783 4945 Optime
1816 4881 2081 4946 expressit
2114 4896 2129 4945 ;

559 4985 790 5041 namque
822 4970 864 5023 si
899 4970 964 5023 ad
1012 4970 1185 5023 locum
1229 4970 1523 5037 appuleris,
1566 4982 1799 5038 portum,
1852 4981 1904 5025 et
1950 4973 2127 5025 sinum

559 5074 682 5119 ante
716 5071 953 5132 portum,
999 5073 1054 5115 ut
1106 5062 1307 5129 scripto
1336 5061 1651 5126 delineatur,
1687 5078 1882 5117 revera
1921 5065 1989 5115 ita
2014 5078 2131 5117 esse

563 5158 880 5212 intueberis.
923 5157 1088 5210 Extra
1144 5157 1348 5215 urbem.
1384 5157 1449 5210 ad
1486 5156 1645 5210 trium
1705 5157 2019 5227 sagittarum
2050 5159 2135 5228 ja-

561 5262 727 5317 ctum,
765 5252 1016 5319 templum
1069 5251 1279 5312 visitur,
1334 5251 1541 5318 porticu
1598 5250 1870 5319 prrclonga
1930 5267 2129 5305 cuuca-

566 5355 869 5410 metatum;
920 5353 971 5398 et
1015 5343 1194 5413 templi
1247 5344 1451 5414 mytnlo
1480 5344 1770 5408 quadratus
1798 5344 1930 5411 lapis
1967 5343 2131 5398 inluc—

566 5445 668 5497 ret,
698 5436 748 5489 in
781 5451 911 5505 quo,
939 5445 994 5489 ut
1021 5436 1305 5489 multorum
1328 5446 1379 5487 et
1419 5434 1654 5495 traditio.
1679 5434 2129 5491 Snlvatormundi

560 5530 807 5585 Christus
835 5536 1005 5591 stans,
1042 5526 1225 5581 turbas
1259 5525 1586 5581 instituebat.

633 5718 687 5771 7.
716 5714 843 5770 Post
883 5714 1138 5768 Sidonem
1188 5712 1449 5777 Sarcpbta
1477 5719 1711 5765 castrum
1748 5712 1797 5763 in
1866 5710 2133 5765 alluvione

568 5812 681 5883 ipsa
721 5808 885 5865 maris
918 5806 1190 5870 fundatur,
1220 5813 1272 5859 et
1298 5802 1553 5871 templum
1614 5803 1886 5875 pmphetae
1917 5800 2045 5854 Elian
2080 5801 2130 5853 in

2165 4489 2204 4543 Β
2237 4495 2602 4552 ὲναποκλείει.
2636 4496 2786 4567 Αῦτη
2829 4497 3145 4568 μεθοριάζει
3183 4498 3383 4569 Συρίαν
3414 4517 3473 4553 τε
3509 4501 3603 4554 καὶ
3636 4500 3798 4583 Φοινί-

2234 4605 2357 4658 κην.

2308 4688 2385 4745 ς’.
2436 4681 2723 4735 Ἐντεῦθεν
2756 4684 2787 4751 ἡ
2824 4681 2993 4735 Σιδὼν
3020 4684 3119 4737 καὶ
3144 4685 3171 4735 ὁ
3204 4686 3261 4737 ὲν
3300 4684 3437 4756 αὐτῇ
3493 4686 3659 4757 λιμὴν

2238 4793 2399 4847 μενος
2433 4776 2687 4845 Δίδυμος,
2722 4771 2783 4829 οὗ
2816 4777 2915 4844 τῆς
2948 4775 3150 4841 θέσεως
3182 4778 3281 4845 τὴν
3310 4776 3619 4850 διαγραφὴν
3648 4782 3675 4833 6
3705 4780 3796 4848 τὴν

2234 4871 2561 4939 Λευκίππην
2618 4870 2943 4939 συγγράψας
2996 4870 3241 4941 άρίστως
3296 4870 3617 4940 ἐξέφρισεν-
3661 4874 3796 4945 ἰδῃς

2234 4970 2341 5033 γὰρ
2373 4965 2435 5017 ἂν
2482 4966 2827 5033 ἐπιδημήσας
2860 4963 2937 5033 τῷ
2972 4964 3122 5033 τόπῳ
3150 4965 3243 5017 τόν
3291 4982 3347 5015 τε
3376 4964 3589 5033 λιμένα,
3613 4967 3706 5017 καὶ
3742 4964 3794 5015 τὸ

2238 5058 2571 5127 προκόλπιον
2635 5062 2775 5109 κατὰ
2804 5056 2901 5126 τὴν
2952 5057 3049 5123 τῆς
3108 5057 3323 5126 γραφῆς
3354 5058 3794 5126 διαζωγράφησιν

2234 5154 2300 5221 τῇ
2328 5150 2557 5221 ἁληθεῖα
2595 5152 2919 5219 φαινόμενα.
2951 5150 3063 5217 Τῆς
3092 5149 3147 5202 δὲ
3194 5150 3399 5213 πόλεως
3440 5150 3634 5214 ἔξωθεν
3669 5149 3794 5201 ὡσεὶ

2236 5245 2400 5315 τριῶν
2441 5244 2608 5307 τόξων
2640 5242 2797 5313 βολῆς
2830 5241 3032 5295 ἄποθέν
3067 5244 3183 5295 ἐστι
3222 5242 3352 5307 ναὸς
3392 5246 3522 5313 στοᾷ
3552 5254 3795 5311 περιορο-

2238 5337 2505 5407 φούμευος
2544 5338 2831 5405 ἐπιμήκει,
2868 5335 2962 5387 καὶ
3012 5336 3141 5405 περὶ
3186 5336 3247 5388 τὸ
3279 5336 3512 5403 μυάκιον
3553 5334 3640 5387 τοῦ
3670 5333 3789 5387 ναοῦ

2234 5428 2576 5497 τετράγωνος
2604 5426 2880 5481 ἐπίκειται
2908 5428 3073 5492 λίθος,
3119 5429 3199 5492 είς
3228 5429 3307 5493 ὃν,
3336 5429 3412 5493 ὡς
3454 5430 3557 5480 τῶν
3586 5428 3791 5479 πολλῶν

2236 5520 2347 5589 ἔχει
2379 5520 2556 5586 λόγος,
2586 5523 2613 5573 6
2638 5520 2829 5589 Σωτὴρ
2858 5518 2953 5572 τοῦ
2983 5521 3190 5590 κόσμου
3222 5522 3456 5594 Χριστὸς
3483 5520 3645 5583 ἑστὼς
3670 5519 3790 5581 τοὺς

2235 5614 2425 5683 ὄχλους
2460 5614 2761 5667 ἐδίδασκεν.

2308 5704 2371 5769 ζ’.
2414 5707 2564 5758 Μετὰ
2615 5706 2711 5775 τὴν
2747 5707 2935 5759 Σιδὸνα
2984 5708 3043 5759 τὸ
3098 5707 3363 5775 Σαρανρθὰ
3400 5708 3622 5775 κάστρον
3664 5707 3787 5774 περὶ

2242 5799 2298 5850 τε
2346 5796 2562 5865 κλύσμα
2600 5798 2693 5865 τῆς
2732 5797 3007 5868 θαλάσσης
3062 5797 3474 5867 τεθεμελίωται,
3521 5796 3604 5848 καὶ
3666 5795 3789 5857 ναὸς
