4004 6206
217 344 330 409 933

1269 327 1725 396 DESCRIPTIO
1765 324 2043 388 TERR/E
2086 322 2417 385 SANCT/E.

3374 314 3492 379 934

215 453 316 508 τοῦ
372 455 657 526 προφήτου
706 449 893 504 Ἠλιοῦ
959 448 1051 502 ἐπὶ
1085 450 1152 519 τῇ
1193 448 1342 517 οἰκίᾳ
1389 445 1485 516 τῆς
1519 442 1807 509 ξενισάσης

1932 436 2032 490 ede
2064 436 2259 500 viduae,
2310 449 2430 506 qum
2469 447 2590 486 eum
2621 430 2856 502 hospitio
2879 438 3190 499 exceperat,
3217 431 3391 485 media
3439 433 3497 496 io

217 546 392 600 αὑτὸν
424 549 626 617 χήρας,
659 546 824 613 μέσον
865 540 960 594 τοῦ
1003 539 1334 611 πολίσματος
1364 538 1600 608 ἵδρυται.

291 643 368 706 η’.
415 637 664 691 Ἐκεῖθεν
697 637 731 705 ὴ
769 636 812 687 Τ
818 633 946 705 ύρος
988 634 1107 688 ἐστὶ
1157 630 1331 696 πόλις,
1379 628 1569 700 σχεδὸν
1621 625 1812 678 πασῶν

219 729 336 782 τῶν
377 729 478 798 τῆς
509 729 770 798 Φοινίκης
810 726 1121 796 ἐξοχωτέρα
1151 725 1210 777 ὲν
1243 722 1478 792 καλλονῇ
1509 733 1524 751 ⁸
1576 719 1673 772 καὶ
1703 718 1814 789 γάρ

220 823 371 893 αὕτη
407 823 484 893 τῷ
539 821 783 893 σχήματι
817 820 915 889 τῆς
941 817 1258 890 Τριπόλεως
1280 817 1338 868 ὲν
1360 813 1521 885 ὁμοίᾳ
1551 811 1817 885 χερρονή-

226 935 309 988 σῳ
338 916 757 987 τεθεμελίωται.
793 913 957 967 Ἀλλὰ
984 912 1161 984 ταύτῃ
1187 909 1410 980 μεγέθει
1439 906 1623 978 πολλῷ
1651 905 1814 959 πλέον

225 1009 456 1078 ἐκείνης
505 1007 840 1078 εὐρύνεται,
896 1006 996 1059 καὶ
1043 1004 1281 1072 καλλονῇ
1337 999 1661 1070 κτισμάτων
1720 996 1815 1051 καὶ

223 1101 554 1171 ὡραιότητι.
587 1099 659 1151 Τὸ
712 1099 768 1152 δὲ
797 1098 1006 1166 ταύτης
1055 1095 1388 1166 προκόλπιόν
1433 1095 1549 1146 ἐστι
1601 1107 1818 1160 παρεμ-

225 1188 398 1257 φερὲς
445 1187 523 1256 τῷ
571 1186 754 1256 λιμένι
799 1187 901 1254 τῆς
949 1184 1223 1256 Βηρυτοῦ,
1259 1181 1365 1235 κᾶν
1400 1183 1581 1234 ἐκεῖνο
1633 1175 1814 1247 πολλῷ

225 1277 396 1332 πλέον
435 1279 652 1348 ἐκείνης
709 1279 1007 1349 εὐρύνηται
1051 1274 1273 1347 μεγέθει
1326 1275 1421 1328 καὶ
1459 1273 1669 1336 κάλλει,
1720 1271 1816 1325 καὶ

226 1372 306 1442 τῷ
344 1372 456 1424 τῶν
515 1371 746 1440 πύργων
779 1371 902 1441 ῦψει
945 1370 1295 1440 ὑπέρκειται.
1349 1368 1459 1436 Τῆς
1511 1366 1568 1419 δὲ
1604 1365 1816 1428 πόλεως

226 1460 436 1526 ἔξωθεν
459 1461 589 1512 ὡσεὶ
617 1458 711 1512 δύο
732 1460 902 1523 τόξων
932 1457 1090 1528 βολῆς
1120 1455 1324 1510 ἄποθεν
1349 1453 1497 1517 λίθος
1524 1454 1641 1506 ἐστὶ
1671 1454 1819 1524 πάμ-

232 1565 438 1618 μεγας,
469 1551 526 1600 ὲν
554 1542 597 1616 ᾧ
628 1545 1236 1616 προσαναπαυσάμενσς
1268 1544 1296 1596 ὁ
1320 1541 1576 1613 Χριστὸς,
1611 1541 1818 1612 Πέτρον

227 1642 328 1693 καὶ
348 1641 603 1711 Ἰωάννην
635 1643 763 1704 τοὺς
781 1639 962 1710 ,ἱεροὺς
983 1637 1339 1703 ἀποστόλους,
1355 1636 1429 1700 ὡς
1451 1635 1647 1703 ὁλόγος
1668 1629 1814 1704 ἔχει,

230 1734 375 1804 πρὸς
395 1734 494 1804 τὴν
515 1735 669 1787 πόλιν
691 1731 990 1802 ἐξέπεμψε,
1009 1733 1172 1802 χάριν
1198 1730 1377 1801 ἀρτων
1399 1729 1691 1799 εὑρέσεως,
1718 1725 1814 1781 οἵδ’

228 1794 587 1892 ἀὲτεῆοάὶτεέ,
608 1831 704 1882 καὶ
725 1794 1377 1897 ἀγαγόντεςαῦτοὺςᾶμα
1397 1794 1480 1893 et};
1497 1822 1714 1892 Σωτῆρι
1737 1821 1817 1884 είς
1852 1794 1893 1849 Β

225 1923 334 1989 τὴν
367 1919 681 1990 πρόσεγγυς
701 1919 834 1974 ὡσεὶ
855 1919 1031 1990 μίλιον
1050 1917 1108 1970 ἓν
1131 1917 1337 1988 κρήνην
1369 1913 1675 1968 ἀπέλθοσαν
1700 1914 1759 1987 ὲν

225 2017 257 2065 ὁ
279 2013 475 2085 Σωτὴρ
492 2013 745 2076 καθίσας,
774 2013 869 2065 καὶ
894 2011 994 2064 σὺν
1009 2012 1121 2074 τοῖς
1143 2007 1459 2070 ἀποστόλοις
1485 2006 1815 2072 έστιασθεὶς,

229 2107 332 2160 καὶ
370 2105 508 2159 πιὼν
552 2108 615 2160 ὲκ
649 2106 742 2159 τοῦ
782 2104 996 2169 ὓδατος,
1031 2102 1307 2174 ηὐλόγησε
1338 2101 1437 2172 τὴν
1477 2099 1684 2171 πηγὴν,
1723 2097 1818 2152 καί

157 2213 160 2216 ’
235 2201 392 2253 ἐστιν
427 2198 514 2251 ἐπ’
543 2197 774 2269 ἀληθείᾳ
796 2196 901 2258 ἕως
933 2194 1027 2249 τοῦ
1060 2193 1156 2248 νῦν
1195 2195 1229 2264 ἡ
1257 2193 1483 2262 τοιαύτη
1515 2193 1664 2261 πηγὴ
1693 2190 1819 2243 δυσ-

228 2293 546 2364 ἑκφραστον
569 2292 824 2361 ὁρωμένη
856 2290 1036 2359 θέαμα
1056 2303 1073 2320 ο
1127 2287 1292 2358 μέσον
1315 2286 1425 2356 γὰρ
1452 2285 1814 2354 ἀναδιδομένη

227 2385 347 2440 τῶν
379 2386 498 2438 ἐκεῖ
525 2383 833 2454 λειμώνων,
868 2379 1187 2448 θαυμαστόν
1224 2395 1280 2432 τι
1308 2379 1520 2450 χρῆμα,
1553 2380 1650 2430 καὶ
1688 2392 1817 2448 τερ-

229 2475 483 2546 ψὸθυμον
526 2477 641 2536 τοῖς
679 2473 883 2535 ὁδίταις
918 2471 1284 2525 ἐνδείκνυται.
1326 2469 1562 2538 Λέγεται
1591 2467 1647 2520 δὲ
1675 2460 1818 2520 εἶναι

229 2573 447 2640 ταύτην
473 2568 566 2622 καλ⁸
596 2567 858 2639 ἀϐαθρον.
882 2567 956 2619 To
984 2566 1041 2619 δὲ
1069 2563 1200 2635 περ)⁵
1236 2561 1444 2634 ταύτην
1475 2562 1684 2631 κτίσμα
1723 2559 1818 2614 καὶ

234 2665 430 2736 σχῆμά
491 2664 609 2715 ἐστι
673 2659 940 2716 τοιοῦτον.
1005 2658 1211 2730 Πύργῳ
1270 2655 1817 2728 περιθριγκώσαντες

233 2753 542 2823 ὀκταγώνῳ
567 2753 617 2807 οἱ
667 2751 900 2823 πρώτως
929 2749 1432 2821 φιλοπονησάμενοι
1478 2750 1579 2818 τὴν
1610 2747 1815 2820 πηγὴν,

232 2848 318 2910 είς
339 2847 406 2900 ού·
443 2847 664 2918 μέτριον
704 2844 838 2915 ὕψος
881 2845 973 2899 τὸν
1003 2843 1213 2915 πύργον
1245 2843 1549 2914 ἀνήγαγον,
1603 2840 1702 2894 καὶ
1736 2840 1809 2894 τὰ

233 2938 438 2994 τούτου
497 2937 876 3008 φιαλώσαντες
915 2937 1062 3008 ἄκρα
1094 2935 1202 2991 ἀνά
1241 2936 1339 2998 τὰς
1374 2934 1581 3004 γωνίας
1624 2934 1720 2986 ἐπὶ
1746 2932 1818 2987 τὰ

235 3033 446 3088 κάτισα
482 3035 688 3088 τούτων
721 3031 817 3086 τοῦ
880 3030 1150 3102 λειμῶνος
1188 3031 1346 3101 μήκη
1394 3029 1490 3082 ἐπὶ
1542 3025 1819 3098 καμαρῶν

1917 526 2047 580 urbe
2071 526 2327 593 assurgit.

1985 616 2034 670 8.
2072 615 2200 671 lude
2247 623 2331 670 est
2376 614 2551 686 Tyrus
2595 629 2746 680 uros,
2772 613 2982 670 caeteris
3009 613 3122 667 fere
3211 611 3503 668 raueniciae

1919 707 2143 764 urbibus
2166 706 2568 777 pulchritudine
2590 715 2875 774 prmstans.
2914 701 3132 758 Etenim
3168 701 3312 772 ipsa,
3346 717 3502 771 aeque

1916 813 1978 852 ac
2021 797 2278 867 Tripolis,
2327 799 2378 850 in
2407 797 2570 851 simili
2627 796 2936 865 pettinsula
2967 795 3068 849 sita
3101 804 3182 850 est
3213 811 3228 860 ;
3273 809 3496 848 verutu-

1918 899 2097 945 tamen
2141 892 2254 947 haec
2310 889 2689 960 magnitudine
2723 890 2901 944 multo
2930 890 3016 944 illa
3051 889 3243 958 magis,
3280 886 3334 945 et
3366 891 3498 945 aedi-

1920 984 2162 1038 liciorum
2227 983 2511 1053 majestate
2547 998 2610 1036 ac
2651 982 3079 1054 pulchritudine,
3111 983 3390 1038 dilatatur.
3418 980 3498 1036 Si-

1919 1085 2021 1124 nus
2073 1069 2260 1135 maris,
2332 1071 2424 1139 qui
2486 1079 2614 1123 ante
2687 1069 2856 1139 ipsam
2905 1070 3264 1138 conspicitur,
3313 1069 3493 1140 portui

1919 1162 2190 1236 Beryteno
2221 1164 2362 1218 baud
2396 1162 2678 1218 dissimilis
2729 1171 2852 1218 est:
2891 1164 3140 1232 quamvis
3187 1163 3278 1218 ille
3325 1174 3378 1219 et
3405 1166 3505 1218 de»

1919 1269 2046 1312 core
2076 1265 2129 1311 et
2157 1257 2550 1326 magnitudine,
2582 1264 2636 1310 et
2668 1255 2994 1309 celsitudine
3021 1256 3250 1310 turrium
3275 1254 3505 1326 amplior

1919 1357 1974 1403 et
2014 1347 2364 1417 spectabilior
2419 1348 2511 1403 sit.
2543 1346 2708 1401 Extra
2742 1348 2930 1402 urbem
2985 1347 3052 1402 ad
3097 1347 3374 1417 geminum
3402 1361 3496 1402 sa-

1919 1438 2065 1508 gitta:
2113 1438 2322 1510 iactum
2372 1438 2812 1507 conspicitur,in
2859 1453 2987 1508 quo,
3024 1447 3083 1493 ut
3116 1437 3496 1502 ferttraditio,

1920 1532 2172 1587 Christus
2216 1531 2475 1587 Dominus
2510 1533 2795 1601 quiescens
2828 1530 3047 1586 Petrum
3103 1541 3159 1587 et
3212 1529 3504 1600 Joannem,

1921 1635 2299 1681 sacrosanctos
2359 1624 2652 1695 apostolos,
2711 1625 2762 1678 in
2798 1624 3072 1695 civitatem
3109 1624 3276 1689 misit,
3300 1625 3368 1677 ad
3403 1640 3501 1693 pa-

1922 1731 2021 1772 nes
2055 1716 2494 1782 comparandos;
2528 1715 2600 1769 illi
2652 1715 2940 1782 abeuntes,
2965 1725 3021 1772 et
3067 1714 3375 1781 afferentes,
3401 1733 3506 1772 una

1921 1823 2045 1864 cum
2085 1808 2368 1864 Salvatore
2420 1811 2486 1863 ad
2515 1809 2752 1864 vicinum
2789 1809 3012 1875 fontem,
3050 1809 3198 1878 mille
3253 1824 3358 1863 non
3381 1823 3504 1864 am-

1922 1899 2062 1969 plius
2090 1902 2337 1970 passibus
2382 1898 2696 1966 distantem,
2733 1900 2960 1971 profecti
2999 1911 3163 1956 sunt:
3199 1916 3322 1957 cum
3349 1900 3508 1957 Chri-

1921 2004 2039 2051 stus
2077 1993 2328 2059 sedisset,
2371 1995 2692 2049 convivatus
2733 2010 2854 2051 cum
2909 1995 3192 2066 apostolis,
3249 2011 3315 2049 ex
3366 2010 3507 2066 aqua

1920 2087 2078 2153 bibit,
2128 2086 2373 2156 fontique
2397 2086 2714 2154 benedixit;
2752 2097 2809 2143 et
2850 2088 2916 2142 ad
2973 2089 3086 2142 haec
3121 2097 3359 2158 tempora
3388 2089 3507 2146 fons

1925 2175 2046 2246 ille,
2074 2181 2118 2236 si
2151 2195 2338 2236 verum
2363 2178 2524 2235 fateri
2560 2179 2830 2248 volumus,
2867 2181 3186 2236 miraculum
3213 2191 3296 2237 est
3321 2181 3510 2236 viden-

1922 2274 2088 2338 tibus,
2147 2269 2516 2346 quod'verbis
2568 2273 2799 2344 exprimi
2850 2290 2957 2329 non
3014 2284 3214 2344 potest,
3275 2290 3510 2346 namque

1922 2363 1974 2419 in
2018 2366 2230 2431 mediis,
2291 2365 2386 2436 qui
2446 2365 2643 2421 ibidem
2682 2365 2843 2422 latius
2908 2367 3279 2445 ell'unduntur,
3323 2369 3510 2440 pratis

1920 2457 2137 2521 saliens,
2173 2459 2472 2529 peregrinis
2529 2460 2583 2513 in
2619 2459 2982 2516 admiratione
3041 2469 3146 2527 est,
3187 2471 3241 2516 et
3282 2478 3509 2522 summo

1920 2549 2335 2613 deleCtamento,
2367 2535 2672 2622 dicitur-que
2691 2564 2811 2604 esse
2852 2550 3238 2622 profunditatis
3283 2566 3506 2620 expers.

1922 2648 2210 2703 Structnra
2254 2662 2395 2718 vero
2447 2649 2592 2704 illius
2653 2649 2936 2721 ﬁguraque
3011 2650 3124 2705 haec
3177 2658 3280 2706 est.
3342 2651 3506 2705 Turri

1920 2741 2208 2812 octangula
2238 2741 2739 2814 circumsepientes,
2769 2743 2858 2813 qui
2884 2743 3039 2814 primi
3070 2742 3270 2798 fontem
3303 2746 3353 2797 in
3383 2758 3508 2799 eum

1923 2843 2267 2904 prospectum
2309 2834 2654 2904 redegerunt,
2693 2834 2747 2890 in
2785 2851 2889 2892 non
2948 2837 3274 2890 mediocrem
3321 2836 3512 2892 altitu-

1922 2925 2102 2981 dinem
2136 2926 2279 2981 illam
2311 2928 2640 2995 excitarunt,
2671 2928 3025 2999 ejusdemque
3051 2928 3368 2998 angulorum
3404 2943 3506 2984 ex-

1924 3019 2312 3085 tremitatibus,
2343 3020 2413 3075 ad
2446 3008 2661 3075 modum
2714 3021 2906 3090 phialae
2967 3022 3416 3085 accommodatis,
3437 3021 3504 3075 ad

237 3123 379 3193 ὕψη,
411 3123 634 3192 ἀμάρας
665 3120 1154 3185 ὕποκοιλάναντες,
1186 3117 1488 3191 κρουνηδὺν
1534 3113 1824 3186 ἐκκεῖσθαι.

1932 3111 2161 3180 tequales
2200 3122 2478 3182 pratorum
2517 3111 2848 3180 altitudines,
2889 3111 2941 3166 in
2971 3110 3370 3168 summitatibus
3398 3111 3509 3167 for-

236 3213 300 3264 τὸ
332 3210 761 3282 ἀναθλιϐόμενον
806 3208 951 3281 ὕδωρ
988 3208 1345 3280 εἰργάσαντο,
1401 3207 1539 3277 ὅπερ
1594 3205 1822 3275 κελαρμ

238 3303 404 3370 σμοῖς
460 3297 725 3371 ἐπηχοῦν,
777 3297 908 3363 τοὺς
944 3298 1077 3369 περὶ
1107 3297 1208 3368 τὴν
1270 3297 1484 3368 κρήνην
1541 3293 1822 3364 λειμῶνας

241 3396 460 3465 συχνοῖς
492 3394 718 3463 ὲπάρδει
747 3394 860 3456 τοῖς
896 3394 1125 3462 νάμασι.
1161 3389 1270 3442 Καὶ
1311 3388 1460 3442 ἔστιν
1489 3387 1566 3451 ὡς
1601 3387 1662 3453 ἐξ
1688 3388 1824 3442 ἀπόο

241 3503 384 3541 πτου
414 3488 510 3540 τοῦ
542 3487 755 3557 πύργου
792 3503 864 3548 τις
894 3484 1262 3555 ἐφιστάμενος
1291 3484 1351 3535 τὸ
1391 3482 1695 3554 συνκρεφὶς
1715 3481 1826 3535 τῶν

242 3579 434 3648 φυτῶν
467 3579 714 3633 πετάλων
757 3577 1160 3648 σαλευομένων,
1194 3575 1289 3629 καὶ
1326 3576 1385 3628 ὲν
1433 3575 1688 3647 σταθηρᾷ
1724 3593 1819 3646 με·

245 3673 500 3746 σημὸρίᾳ
527 3671 1047 3744 καταψεκαζόμενον
1070 3671 1131 3724 τὸ
1153 3669 1245 3724 τοῦ
1270 3668 1536 3742 λειμῶνος
1561 3669 1681 3724 ὅλον
1704 3685 1829 3723 στε-

245 3768 506 3837 ράνωμα.

321 3860 387 3913 θ’.
423 3857 670 3911 Ἐκείθέν
712 3859 860 3910 ἐστιν
907 3859 954 3934 ἡ.
987 3854 1295 3929 Πτολεμαῒς
1348 3856 1468 3926 ήτοι
1514 3851 1580 3907 τὸ
1613 3853 1786 3906 ’Δκκι
1811 3865 1826 3881 ⁸
1916 3873 1918 3875 >

250 3953 279 4024 ἡ
315 3952 375 4004 δὲ
433 3952 588 4015 πόλις
643 3949 782 4024 αῦτη
819 3953 937 4004 ἐστὶ
973 3951 1210 4023 μεγάλη,
1262 3949 1358 4002 καὶ
1403 3945 1829 4018 πολυάνθρωπος

247 4047 447 4101 πασῶν
472 4045 582 4099 τῶν
620 4044 797 4100 ἄλλων
830 4045 1232 4117 ὑπερκειμένη,
1261 4043 1295 4113 ἢ
1327 4045 1509 4106 πάσας
1536 4041 1635 4106 τὰς
1681 4045 1831 4109 ἀγω-

255 4145 450 4212 γίμους
484 4140 807 4210 ὑποδέχεται
837 4139 971 4204 ναῦς
1002 4140 1061 4192 ἐν
1092 4133 1126 4210 ᾖ
1176 4139 1284 4200 πᾶς
1315 4137 1344 4190 ό
1365 4138 1453 4190 διὰ
1473 4135 1709 4205 Χριστὸν
1738 4134 1830 4198 ξε-

247 4236 486 4289 νιτεύων
537 4234 666 4298 λαὸς
707 4235 798 4288 διά
849 4251 909 4287 τε
940 4236 1044 4305 γῆς
1098 4234 1190 4285 καὶ
1218 4231 1490 4302 θαλάττης
1543 4230 1825 4300 ἐπιφοιτᾷ.

250 4328 572 4384 Κάντεῦθεν
615 4328 708 4382 τοῦ
766 4328 928 4398 ἀέρος
983 4326 1349 4398 φθειρομένου
1404 4325 1509 4378 ὑπὸ
1574 4326 1671 4396 τῆς
1720 4323 1831 4376 τῶν

248 4423 540 4495 ἐπηλύδων
602 4420 987 4493 πολυπληθοῦς
1032 4420 1370 4493 παρουσίας,
1422 4419 1832 4489 ἀλληπάλληλοι

1925 3210 2101 3263 nicum
2130 3205 2291 3261 sulcis
2337 3205 2633 3270 excavatis,
2659 3204 2971 3276 depressam
3003 3219 3196 3274 aquam
3227 3205 3276 3258 in
3310 3204 3512 3260 salien-

1925 3299 1995 3354 tis
2047 3297 2277 3366 speciem
2321 3294 2523 3351 elfundi
2556 3307 2949 3366 procurarunt;
2993 3313 3112 3367 quae
3172 3313 3332 3354 cursu
3365 3314 3512 3354 reso—

1928 3406 2083 3453 nans,
2115 3397 2294 3460 prata,
2323 3388 2529 3444 fontem
2576 3389 2892 3453 ambientis.
2914 3390 3284 3459 frequentibus
3317 3393 3511 3466 irrigat

1927 3482 2184 3539 ﬂuentis:
2218 3493 2273 3538 et
2315 3471 2640 3552 quandoque
2692 3482 2960 3554 quispiam
2991 3482 3042 3537 in
3087 3484 3219 3537 turri
3254 3493 3509 3554 tanquam

1928 3576 1982 3632 in
2033 3575 2246 3646 specula
2282 3585 2433 3630 stans
2468 3575 2651 3630 videre
2701 3575 2900 3647 poterit
2956 3574 3174 3630 densam
3204 3575 3510 3646 plantarum

1932 3666 2266 3736 congeriem,
2294 3676 2368 3732 et,
2399 3667 2527 3720 dum
2559 3659 2685 3720 folia
2726 3677 3138 3732 commoventur
3165 3677 3220 3722 et
3251 3667 3510 3724 meridies

1931 3758 2125 3827 fervet,
2169 3761 2309 3828 prati
2344 3759 2650 3814 universam
2673 3774 2928 3814 coronam
2963 3759 3261 3831 irrigatam.

2003 3857 2054 3915 9.
2097 3857 2226 3915 lnde
2253 3857 2566 3926 Ptolemais,
2595 3858 2709 3914 sive
2757 3865 2920 3937 Acce,
2955 3859 3057 3915 sita
3102 3869 3236 3926 est;
3277 3865 3404 3916 urbs
3431 3861 3516 3915 in-

1933 3967 2085 4023 gens,
2121 3960 2177 4006 et
2231 3950 2383 4019 copia
2418 3951 2700 4007 hominum
2755 3951 2927 4020 dives,
2981 3952 3103 4007 aliis
3134 3955 3387 4006 omnibus
3421 3971 3516 4007 ex-

1936 4045 2153 4100 celsior.
2189 4043 2264 4099 Ea
2327 4059 2490 4100 naves
2523 4059 2713 4098 omnes
2763 4047 3040 4100 onerarias
3091 4047 3289 4115 excipit
3319 4063 3336 4114 ;
3373 4056 3428 4101 et
3460 4048 3514 4102 in

1936 4153 2054 4192 eam
2074 4179 2077 4182 .
2097 4152 2192 4206 pro
2221 4135 2438 4193 Christo
2475 4139 2907 4208 peregrinatores
2945 4149 3086 4193 terra
3118 4129 3364 4211 marique
3394 4156 3516 4197 sese

1940 4232 2224 4302 recipiunt.
2294 4229 2429 4285 lline
2474 4231 2803 4286 advenarum
2839 4233 3116 4289 immensae
3156 4234 3516 4307 multitudinis

1937 4340 2183 4390 accessu,
2218 4326 2341 4379 dum
2359 4340 2453 4379 aer
2487 4326 2869 4396 corrumpitur.
2905 4328 3216 4384 morborum
3263 4327 3517 4399 frequen-

1939 4416 2068 4469 tium
2115 4430 2312 4484 genera
2367 4414 2572 4470 exitiali
2629 4415 3146 4496 deszeviuntciade;
3186 4426 3298 4474 tum
3319 4419 3513 4485 odores

252 4519 408 4571 νόσοι
453 4517 840 4586 συμϐαίνουσι,
873 4515 966 4570 καὶ
1004 4515 1218 4576 τούτοις
1251 4513 1552 4582 ἐπάγονται
1586 4505 1825 4578 θάνατοι,

1943 4509 2192 4577 pessimi,
2228 4524 2296 4562 ex
2353 4522 2479 4562 aere
2529 4518 2874 4578 pntrescente
2911 4510 3181 4565 funestum
3210 4511 3517 4568 hominibus

254 4609 316 4675 ἐξ
369 4601 445 4661 ὧν
477 4607 753 4672 δυσωδίαι,
787 4605 1088 4660 κάντεῦθεν
1120 4607 1148 4659 ὁ
1196 4605 1309 4677 ἀὴρ
1343 4603 1668 4676 ἐπιφέρεται
1722 4601 1836 4675 [Ian

253 4701 692 4774 ἐπιφθείρετος],
747 4703 843 4754 καὶ
891 4700 1006 4754 ἐστι
1057 4697 1116 4752 τὸ
1169 4701 1338 4752 κακὸν
1377 4698 1595 4769 ἄμαχον
1633 4698 1841 4766 ταύτης

254 4801 358 4869 τῆς
415 4797 646 4860 πόλεως.
686 4794 847 4864 Δεξιᾷ
906 4794 1005 4864 μέν
1036 4794 1189 4847 ἐστιν
1243 4793 1277 4862 ἡ
1314 4791 1618 4863 Κάρμηλος
1677 4790 1770 4842 καὶ
1805 4791 1839 4859 ή

256 4889 534 4960 παράλιος
569 4887 759 4940 πασῶν
797 4886 898 4955 τῆς
936 4884 1327 4956 Παλαιστίνης.
1358 4883 1440 4936 Τὰ
1488 4882 1545 4935 δὲ
1579 4879 1842 4952 εὐώνυμα

256 4984 467 5052 ταύτης
501 4982 598 5051 τὴν
625 4979 920 5041 Γαλιλαίαν
947 4979 1041 5032 καὶ
1060 4979 1159 5050 τὴν
1185 4978 1503 5048 Σαμάρειαν
1524 4975 1729 5047 ἔχουσι.

336 5080 393 5132 ι’.
451 5072 692 5145 Πρώτως
727 5069 820 5125 οῦν
879 5069 1022 5124 κατὰ
1076 5070 1176 5141 τὴν
1228 5067 1572 5140 Πτολεμαΐδα
1611 5069 1762 5121 ἐστὶν
1807 5068 1841 5137 ἡ

262 5168 552 5237 Σεμφωρὶ,
581 5163 737 5227 πόλις
760 5162 861 5233 τῆς
892 5162 1185 5226 Γαλιλαίας
1213 5161 1391 5232 πάντη
1425 5160 1610 5224 ἄοικος
1630 5160 1843 5231 σχεδὸν,

267 5261 407 5332 μηδὲ
439 5258 692 5328 λείψανον
723 5257 824 5327 τῆς
879 5253 1072 5327 πρώην
1123 5254 1298 5324 αὐτῆς
1334 5254 1680 5323 εὐδαιμονίας
1737 5253 1842 5323 ὲμ-

264 5355 561 5424 φαίνουσα.
589 5349 744 5405 Mssa
773 5349 834 5404 δὲ
871 5349 1072 5418 ταύτην
1100 5348 1247 5401 ἐστὶν
1299 5348 1333 5418 ή
1380 5346 1560 5413 Κανὰ,
1613 5345 1844 5399 καστέλ-

264 5450 383 5502 λιον
417 5445 602 5514 πάντη
635 5442 856 5515 μικρὸν,
906 5443 971 5496 τδ
1003 5441 1148 5506 τέως
1195 5439 1292 5496 νῦν
1332 5439 1630 5511 ὁρώμενον.
1676 5438 1849 5493 Ἔνθα

1941 4602 2212 4656 excidium
2265 4599 2543 4655 aderunt:
2587 4612 2641 4656 et
2691 4611 2835 4657 tanta
2882 4618 3021 4658 noxa
3085 4620 3192 4659 non
3229 4606 3298 4659 ita
3340 4606 3518 4662 facilis

1942 4708 2252 4764 expugnata
2309 4705 2435 4762 est;
2483 4710 2583 4751 nec
2618 4697 2914 4752 remedium
2962 4698 3104 4753 malo
3129 4699 3399 4754 inveneris
3427 4717 3520 4755 ur-

1942 4788 2025 4842 bis
2078 4790 2314 4842 dexterze
2344 4797 2524 4858 partes
2574 4788 2877 4844 Carmelum
2902 4799 2956 4844 et
2999 4791 3327 4844 maritimam
3357 4790 3520 4846 Palmv

1944 4881 2102 4935 siina:
2128 4895 2307 4945 oram,
2363 4882 2600 4935 sinistra:
2655 4878 2928 4936 Galilaeam
2965 4891 3016 4938 et
3061 4881 3360 4936 Samariam
3421 4885 3521 4938 ha-

1944 4972 2092 5025 bent.

2018 5074 2101 5130 l0.
2132 5073 2308 5128 Prima
2344 5074 2524 5142 itaque
2557 5084 2677 5143 post
2717 5073 3101 5129 Ptolemaidem
3134 5077 3262 5132 urbs
3291 5075 3523 5133 Galilmm

1948 5157 2232 5235 Setuphori
2286 5166 2389 5219 sita
2424 5176 2532 5231 est,
2579 5181 2800 5235 prorsus
2841 5169 3062 5232 inculta,
3115 5179 3278 5237 atque
3307 5171 3490 5226 inhabi

1950 5259 2146 5324 labilis,
2184 5259 2496 5328 nullumque
2552 5258 2665 5314 fere
2722 5260 2962 5329 prisuua-
2999 5261 3277 5316 beatitatis
3318 5277 3425 5332 prae
3459 5279 3520 5318 se

1950 5355 2054 5408 fert
2102 5353 2403 5424 vestigium.
2450 5353 2580 5407 Eam
2613 5356 2814 5422 excipit
2861 5354 3342 5421 Cana,castellum
3402 5344 3526 5427 par-

1949 5462 2096 5512 vum,
2134 5453 2190 5498 ut
2214 5459 2357 5498 nunc
2398 5444 2601 5498 videnti
2633 5443 2905 5514 objicitur.
2965 5444 3039 5498 lbi
3079 5461 3275 5514 aquam
3327 5446 3524 5507 Salva-

266 5540 329 5594 τδ
356 5535 505 5608 ὕδωρ
536 5539 564 5590 ὁ
607 5536 801 5608 Σωτὴρ
833 5537 912 5599 είς
953 5530 1099 5589 οἶνον
1133 5535 1489 5607 μετεποίησε.
1530 5533 1644 5589 Καὶ
1672 5531 1825 5586 οὕτω

1954 5547 2038 5592 tor
2096 5537 2147 5591 in
2185 5535 2366 5590 vinum
2425 5537 2709 5591 convertit.
2747 5534 2880 5590 Tum
2936 5537 3081 5592 inter
3135 5537 3318 5592 varios
3363 5538 3527 5594 colles

275 5617 445 5707 μέσον
471 5625 751 5703 διαφόρων
783 5628 992 5700 βουνῶν
1026 5629 1120 5685 tm
1153 5628 1232 5700 τῷ
1264 5628 1421 5701 βάθει
1445 5627 1544 5699 τῆς
1570 5627 1632 5695 εξ
1665 5627 1825 5682 αὐτῶ

1955 5630 2148 5696 media,
2184 5631 2252 5684 ad
2285 5632 2389 5685 ima
2451 5630 2521 5686 ab
2585 5629 2788 5686 eisdem
2837 5630 3134 5687 eﬂormataa
3169 5631 3345 5698 vallis,
3397 5635 3526 5686 urbs

276 5729 565 5800 φάραγγος
601 5725 635 5795 ή
664 5721 922 5793 Ναζαρὲτ
969 5719 1124 5786 πόλις
1161 5720 1579 5792 τεθεμελίωται,
1615 5713 1758 5794 ὲφ⁸ᾖ
1790 5737 1825 5775 τε

1954 5723 2224 5780 Nazarcth
2251 5723 2426 5778 locum
2467 5723 2626 5778 habet
2656 5739 2671 5788 ;
2707 5723 2760 5778 in
2792 5741 2894 5794 qua
2946 5715 3139 5794 ingens
3168 5739 3263 5795 per
3293 5722 3525 5779 Gabrie-

280 5825 426 5897 μέγα
477 5819 778 5892 μυστήριον
824 5814 911 5871 διὰ
959 5815 1053 5872 τοῦ
1105 5815 1448 5888 ἀρχαγγέλου
1494 5813 1734 5885 Γαϐριὴλ
1781 5817 1825 5883 τῆ

1957 5820 2058 5875 lem
2107 5816 2491 5887 archangelum
2549 5817 2864 5887 mysterium
2909 5819 3148 5889 Deiparte
3183 5817 3382 5887 Virgini
3433 5832 3525 5870 an-
