4004 6206
243 375 356 435 937

1281 370 1736 430 DESCRIPTIO
1777 370 2055 429 ΤΕΡιΒίΕ
2097 367 2433 430 SANCT/E.

3394 368 3502 434 988

243 483 326 556 τῷ
356 485 474 555 δρει
517 484 831 552 πρόσεστιν,
863 482 892 532 ὃ
924 483 1012 534 καὶ
1046 480 1220 552 χαρὰν
1265 481 1530 535 ἀποπνέει
1584 498 1828 550 πνευμα-

1935 481 2125 550 spirat.
2147 481 2311 537 Collis
2334 490 2415 535 est
2439 478 2698 534 rotundus
2731 491 2785 533 ct
2809 483 3082 536 moderate
3121 497 3238 539 sese
3265 483 3496 550 erigens.

250 578 438 647 τικήν.
470 576 660 628 Ἔστιν
686 569 777 626 οὖν
802 575 829 625 ὁ
865 571 1052 642 βουνὸς
1099 571 1432 642 στρογγύλος
1458 575 1552 626 καὶ
1585 574 1821 642 μετρίως

247 669 580 738 ὑψούμενος.
615 665 735 718 Eia".
764 665 818 718 δὲ
860 666 999 720 κατά
1037 666 1134 736 τὴν
1178 664 1343 718 αὑτοῦ
1373 663 1617 734 κορυφὴν
1658 665 1821 733 μοναὶ

243 759 363 826 δύο,
403 758 490 829 ἐφ’
517 758 583 821 ἀς
604 761 661 810 ἐν
688 757 1044 829 ἀλλογλώσσῳ
1073 758 1226 830 ὕμνῳ
1253 757 1568 828 Χριστιανοὶ
1591 760 1617 810 6
1626 757 1820 828 μότρο-

247 868 345 903 ποι
377 851 437 903 τδ
463 850 621 903 Θεῖον
653 849 1078 920 έξευμενίζουσι,
1132 851 1227 902 καὶ
1259 848 1381 902 καθ’
1410 850 1477 920 ἦν
1514 849 1614 917 μὲν
1640 850 1673 919 ἡ
1713 850 1824 900 Σω-

243 945 440 1014 τήριος
467 944 658 1012 γέγονε
694 942 1133 1013 Μεταμόρφωσις
1166 942 1257 994 τοῦ
1282 941 1545 1013 Χριστοῦ,
1574 941 1822 994 Λατίνων

249 1035 508 1108 μοναχῶν
577 1036 812 1108 ὑπάρχει
870 1035 1103 1106 πληθύς.
1159 1035 1248 1087 Ἐν
1306 1034 1362 1087 δὲ
1426 1038 1493 1105 τῇ
1561 1034 1826 1105 ἀριστερᾷ

245 1131 294 1181 οί
361 1127 485 1182 καθ’
518 1128 666 1198 ἡμᾶς
737 1128 1056 1198 Ναζηραῖοι
1098 1126 1190 1180 τὸν
1253 1127 1394 1195 ἱερὸν
1459 1129 1663 1179 ἐκεῖνον
1711 1127 1824 1196 χῶ-

247 1238 346 1292 ρον
393 1219 749 1290 ἁγιαζόμενοι
802 1220 1110 1289 ἀγιάζουσι.
1159 1221 1222 1272 Ἦ
1279 1219 1336 1273 δὲ
1395 1215 1670 1291 Σωτήριος
1728 1219 1822 1273 τοῦ

247 1312 493 1384 Χριστοῦ
525 1313 974 1383 Μεταμόρφωσις
1030 1314 1086 1365 ὲν
1129 1316 1196 1383 τῇ
1225 1316 1440 1383 κορυφῇ
1496 1313 1690 1383 γέγονε
1728 1315 1824 1368 τοῦ

247 1405 474 1476 βουνοῦ,
503 1407 625 1459 καθ’
665 1408 729 1476 ἢν
756 1407 854 1459 καὶ
886 1405 994 1459 τῶν
1026 1405 1274 1460 Λατίνων
1303 1405 1423 1459 ἐστὶ
1451 1406 1610 1478 μονὴ,
1645 1401 1714 1478 ἦς
1765 1407 1822 1458 ὲν

246 1494 328 1564 τῷ
361 1494 453 1548 τοῦ
488 1495 623 1549 Θεοῦ
653 1495 762 1568 [ἴα.
806 1494 964 1568 ναοῦ]
1002 1495 1373 1568 Θυσιαστηρίῳ
1412 1496 1560 1549 ἐστὶν
1583 1498 1611 1548 6
1637 1496 1824 1561 τόπος,

247 1591 336 1656 ἐφ’
371 1582 415 1657 ᾧ
448 1591 474 1642 6
499 1589 705 1662 Κύριος
738 1589 1136 1661 μετεμορφώθη
1170 1589 1275 1642 ὸ.νά
1315 1591 1482 1659 μέσον
1512 1589 1699 1644 Ἠλιοῦ
1732 1590 1826 1644 καὶ

165 1715 177 1730 .
245 1683 555 1748 Μωῠσέως,
597 1682 693 1735 καὶ
741 1683 851 1737 τῶν
882 1682 1048 1754 τριῶν
1080 1681 1246 1736 αὑτοῦ
1300 1685 1614 1754 προκρίτων
1647 1684 1826 1755 μαθη-

244 1775 380 1839 τῶν,
413 1774 620 1844 Πέτρου
659 1792 716 1828 τε
748 1777 843 1830 καὶ
863 1775 1111 1829 Ἰωάννου
1143 1775 1230 1828 καὶ
1259 1775 1826 1847 Ἰακώϐου.⁰Υπάρχει

1931 571 1984 623 ln
2023 571 2222 624 vertice
2257 571 2364 624 duo
2396 579 2673 624 exstructa
2727 580 2853 625 sunt
2893 574 3258 636 monasteria;
3315 573 3366 626 in
3420 573 3503 628 his

1926 671 2200 715 extraneae
2254 660 2448 729 lingua:
2503 660 2751 714 laudibus
2810 660 3130 728 Christiani,
3199 662 3500 718 solitariam

1925 753 2088 805 vitam
2118 753 2432 821 amplexati,
2472 749 2680 806 Numen
2735 754 3029 822 propitium
3089 755 3337 812 reddunt.
3391 755 3503 808 Mos

1928 843 2249 912 nasterium,
2289 845 2344 898 in
2397 860 2503 914 quo
2536 845 2788 901 salutaris
2823 845 3025 902 Christi
3069 846 3504 919 Transliguratio

1928 938 2147 1001 accidit,
2188 937 2503 993 Latinorum
2541 939 2926 993 monachorum
2978 941 3264 994 multitudo
3322 951 3502 1006 tenet;

1928 1029 2143 1095 laevum,
2185 1030 2276 1101 qui
2314 1040 2499 1085 nostra
2531 1030 2920 1085 consuetudine
2954 1033 3274 1086 monachum
3313 1033 3504 1087 indue—

1930 1134 2057 1177 runt
2108 1122 2373 1178 Nazareni
2404 1133 2815 1176 sacrosanctum
2843 1122 2990 1176 illum
3038 1124 3211 1176 locum
3261 1126 3506 1178 sanctiﬁ-

1934 1219 2037 1272 cati
2099 1217 2459 1272 sanctiﬁcant.
2516 1213 2781 1269 Salutaris
2811 1214 3009 1270 Christi
3062 1215 3500 1287 Transﬁguratin

1930 1309 1983 1363 in
2007 1309 2209 1364 vertice
2237 1307 2391 1363 collis
2420 1307 2624 1371 evenit,
2649 1306 2738 1360 ubi
2772 1305 3084 1366 Latinorum
3117 1309 3505 1362 monasterium

1929 1403 2154 1468 visitur;
2185 1404 2236 1456 in
2268 1400 2423 1470 cujus
2453 1401 2636 1454 divino
2659 1401 2816 1455 altari
2849 1400 3107 1455 Dominds
3132 1446 3136 1450 ,
3166 1400 3305 1455 inter
3333 1401 3507 1456 Eliam

1929 1501 1985 1546 et
2038 1489 2274 1562 Moysen,
2317 1505 2380 1546 ac
2410 1499 2521 1545 tres
2549 1494 2845 1560 praecipuos
2897 1489 3209 1558 discipulos,
3261 1489 3506 1554 Petrum,

1927 1581 2211 1644 Joannem,
2263 1591 2318 1636 et
2372 1579 2654 1645 Jacobum,
2699 1582 3116 1652 transﬁguratus
3168 1591 3272 1636 est.
3329 1582 3509 1637 Locus

1931 1675 2086 1730 aereis
2133 1675 2389 1731 cancellis
2439 1677 2883 1745 circumsepitur.
2927 1675 3029 1732 Ubi
3085 1689 3214 1730 vero
3241 1682 3512 1731 steterunt

1935 1768 2146 1823 Domini
2197 1769 2381 1838 pedes,
2426 1769 2798 1840 praecandidus
2826 1769 2989 1824 umbo
3021 1779 3314 1839 spectatur,
3361 1779 3413 1824 et
3459 1770 3510 1822 in

243 1865 304 1917 δὲ
340 1865 368 1915 6
398 1864 576 1935 χῶρος
627 1867 835 1928 ἐκεῖνος
883 1865 987 1919 ὑπὸ
1017 1865 1285 1936 χαλκείων
1320 1866 1608 1933 κιγκλίδων
1660 1883 1818 1934 περι·-

1935 1863 2074 1917 illius
2124 1862 2302 1916 medio
2350 1863 2520 1932 ligura
2579 1860 2772 1916 divinas
2827 1861 3027 1927 crucis,
3081 1878 3146 1917 ex
3207 1877 3313 1933 qua
3369 1861 3514 1917 haud

247 1957 669 2030 θριγγούμενος.
699 1958 822 2029 Ἐφ’
846 1958 903 2010 6v
932 1959 987 2012 δὲ
1018 1958 1182 2013 τόπον
1223 1957 1459 2030 ἔστησαν
1497 1961 1546 2011 οἱ
1578 1956 1671 2012 τοῦ
1715 1960 1827 2011 Κυ-

249 2052 376 2120 ρίου
409 2050 591 2118 πόδες,
625 2052 820 2122 δρᾶται
843 2051 1108 2121 ὀμφάλιον
1142 2052 1282 2105 πάνυ
1315 2049 1534 2114 λευκὸν,
1570 2050 1626 2102 ὲν
1656 2042 1698 2116 ᾧ
1733 2051 1828 2119 μέ-

249 2153 346 2190 σον
375 2140 687 2201 ἐκτύπωσις
723 2139 869 2192 Θείου
905 2139 1170 2210 Σταυροῦ,
1219 2137 1279 2203 ἐξ
1319 2135 1386 2210 ἦς
1425 2138 1662 2209 ἀρρητος
1691 2139 1826 2192 etim-

246 2228 340 2281 δία
389 2231 716 2297 ὲκτινὲουσα,
759 2231 867 2285 τῶν
920 2235 1254 2302 προσιόντων
1301 2231 1688 2301 κατευφραίνει
1731 2231 1828 2296 την

248 2323 548 2393 ὄσφρησιν.
583 2323 826 2389 Ἐξωθεν
845 2325 1023 2397 δέξτῆς
1056 2326 1254 2395 μονῆς,
1297 2325 1429 2378 ὡσεὶ
1464 2324 1610 2376 λίθου
1642 2323 1826 2393 βολῆς,

249 2413 372 2467 ἔστι
399 2417 598 2487 μικρὸν
623 2418 907 2488 σπήλαιον,
939 2419 997 2469 ὲν
1019 2410 1063 2485 ᾧ
1091 2417 1228 2487 μετά
1257 2415 1354 2486 τὴν
1382 2416 1616 2487 φρικτὴν
1644 2416 1828 2468 Μετα-

254 2508 565 2578 μόρφωσιν,
592 2510 848 2564 εἰσελθὼν
875 2512 903 2564 6
949 2511 1204 2581 Χριστὸς,
1234 2511 1360 2572 τοὺς
1404 2510 1650 2580 μαθητὰς
1710 2510 1827 2561 ἑνε-

250 2601 494 2669 τείλατο,
532 2603 721 2673 μηδενὶ
763 2606 936 2657 εἰπεῖν
968 2605 1167 2669 αὐτοὺς
1198 2605 1258 2658 τὸ
1285 2604 1491 2674 ὅραμα,
1536 2601 1730 2674 μέχρις
1762 2600 1828 2652 ἂν

252 2689 322 2740 ἐκ
348 2689 557 2758 νεκρῶν
591 2691 819 2760 ἀναστῇ.
858 2691 991 2763 Περὶ
1033 2692 1089 2744 δὲ
1126 2691 1187 2745 τὸ
1233 2689 1480 2762 άρκτῷον
1531 2689 1695 2758 μέρος
1735 2687 1832 2740 τοῦ

251 2777 418 2847 ὅρους
468 2776 702 2850 ὑπάρχει
732 2779 793 2830 τὸ
824 2779 918 2831 τοῦ
975 2779 1312 2850 Μελχισεδὲκ
1365 2777 1652 2848 σπήλαιον,
1690 2777 1828 2843 ὅπερ

252 2870 409 2922 ἐστὶν
437 2869 770 2934 ἀξιοθέατον·
805 2872 1070 2942 τέτρωται
1102 2873 1209 2941 γὰρ
1245 2873 1324 2934 είς
1353 2869 1642 2939 διαφόρους
1665 2868 1826 2935 ὀπὰς,

253 2959 354 3010 καὶ
407 2961 544 3011 εἰσὶν
579 2961 636 3013 ἐν
673 2961 819 3032 αὐτῷ
859 2964 1107 3035 ὑπερῷα,
1145 2965 1239 3017 κα)⁸
1276 2964 1536 3032 ὑπόγαια,
1586 2965 1680 3018 καὶ
1704 2963 1825 3016 διά-

255 3067 402 3119 φορα
433 3053 554 3122 οίκή
565 3070 711 3123 ματα
745 3055 842 3108 καὶ
887 3055 1072 3109 κελλία
1099 3057 1182 3120 είς
1227 3058 1482 3129 ἀσκητῶν
1513 3055 1830 3125 καταμονάς

1936 1961 2115 2018 facilis
2143 1973 2403 2018 enarratu
2446 1963 2580 2018 odor
2599 1977 2883 2031 emanans,
2913 1965 3320 2022 advenientium
3354 1981 3514 2021 nares

1937 2055 2193 2112 delectat.
2249 2057 2412 2112 Extra
2465 2059 2882 2124 monasterium,
2938 2061 3003 2114 ad
3039 2060 3243 2129 jactum
3300 2060 3511 2131 lapidis,

1937 2150 2129 2219 pusilla
2168 2151 2410 2221 aperitur
2433 2151 2712 2221 spelunca,
2749 2154 2798 2206 in
2850 2169 3012 2224 quam
3061 2165 3182 2224 post
3218 2154 3512 2209 admirabi-

1939 2241 2039 2296 lem
2073 2240 2627 2312 Transligurationctn
2684 2244 2941 2300 Dominus
2983 2246 3288 2315 ingressus,
3351 2247 3516 2304 disci-

1936 2336 2073 2406 pulis
2095 2337 2367 2406 praecepit,
2391 2352 2459 2393 ne
2488 2337 2720 2408 cuipiam
2752 2339 3000 2394 dicerent
3028 2341 3319 2409 visionem,
3345 2344 3515 2398 donec

1939 2428 2054 2496 ipse
2118 2444 2151 2483 a
2197 2431 2426 2486 mortuis
2474 2441 2804 2502 resurgeret.
2869 2433 2949 2488 Ad
2985 2433 3258 2489 borealem
3305 2448 3514 2506 partem

1941 2519 2157 2578 montis.
2196 2519 2572 2576 Melcltisedeci
2620 2522 2872 2589 spelunca
2933 2525 3299 2593 conspicitur,
3354 2527 3517 2595 digna

1940 2626 2057 2680 quae
2082 2611 2148 2665 ab
2188 2612 2438 2667 omnibus
2474 2612 2722 2669 videatur
2747 2655 2764 2682 ,
2816 2615 3044 2670 diversis
3090 2617 3323 2684 undique
3378 2617 3519 2672 fora-

1942 2703 2175 2757 minibus
2217 2712 2449 2774 patens:
2487 2704 2542 2758 in
2592 2721 2767 2776 eaque
2811 2706 2924 2762 loca
2962 2708 3272 2775 superiora,
3298 2719 3354 2764 et
3396 2713 3519 2763 sub-

1941 2805 2214 2862 terranea,
2249 2803 2302 2850 et
2352 2796 2514 2851 variae
2570 2797 2950 2864 habitationes,
3005 2809 3059 2853 et
3087 2799 3234 2855 cella:
3266 2800 3322 2855 in
3354 2804 3519 2859 Asce-

1941 2901 2114 2944 tarum
2179 2890 2480 2947 ministeria
2533 2892 2901 2962 exercitiaque
2969 2892 3411 2964 dispertiuntur;
3465 2907 3519 2951 et

1946 2982 2098 3036 multi
2122 2981 2423 3053 ingentium
2449 2993 2786 3051 sanctorum,
2818 2984 3228 3049 exercitationis
3255 3001 3367 3042 suae
3397 3003 3521 3041 cur-

1938 3090 2057 3129 sum
2072 3074 2242 3129 inillis
2259 3075 2622 3133 absolverunt.
2637 3076 2954 3146 Speluncam
2970 3092 3133 3146 prope
3145 3088 3226 3133 est
3241 3079 3520 3148 templum,

254 3145 689 3214 χρηματίζοντα,
716 3149 795 3210 εἰς
825 3147 861 3203 ἃ
901 3151 994 3201 καὶ
1029 3149 1214 3203 πολλοὶ
1242 3150 1350 3203 τῶν
1385 3150 1636 3220 μεγάλων
1664 3150 1831 3217 ἁγίων

1939 3165 2126 3220 eodem
2180 3165 2270 3221 illo
2299 3167 2350 3220 in
2397 3165 2531 3233 loco,
2561 3170 2613 3220 in
2646 3145 2751 3234 quo
2787 3145 3017 3222 Abrah'ie
3064 3145 3364 3224 occurrens
3389 3169 3519 3224 Mel-

254 3239 354 3291 τὸν
381 3241 677 3312 ἀσκητικὸν
700 3243 898 3314 δρόμον
921 3243 1202 3316 διήνυσαν.
1225 3245 1427 3314 Ἐγγὺς
1448 3246 1542 3300 τοῦ
1569 3245 1835 3316 σπηλαίου

255 3333 460 3386 τούτου
493 3336 614 3388 ἐστὶ
644 3336 791 3402 ναὸς,
839 3339 962 3390 κατ’
1008 3338 1173 3392 αὑτὸν
1210 3338 1273 3409 δὴ
1309 3339 1402 3393 τὸν
1448 3339 1635 3404 τόπον,
1675 3341 1750 3402 είς
1779 3340 1837 3393 ὃν

256 3427 372 3480 ἀπὸ
398 3428 496 3497 τῆς
527 3429 702 3500 κοπῆς
738 3432 830 3485 τὸν
860 3432 1114 3504 Ἀϐραὰμ
1139 3433 1556 3502 ἀποστρέφοντα
1584 3434 1612 3486 6
1636 3433 1839 3504 Μελχι-

259 3520 424 3574 σεδὲκ
470 3524 832 3592 συναντήσας,
892 3526 988 3579 καὶ
1041 3524 1346 3596 εὐλογήσας
1392 3525 1649 3590 ἐξένισεν.
1707 3527 1839 3579 Ἀπὸ

257 3611 358 3663 τοῦ
386 3613 634 3665 τοιούτου
659 3613 820 3682 ἁγίου
865 3613 1057 3685 βουνοῦ
1092 3617 1228 3686 πρὸς
1255 3613 1354 3686 τὴν
1386 3616 1608 3687 πρώτην
1641 3615 1836 3670 ἀνα·ιο⁴

257 3704 364 3776 λὴν
396 3707 675 3771 ἀτενίσας,
711 3707 782 3761 τὰ
809 3708 908 3779 ἒλη
953 3711 1048 3762 καὶ
1077 3709 1174 3779 τὴν
1204 3708 1463 3779 φάραγγα
1491 3707 1612 3778 ὄψει
1659 3709 1753 3762 τοῦ
1781 3711 1837 3760 ὲν

258 3803 538 3869 ποταμοῖς
590 3801 899 3870 ἀγιωτάτου
941 3802 1236 3873 Ἰορδάνου.
1270 3801 1394 3855 Ἐπὶ
1444 3802 1610 3856 πλέον
1641 3801 1697 3855 δὲ
1746 3801 1835 3856 τὸν

256 3891 546 3962 ὀφθαλμὸν
573 3894 821 3957 ἐκτείνας
858 3892 927 3947 τά
963 3893 1057 3948 τοῦ
1095 3893 1330 3949 Λιϐάνου
1372 3895 1508 3965 πρὸς
1548 3893 1837 3964 ἀνίσχοντα

257 3986 538 4056 βλέποντα
573 3986 724 4057 ἣλιον
757 3987 898 4058 μέρη
924 3986 1119 4059 θεάσῃ,
1163 3985 1375 4040 καὶδύο
1409 3985 1681 4056 μεγάλους
1714 3985 1837 4056 βου⁶

256 4080 389 4142 νοὺς
420 4073 495 4133 ὢν
528 4083 694 4149 μέσον
720 4080 754 4151 ή
787 4080 1076 4151 Δαμασκδς
1117 4079 1356 4152 ἵδρυται.
1387 4076 1840 4148 Παρεκκλίναςδὲ

260 4173 466 4241 μικρὸν
498 4170 632 4239 πρὸς
661 4172 723 4224 τὸ
761 4171 1188 4242 εὑωνυμώτατον
1221 4173 1384 4243 μέρος
1425 4171 1517 4224 τοῦ
1569 4170 1838 4241 Ἰορδάνου

256 4262 357 4314 τὸν
388 4261 687 4333 ὀφθαλμὸν,
711 4265 844 4335 ὁρᾷς
859 4265 957 4335 τὴν
987 4264 1566 4334 Τιῦεριάδαθάλασσαν
1589 4265 1729 4316 πάνυ
1745 4279 1840 4316 κα-

261 4355 454 4427 θαρῶς
483 4357 576 4409 καὶ
601 4357 990 4428 ἀνενοχλήτως,
1013 4351 1081 4430 ἦς
1106 4357 1164 4411 ὲν
1193 4357 1268 4428 τῷ
1297 4358 1657 4428 ἀντιπέραθεν
1684 4357 1840 4430 μέρει

264 4450 468 4520 μικρόν
505 4466 558 4502 τι
595 4448 797 4519 ὕψωμα
831 4450 1159 4521 ἐμφαίνεται
1208 4450 1482 4521 χώματος,
1529 4453 1589 4504 ὲν
1619 4445 1664 4518 ᾧ
1710 4452 1838 4516 τοὺς

261 4547 466 4614 ἄρτυυς
497 4546 525 4598 6
553 4544 742 4616 Σωτὴρ
774 4544 1071 4614 ηὐλόγησε,
1100 4545 1194 4598 καὶ
1219 4547 1344 4606 τοὺς
1368 4543 1839 4615 πεντακισχιλίους

262 4638 539 4708 ἐψώμισε,
572 4638 706 4708 μετά
721 4638 776 4691 δὲ
802 4636 900 4708 τὴν
925 4638 1222 4693 ἀνάστασιν
1258 4641 1370 4702 τοῖς
1397 4638 1668 4708 μαθηταῖς
1699 4655 1837 4690 συν-

259 4731 590 4801 ηρίστησεν,
651 4732 708 4782 ὲν
752 4730 984 4810 τῶν
1034 4732 1231 4786 ἑκατὸν
1282 4733 1631 4802 πεντήκοντα
1671 4732 1839 4803 τριῶν

267 4825 472 4894 ἰχθύων
502 4824 667 4895 ἄγρᾳ.
704 4815 863 4878 Κατῇ
886 4825 961 4877 ’δὲ
1006 4826 1065 4878 τὸ
1107 4824 1357 4895 ἀρκτῷον
1405 4826 1568 4896 μέρος
1615 4825 1706 4878 τοῦ
1738 4827 1840 4879 αὐ-

262 4916 360 4968 τοῦ
391 4914 608 4985 βουνοῦ,
639 4917 825 4986 ἕτερος
856 4917 955 4988 τὴν
982 4917 1209 4971 πεδιάδα
1234 4918 1452 4989 ἐκείνην
1475 4917 1837 4988 περιζωννύει

263 5009 454 5075 ζυγὸς,
506 5007 638 5060 ὡσεὶ
662 5008 868 5076 δώδεκα
903 5011 1132 5063 σταδίων
1164 5011 1441 5082 διάστημα
1470 5013 1504 5084 ἢ
1537 5014 1627 5067 καὶ
1651 5012 1836 5066 πλεῖον

263 5098 441 5154 αὑτοῦ
467 5099 869 5170 διαιρούμενον.
909 5101 1176 5174 ’Υπάρχει
1211 5102 1266 5156 δὲ
1295 5105 1353 5157 ἐν
1389 5108 1500 5168 τοῖς
1539 5106 1702 5159 αὑτοῦ
1736 5125 1840 5160 καθ

265 5191 638 5264 ταχύμασινή
670 5193 822 5257 πόλις
852 5193 1052 5266 Natam,
1080 5197 1158 5259 είς
1185 5197 1252 5269 ἦν
1285 5199 1312 5251 ὁ
1363 5191 1568 5267 Κύριος
1614 5201 1708 5254 τὸν
1739 5201 1840 5270 τῆς

265 5288 446 5359 χήρας
473 5287 592 5340 υἱὸν
616 5289 680 5340 ἐκ
709 5290 916 5358 νεκρῶν
946 5291 1186 5362 ἤγειρεν.
1235 5293 1323 5347 Ἐν
1370 5292 1428 5346 δὲ
1460 5294 1536 5362 τῷ
1590 5293 1835 5348 lvd-colit-

269 5383 501 5453 κωτέρῳ
529 5383 688 5453 μέρει
732 5385 828 5452 τῆς
863 5385 1034 5455 αὐτῆς
1075 5385 1281 5449 πόλεως
1309 5389 1502 5456 ὁρᾶται
1536 5389 1595 5439 τὸ
1635 5389 1836 5458 χωρίον

1941 3257 2208 3323 chisedcc,
2268 3258 2555 3313 revertenti
2617 3273 2648 3312 a
2708 3259 2873 3327 caede,
2936 3257 3230 3323 benedixit,
3267 3260 3522 3330 hospitio-

1940 3363 2042 3417 que
2091 3349 2336 3404 eumdcm
2397 3350 2632 3420 excepit.
2669 3350 2744 3405 Ex
2804 3351 2905 3405 hoc
2969 3350 3142 3418 colle,
3204 3351 3270 3406 ad
3320 3351 3520 3420 primos

1938 3441 2068 3496 solis
2117 3450 2269 3495 ortus
2316 3441 2486 3496 aciem
2532 3442 2810 3497 oculorum
2887 3443 3210 3509 intendens,
3269 3442 3516 3510 paludes,

1941 3534 2243 3602 vallemque
2284 3573 2298 3599 ,
2344 3534 2669 3590 sanctissimi
2722 3535 2972 3590 Jordanis
3014 3536 3152 3589 inter
3204 3532 3415 3598 ﬂuvios,
3444 3548 3517 3599 et,

1939 3627 1983 3680 si
2017 3626 2239 3682 ulterius
2265 3627 2432 3682 aciem
2461 3627 2743 3693 direxeris,
2779 3637 2959 3696 partes
2991 3626 3202 3695 Libani,
3232 3627 3298 3682 ad
3330 3629 3516 3683 orien-

1942 3728 2045 3773 tem
2079 3720 2244 3775 solcm
2279 3730 2566 3784 vertentes,
2608 3719 2937 3785 intueberis;
2977 3721 3246 3790 simulque
3299 3729 3352 3776 et
3385 3723 3517 3775 duos

1942 3808 2186 3877 ingentes
2254 3819 2485 3876 montes,
2520 3811 2573 3866 ln
2623 3825 2852 3881 quorum
2880 3811 3055 3867 medio
3083 3813 3372 3866 Damascus
3407 3811 3519 3865 col-

1942 3899 2172 3954 locatur.
2209 3899 2493 3955 Decllnans
2512 3916 2641 3957 vero
2693 3901 2964 3971 paululum
3000 3904 3064 3955 ad
3087 3903 3362 3957 sinistram
3394 3898 3516 3954 Jor-

1944 3989 2097 4044 danis
2155 3990 2362 4057 oculos,
2418 3991 2721 4048 Tiberiadis
2774 4007 2921 4047 mare
2976 4006 3233 4062 perquam
3280 3991 3425 4046 clare
3457 4007 3518 4046 ac

1941 4083 2058 4138 sine
2091 4082 2197 4138 ullo
2229 4083 2614 4153 impedimento
2654 4085 2944 4155 spectabis.
2993 4085 3159 4152 Cujus
3194 4085 3247 4138 in
3291 4085 3515 4138 adversa

1941 4185 2093 4244 parte
2151 4191 2348 4247 parvus
2385 4193 2550 4247 agger
2593 4179 2875 4246 attollitur,
2920 4179 2974 4232 in
3037 4191 3207 4247 eoque
3271 4175 3518 4231 Salvator

1943 4268 2170 4338 panibus
2253 4269 2551 4334 benedixit,
2622 4280 2675 4326 et
2730 4272 2965 4341 quinque
3026 4270 3195 4324 millia
3238 4269 3514 4323 hominum

1944 4363 2292 4430 exsaturavit,
2329 4369 2383 4417 et
2402 4373 2523 4433 post
2545 4365 2995 4418 resurrectionem
3047 4377 3156 4418 una
3191 4377 3313 4416 cum
3355 4361 3514 4416 disci-

1941 4451 2104 4522 pulis,
2137 4463 2257 4523 post
2289 4465 2503 4509 centum
2526 4455 2912 4525 quinquaginta
2967 4455 3127 4508 trium
3159 4455 3386 4525 piscium
3419 4467 3511 4508 ca-

1871 4522 1918 4586 Ῐ)
1945 4522 2181 4615 pturam,
2214 4563 2444 4619 pransus
2478 4522 2580 4604 est.
2604 4522 2853 4616 Ejusdem
2878 4547 3075 4602 montis
3097 4522 3512 4617 aid—septentrio-

1940 4638 2118 4694 nalem
2167 4639 2556 4709 partem,aliud
2592 4641 2778 4710 jugum
2818 4640 3096 4709 planitiem
3134 4641 3321 4711 cingit,
3380 4643 3515 4696 duo-

1940 4733 2112 4788 decim
2144 4733 2443 4788 stadiorum
2476 4733 2644 4788 ferme
2687 4733 2971 4789 intervallo
3001 4743 3057 4789 et
3089 4736 3318 4804 amplius
3349 4734 3510 4790 etiam

1938 4825 2296 4880 subdivisum.
2356 4827 2414 4880 In
2449 4826 2593 4882 illius
2646 4842 2880 4884 excursu
2915 4830 3060 4900 jacet
3098 4829 3226 4883 urbs
3248 4826 3430 4893 Naim,
3457 4828 3512 4881 in

1939 4933 2041 4988 qua
2074 4918 2334 4976 Dominus
2359 4921 2524 4975 lilium
2582 4921 2754 4976 vidua:
2784 4936 2851 4977 ex
2885 4925 3116 4977 mortuis
3157 4921 3208 4975 in
3239 4922 3406 4975 vitam
3428 4935 3511 4974 re-

1945 5013 2177 5066 voeavit.
2225 5011 2282 5066 ln
2347 5013 2626 5068 orientalis
2661 5015 2894 5071 civitatis
2937 5021 3113 5084 parte.
3145 5011 3401 5083 oppiduni
3427 5014 3506 5065 vi-

1937 5105 2078 5159 situr
2133 5104 2370 5162 Aendor.
2399 5105 2544 5161 Inter
2580 5107 2932 5172 Thaborium,
2989 5105 3167 5173 Nalm,
3196 5113 3250 5161 et
3275 5105 3508 5167 Aendor,

1941 5205 2151 5252 torrens
2215 5197 2406 5254 Cisson
2465 5198 2695 5268 perﬂuit,
2750 5201 2818 5256 de
2856 5215 2962 5270 quo
3021 5199 3098 5254 ait
3169 5197 3510 5254 Daviszac

1936 5299 2042 5355 illis
2073 5302 2208 5356 sicut
2230 5302 2451 5358 Madlan
2491 5315 2537 5360 et
2577 5305 2796 5373 δίδοται,
2824 5308 2959 5360 sicut
3015 5304 3176 5359 Jabin
3200 5306 3252 5356 in
3280 5313 3510 5357 torrente

1937 5392 2119 5448 Cisson
2159 5410 2178 5449 :
2203 5397 2551 5465 disperierunt
2576 5398 2631 5452 in
2653 5399 2864 5453 Aemlor
2887 5399 2930 5453 ³.

265 5475 530 5548 ’Δενδὼρ,
566 5479 729 5546 μέσον
757 5477 814 5534 δὲ
838 5477 930 5530 τοῦ
981 5476 1180 5547 Θαόὼρ
1217 5479 1315 5549 τῆς
1356 5479 1537 5549 Ναείμ
1569 5497 1627 5532 τε
1667 5481 1760 5534 καὶ
1797 5482 1891 5536 τοῦ
1928 5483 2163 5555 Ἀενδὼρ
2209 5488 2491 5557 περιρρέει
2543 5490 2572 5543 6
2613 5491 2914 5561 χείμαρρος
2974 5488 3217 5549 Κίσσων,
3277 5486 3408 5554 περὶ
3445 5472 3507 5534 οὗ

272 5595 440 5650 φησιν
475 5576 504 5627 6
525 5573 688 5629 Δασίδ
709 5594 723 5608 υ
751 5575 1015 5643 Ποίησον
1040 5575 1260 5640 αὐτοὺς
1292 5574 1372 5640 ὡς
1398 5574 1510 5645 τὴν
1537 5573 1771 5646 Μαδιάμ
1801 5576 1897 5644 καί
1927 5573 2006 5641 τῷ
2034 5577 2276 5647 Σισάρᾳ,
2312 5580 2391 5644 ὡς
2438 5581 2502 5632 τὸ
2549 5580 2766 5652 Ἰαϐεὶμ
2809 5582 2878 5635 ἐν
2914 5579 2994 5645 τῷ
3036 5576 3331 5648 χειμάρρῳ
3366 5577 3508 5627 Κισ-

270 5670 402 5728 σών
425 5689 438 5702 ·
475 5669 1007 5737 ἐξωοθρεύθησαν
1032 5669 1100 5721 ἐν
1143 5666 1400 5739 Ἀενδώρ.

340 5832 360 5865 ³
394 5831 534 5888 Psal.
567 5846 736 5897 xxxu,
784 5832 868 5887 ιο.
988 5915 990 5917 γ

599 5927 868 5987 Ρλτιιοι..
911 5928 1023 5986 Gn.
1073 5922 1387 5986 CXXXIII.

3121 5923 3196 5988 30
