4004 6206
515 369 621 433 939

1799 367 2126 431 JOANNIS
2168 370 2436 431 ΡΗΟΟΔΞ

3688 368 3794 434 940

585 484 670 541 l2.
713 481 886 538 Unius
939 481 1044 537 diei
1100 481 1277 553 spatio
1319 482 1450 537 urbs
1497 478 1723 537 Sebaste
1776 483 1960 546 distat,
2034 481 2093 535 ab

2279 483 2368 552 ιβ’-
2399 482 2509 536 Καὶ
2541 482 2661 552 μεθ’
2689 483 2902 554 ἡμέρας
2942 485 3073 554 μιᾶς
3118 483 3272 537 διάστ
3298 482 3399 556 ιμά
3435 487 3589 539 ἔστιν
3633 486 3664 554 ή
3699 485 3791 535 Σε-

516 575 720 631 llcrede
747 575 1040 630 Tetrarcha
1075 575 1126 629 in
1167 575 1424 630 honorem
1480 573 1713 629 Caesaris
1747 574 2012 629 restituta.
2037 573 2094 626 In

511 680 573 719 ea
599 668 965 720 venerandum
992 673 1153 736 caput
1173 665 1392 734 majoris
1423 665 1566 720 inter
1599 677 1756 720 natos
1788 666 2094 729 mulierum,

511 757 736 814 Joannis
801 758 1074 829 Baptistae,
1107 759 1287 814 minor
1349 757 1606 826 llerodes,
1636 758 1778 812 inter
1800 759 2096 814 convivan-

510 854 660 916 dum,
721 849 970 907 abscidit.
1031 853 1086 907 In
1135 853 1310 905 media
1357 851 1579 906 civitate
1619 866 1807 906 carcer
1862 861 1976 917 est;
2043 852 2095 906 in

511 960 694 1014 quem,
753 946 878 998 dum
906 944 1258 1000 llerodiadem
1288 944 1376 1000 ille
1429 946 1871 1014 reprehenderet,
1910 946 2098 1015 conje-

509 1047 652 1102 ctus,
711 1037 996 1106 capiteque
1041 1036 1379 1090 imminutus.
1459 1034 1661 1092 Carcer
1712 1037 2099 1092 subterraneus

507 1139 610 1195 est,
638 1138 694 1182 et
737 1129 925 1197 vginti
991 1127 1252 1197 gradibus
1301 1127 1354 1181 in
1422 1143 1544 1182 eum
1624 1127 1969 1182 descenditur
1997 1144 2012 1182 :
2044 1127 2097 1181 iu

509 1222 666 1290 cujus
702 1221 880 1275 medio
906 1223 1076 1276 altare
1101 1221 1347 1295 erigitur,
1376 1220 1464 1275 ubi
1501 1237 1530 1276 a
1564 1221 1890 1290 spieulatore
1923 1223 2100 1290 capite

509 1317 864 1372 obtruncatus
903 1325 1004 1371 est.
1041 1317 1082 1371 A
1127 1317 1344 1371 dextera
1381 1316 1588 1381 altaris,
1638 1316 1828 1370 urnula
1881 1316 2095 1383 visitur,

508 1412 561 1465 in
608 1427 714 1482 qua
765 1412 938 1464 sancti
999 1409 1298 1476 Zachariae,
1355 1409 1712 1465 Praecursoris
1747 1412 1937 1482 patris,
1971 1426 2097 1467 cor-

508 1521 607 1575 pus
660 1515 933 1559 servatum
961 1504 1138 1559 fuerat
1165 1520 1179 1570 ;
1231 1521 1258 1557 a
1282 1504 1435 1568 laeva,
1466 1503 1636 1560 altera
1670 1503 1889 1570 urnula,
1915 1504 1968 1557 in
1993 1519 2097 1572 qua

507 1612 709 1668 corpus
761 1608 962 1652 sancta:
1005 1596 1313 1665 Elisabetae,
1344 1595 1586 1666 ejusdem
1645 1597 1855 1653 metris.
1903 1597 2094 1665 jacet:

506 1693 959 1765 quemadmodum
1018 1693 1177 1759 etin
1229 1692 1471 1761 utrisque
1519 1691 1753 1746 carceris
1811 1691 2094 1756 lateribus,

507 1791 780 1842 variarum
811 1795 1124 1841 sanctorum
1164 1784 1426 1855 reliquiae,
1463 1793 1515 1838 ct
1546 1781 1928 1853 discipulorum
1954 1780 2100 1835 Prte-

507 1883 771 1947 cursoris,
811 1880 1117 1950 quiescunt.
1152 1878 1332 1949 Supra
1380 1892 1653 1933 carcerem
1714 1875 1973 1946 templum
2016 1889 2103 1928 as-

503 1982 697 2051 surgit,
728 1980 852 2034 etin
895 1995 960 2036 eo
1003 1995 1149 2034 urna:
1171 1980 1314 2042 dure,
1339 1993 1405 2033 ex
1429 1976 1662 2032 candido
1705 1990 1974 2030 marmore
2001 1989 2094 2029 ex-

501 2076 664 2139 cisae;
699 2088 928 2142 quarum
967 2073 1187 2127 dextera
1225 2069 1492 2126 combusti
1522 2068 1764 2139 corporis
1801 2063 2091 2120 venerandi

501 2165 869 2222 Prmcursoris
900 2166 1143 2231 cineres,
1175 2164 1346 2220 altera
1380 2163 1554 2218 Elisaai
1587 2163 1862 2232 propheta:
1894 2174 2092 2229 corpus

501 2261 782 2317 continet:
832 2273 1104 2328 supraque
1127 2259 1182 2313 in
1213 2272 1377 2314 aureo
1405 2272 1550 2323 vase,
1578 2256 1794 2311 sinistra
1833 2254 2093 2309 Praecur-

497 2353 639 2408 soris
661 2366 875 2419 manus,
915 2365 1348 2423 quaquaversum
1379 2363 1434 2406 et
1465 2351 1580 2420 ipsa
1633 2363 1766 2437 auro
1835 2349 2089 2402 obducta.

502 2445 559 2501 lu
615 2446 805 2502 media:
841 2456 897 2501 et
929 2445 1226 2516 superioris
1265 2444 1436 2516 partis
1488 2442 1719 2498 civitatis
1743 2441 1901 2505 colle,
1953 2442 2092 2494 anti-

495 2540 680 2610 quit’us
732 2537 1102 2595 eratllerodis
1149 2539 1328 2608 regia;
1359 2536 1447 2591 ubi
1489 2545 1542 2591 et
1584 2535 1886 2590 convivium
1918 2547 2089 2604 appa-

499 2642 671 2686 ratum
725 2632 846 2699 fnit,
894 2642 949 2687 et
1005 2630 1334 2686 exsecranda
1391 2629 1480 2685 illa
1546 2629 1718 2699 puella
1785 2627 2017 2691 saltavit,
2038 2636 2092 2681 et

511 2725 816 2779 saltationis
852 2727 1157 2792 praemium,
1205 2730 1608 2778 sacrosanctum
1645 2719 1900 2789 Baptistae
1931 2725 2091 2788 caput

496 2817 682 2872 retulit
707 2833 722 2870 :
744 2831 886 2871 nunc
917 2829 1046 2871 vero
1077 2815 1223 2870 locus
1246 2813 1336 2869 ille
1357 2812 1667 2870 Graecorum
1699 2811 2086 2867 monasterium

495 2925 601 2969 est.
647 2905 926 2984 Templum
957 2913 1273 2969 monasterii
1323 2911 1640 2978 trullatum;
1680 2917 1732 2966 et
1762 2911 1815 2964 in
1853 2911 1982 2965 heva
2013 2909 2091 2964 al-

499 3007 632 3060 taris
694 3017 849 3076 parte
913 3005 1133 3074 cellula,
1191 3006 1322 3060 etin
1349 3003 1470 3075 ejus
1502 3002 1678 3058 medio
1717 3016 1786 3057 ex
1817 3016 2088 3056 marmore

496 3100 659 3154 umbo
711 3100 764 3153 in
795 3098 952 3170 longe
994 3098 1256 3154 altissima
1312 3095 1456 3153 fossa
1488 3095 1843 3168 conSpicitur,
1894 3095 1947 3150 iu
1980 3109 2088 3165 quo

497 3191 669 3262 prima
715 3189 1008 3245 venerandi
1043 3199 1098 3244 et
1153 3190 1358 3261 angelis
1411 3188 1691 3244 reverendi
1724 3187 1915 3257 capitis
1953 3187 2087 3242 Pue-

493 3285 736 3342 cursoris
776 3284 1018 3341 inventio
1057 3283 1179 3352 fuit,
1241 3285 1384 3356 quod
1440 3300 1505 3342 eo
1541 3283 1643 3340 loci
1671 3283 1740 3339 ab
1785 3282 2086 3340 Herodiade

498 3375 774 3433 defossum
812 3377 1033 3433 latebat.

2199 574 2378 645 δαστὴ
2422 574 2599 639 πόλις,
2635 576 2700 646 ἣν
2742 575 2991 644 Ἡρώδης
3043 579 3071 628 ὁ
3115 577 3438 648 Τετράρχης
3494 577 3577 640 είς
3629 577 3793 647 τιμὴν

2198 671 2291 723 τοῦ
2329 669 2608 740 Καίσαρος
2633 669 3005 727 ἀνεκαίνισεν,
3043 671 3134 724 Ἑν
3218 673 3317 726 καὶ
3343 672 3442 742 τήν
3472 671 3671 738 τιμίαν
3703 688 3793 722 κε-

2201 765 2377 836 φαλὴν
2406 765 2501 819 τοῦ
2531 768 2588 818 ὲν
2621 766 2906 836 γεννητοῖς
2932 767 3214 835 γυναικῶν
3244 767 3495 837 μείζονος
3529 767 3790 819 Ἰωάννου

2201 859 2294 913 τοῦ
2327 859 2666 923 Βαπτιστοῦ,
2714 860 2772 912 ὲν
2822 859 2900 929 τῷ
2960 859 3128 913 αὑτοῦ
3182 860 3472 930 συμποσίῳ
3504 861 3531 911 ὁ
3592 858 3790 929 μικρὶς

2213 952 2466 1026 Ἡρώδης
2498 953 2796 1023 ἀπέτεμεν.
2839 954 3031 1006 Ἔστιν
3068 949 3161 1007 οὖν
3203 955 3369 1024 μέσον
3401 955 3503 1022 τῆς
3530 951 3792 1018 τοιαύτης

2201 1049 2413 1112 πόλεως
2444 1050 2476 1118 ἡ
2525 1046 2766 1120 φυλακή.
2801 1051 2882 1111 είς
2912 1049 2976 1120 ἣν
3007 1046 3276 1118 ὲνεόλήθη
3323 1047 3431 1098 τῶν
3465 1046 3571 1114 τῆς
3616 1046 3792 1115 Ἥρω-

2199 1138 2378 1202 διάδος
2428 1139 2593 1196 ἕνεκα
2622 1140 2896 1211 ἐλεγμῶν,
2948 1139 3032 1209 ἐφ’
3131 1141 3228 1193 καὶ
3256 1139 3355 1210 τὴν
3386 1137 3635 1209 κεφαλὴν
3685 1139 3791 1190 άπ-

2203 1232 2442 1305 ετμήοη.
2488 1233 2552 1286 Ἥ
2590 1234 2648 1288 δὲ
2694 1234 2916 1303 τοιαύτη
2950 1233 3167 1304 φυλακή
3220 1234 3366 1286 ἐστιν
3396 1232 3503 1285 ὑπὸ
3536 1229 3638 1302 τὴν
3662 1231 3786 1301 γῆν,

2200 1327 2397 1398 ἔχουσα
2428 1326 2698 1398 βαθμίδας
2727 1328 2793 1382 ὲκ
2825 1328 2933 1381 τῶν
2979 1325 3193 1382 ἄνωθεν
3239 1326 3346 1389 ἓως
3371 1324 3546 1395 αὑτῆς
3589 1323 3790 1384 εἰκοσι.

2201 1420 2258 1472 ὲν
2302 1420 2360 1473 δὲ
2391 1421 2468 1492 τῷ
2508 1420 2658 1492 μέσῳ
2711 1421 2878 1492 αὑτῆς
2931 1420 3170 1492 ὑπάρχει
3226 1419 3620 1489 θυσιαστήριον
3661 1419 3793 1488 περὶ

2200 1515 2292 1569 τὸν
2318 1515 2508 1582 τόπον,
2535 1515 2658 1569 καθ’
2689 1515 2748 1569 δν
2775 1515 3194 1586 άπεκεφαλίσθη
3222 1513 3328 1567 ὑπὸ
3357 1512 3452 1567 τοῦ
3483 1511 3795 1566 σπεκουλά-

2201 1625 2381 1680 τορος.
2415 1608 2579 1682 Δεξιᾷ
2604 1609 2662 1663 δὲ
2686 1609 2779 1664 τοῦ
2813 1609 3059 1665 τοιούτου
3093 1608 3488 1679 θυσιαστηρίου
3521 1607 3795 1676 έστιλαρ-

2202 1703 2410 1768 νάκιον,
2475 1705 2554 1769 είς
2610 1703 2639 1757 δ
2684 1704 3121 1777 ὲτεθησαύριστο
3154 1704 3214 1757 τὸ
3268 1703 3430 1774 σῶμα
3482 1701 3578 1756 τοῦ
3628 1702 3812 1771 ἁγίου·

2203 1797 2475 1868 Ζαχαρίου
2518 1797 2614 1852 τοῦ
2663 1797 2874 1871 πατρὸς
2924 1797 3020 1852 τοῦ
3081 1797 3426 1870 Προδρόμου.
3473 1797 3566 1849 Ἐν
3600 1796 3658 1850 δὲ
3715 1795 3797 1865 τῷ

2135 1881 2175 1937 Β
2206 1891 2475 1964 εὐωνύμῳ
2505 1892 2694 1964 ἕτερον
2729 1893 3049 1964 λαρνάκιον,
3092 1893 3150 1945 ἐν
3191 1885 3233 1960 ᾧ
3260 1893 3378 1944 ἐστι
3426 1889 3686 1961 κείμενον
3737 1890 3795 1942 τδ

2202 1985 2364 2056 σῶμα
2391 1985 2490 2056 τῆς
2519 1985 2682 2054 ἁγίας
2730 1984 3020 2039 Ἐλισάσετ
3047 1985 3148 2057 τῆς
3175 1983 3415 2056 μητέρος
3456 1984 3648 2037 αὑτοῦ.
3697 1983 3794 2037 Ἐν

2196 2074 2240 2126 δ’
2274 2072 2616 2144 ἀμφοτέραις
2637 2077 2757 2139 ταῖς
2784 2074 2884 2146 τῆς
2913 2074 3160 2144 φυλακῆς
3191 2073 3454 2145 πλευραῖς
3472 2073 3795 2126 ὲναπόκειν-

2195 2183 2284 2219 ται
2310 2167 2582 2237 διαφόρων
2621 2169 2794 2237 ἁγίων
2819 2167 3050 2238 λείψανα
3081 2168 3178 2220 καὶ
3223 2167 3336 2219 τῶν
3394 2166 3662 2238 μαθητῶν
3692 2165 3788 2220 τοῦ

2198 2258 2543 2330 Προδρόμου.
2578 2258 2855 2332 ’Υπερθεν
2885 2259 2942 2311 δὲ
2967 2259 3069 2329 τῆς
3092 2257 3344 2329 φυλακῆς
3370 2259 3610 2328 ὑπάρχει
3635 2259 3788 2324 ναὸς,

2197 2354 2277 2416 εἰς
2312 2353 2371 2407 ὃν
2397 2353 2676 2423 ἔγκεινται
2703 2344 2978 2424 λάρνακες
3014 2354 3130 2418 δύο,
3165 2352 3274 2406 ἀπὸ
3313 2351 3511 2405 λευκοῦ
3539 2352 3791 2424 λατομη-

2197 2445 2384 2512 θέντες
2422 2447 2738 2520 μαρμάρου,
2776 2441 2852 2502 ὧν
2877 2448 2941 2502 τὸ
2981 2448 3301 2519 δεξιώτερον
3333 2449 3448 2521 ἔχει
3481 2448 3634 2502 κόνιν
3691 2447 3788 2502 τοῦ

2193 2541 2679 2613 ἀποτεφρωθέντος
2707 2541 2956 2612 σώματος
2984 2542 3078 2596 τοῦ
3112 2542 3294 2610 τιμίου
3317 2542 3625 2613 Πρεδόμου,
3649 2542 3711 2596 τὸ
3731 2543 3788 2597 δὲ

2191 2631 2382 2703 ἕτερον
2415 2632 2476 2686 τὸ
2506 2631 2668 2703 σῶμα
2705 2631 2799 2686 τοῦ
2824 2633 3110 2704 προφήτου
3137 2631 3435 2686 Ἐλισαίου.
3477 2633 3788 2702 Πρόκειται

2191 2725 2235 2779 δ’
2261 2725 2500 2796 ὕπερθεν
2557 2724 2749 2780 τούτου
2782 2726 2935 2788 ὲντὸς
2968 2723 3201 2796 χρυσέου
3239 2723 3530 2796 σκεύουςή
3577 2722 3788 2778 εύὼνυ-

2195 2833 2296 2887 μος
2319 2815 2414 2870 τοῦ
2450 2816 2771 2887 Προδρὸμου
2800 2815 2946 2885 χεὶρ,
2984 2814 3476 2886 χρυσῷοπάντοθεν
3509 2815 3609 2887 καὶ
3643 2815 3788 2886 αὑτὴ

2191 2910 2740 2982 περικεκαλυμμένη.
2783 2911 2872 2964 Ἑν
2914 2912 2971 2965 δὲ
3004 2909 3084 2982 τῷ
3115 2910 3438 2983 ὑψηλοτέρῳ
3480 2911 3642 2983 μέρει
3687 2911 3790 2980 τῆς

2190 3005 2398 3068 πόλεως
2429 3003 2544 3057 ἐστι
2591 3001 2734 3057 κατὰ
2761 3003 2858 3073 τὴν
2887 3002 3061 3074 μέσην
3097 3003 3269 3072 αὐτῆς
3300 3002 3591 3073 γηόλοφος,
3631 3001 3688 3052 ἐν
3744 2993 3788 3067 ᾧ

2191 3100 2358 3153 πάλαι
2386 3098 2483 3170 μὲν
2515 3093 2584 3170 ἦν
2619 3097 2678 3150 τὸ
2709 3094 2805 3149 τοῦ
2843 3095 3083 3168 Ἡρώδου
3128 3098 3409 3160 παλάτιον,
3437 3095 3565 3148 ἔνθα
3600 3096 3698 3148 καὶ
3730 3094 3790 3145 τὸ

2192 3188 2496 3259 συμπόσιον
2522 3186 2737 3256 γέγονε,
2773 3184 2869 3241 καὶ
2917 3189 2950 3258 ἡ
2998 3186 3171 3258 μιαρὰ
3203 3185 3341 3257 κόρη
3380 3185 3567 3254 ἐκείνη
3596 3184 3791 3256 ὠρχή-

2197 3299 2348 3346 σατο,
2377 3282 2471 3337 καὶ
2504 3278 2665 3336 ἆθλον
2714 3281 2818 3352 τῆς
2868 3279 3154 3352 ὀρχήσεως
3186 3280 3284 3351 τὴν
3333 3279 3486 3352 ἱερὰν
3535 3278 3789 3349 κεφαλὴν

2193 3376 2290 3430 τοῦ
2316 3375 2624 3430 Βαπτιστοῦ
2653 3375 2866 3446 εἴληφε.
2894 3373 3010 3427 Νῦν
3040 3374 3096 3426 δὲ
3134 3376 3161 3428 ὁ
3204 3373 3447 3437 τοιοῦτος
3481 3372 3652 3437 τόπος
3695 3373 3791 3442 γέ-

495 3491 621 3545 γονε
660 3471 974 3544 Ῥωμαϊκὸν
1046 3473 1413 3544 μοναστήριον
1452 3486 1466 3501 ⁸
1496 3469 1734 3540 ὑπάρχει
1775 3463 1869 3523 οὖν
1908 3469 1936 3521 ὁ
2009 3469 2135 3536 ναὸς
2164 3471 2264 3543 τῆς
2297 3471 2554 3542 τοιαύτης
2612 3469 2781 3539 μονῆς
2811 3467 3172 3540 τρουλλωτός.
3204 3468 3294 3520 Ἐν
3321 3451 3379 3520 δὲ
3407 3465 3487 3538 τῷ
3512 3468 3791 3545 εὐωνύμῳ

500 3573 654 3646 μέρει
681 3569 778 3624 τοῦ
833 3567 1225 3647 θυσιαστηρίου
1268 3569 1384 3621 ἐστὶ
1439 3566 1655 3622 κελλίον
1712 3567 1933 3638 μικρὸν,
2000 3561 2064 3622 οὑ
2109 3570 2274 3640 μέσον
2321 3569 2512 3640 ὁρᾶται
2559 3568 2622 3620 ὲκ
2681 3568 2977 3638 μαρμάρου
3020 3564 3310 3637 ὀμφάλιον,
3351 3566 3444 3619 ἐπὶ
3495 3565 3791 3639 βαθυτάτῳ

496 3667 709 3737 σφόδρα
735 3665 1013 3737 ὀρύγματι
1036 3663 1312 3734 κείμενον,
1346 3662 1404 3716 ὲν
1427 3655 1471 3731 ᾧ
1503 3661 1761 3734 ἡπρώτη
1805 3661 2025 3733 εὕρεσις
2053 3663 2157 3734 τῆς
2196 3665 2385 3736 τιμίας
2418 3662 2686 3734 κεφαλῆς,
2723 3662 2819 3718 καὶ
2857 3662 3115 3732 ἀγγέλοις
3159 3660 3443 3734 αἰδεσίμου
3494 3659 3592 3714 τοῦ
3645 3665 3791 3735 [lpo-

493 3763 699 3835 δρόμου
728 3757 975 3828 γέγονεν,
1013 3755 1047 3808 ἢ
1079 3756 1137 3811 ἐν
1167 3755 1244 3826 τῷ
1270 3754 1421 3826 τόπῳ
1461 3754 1661 3826 ικείνῳ
1711 3753 1930 3827 ἐχώσθη
1977 3754 2081 3809 ὑπὸ
2117 3757 2217 3824 τῆς
2265 3757 2616 3828 Ἡρωδιάδος.

572 3855 662 3911 15.
695 3849 1014 3907 lsxcurrettti
1040 3849 1296 3919 deinceps
1346 3849 1519 3905 stadia
1547 3850 1717 3906 ferme
1760 3850 2093 3920 quindecim,

2271 3851 2362 3923 ιγ’.
2391 3848 2525 3907 Εἶτα
2553 3852 2692 3924 μετὰ
2719 3851 3086 3924 παραδρομὴν
3111 3850 3344 3906 σταδίων
3369 3850 3503 3906 ὡσεὶ
3532 3850 3667 3906 δέκα
3689 3851 3793 3909 καὶ

501 3946 969 4003 Samaritanorum
1029 3940 1343 4010 metrOpolis
1408 3939 1600 3997 Sichar
1668 3942 1824 3997 obvia
1889 3941 1972 4008 lit,
2007 3941 2093 3997 cui

2199 3943 2362 3997 πέντε
2393 3945 2539 3997 ἐστὶν
2570 3944 2604 4013 ἡ
2642 3944 2751 3998 τῶν
2799 3943 3105 4016 Σαμαρέων
3141 3942 3485 4015 μητρόπολις
3515 3943 3718 4015 Σιχὰρ,
3754 3947 3789 4015 ή

499 4039 843 4113 postmodum
881 4033 1102 4104 Neapoli
1127 4046 1322 4088 nomen
1350 4032 1475 4099 fuit,
1529 4035 1672 4090 inter
1709 4036 1845 4090 duos
1883 4046 2093 4091 montes

2202 4039 2342 4107 μετὰ
2370 4036 2544 4091 ταῦτα
2580 4037 2844 4107 κληθεῖσα
2871 4036 3436 4107 Νεάπολις,·κειμένη
3470 4037 3641 4106 μέσον
3686 4039 3790 4092 δύο

505 4138 633 4201 sita,
690 4147 921 4204 quorum
986 4129 1232 4200 pedibus,
1280 4128 1647 4184 fundamentis
1673 4128 1788 4199 ipsa
1825 4129 1962 4197 suis,
1988 4145 2093 4200 qua

2199 4130 2426 4202 βουνῶν,
2477 4131 2809 4202 ἀμφοτέρων
2845 4130 3266 4202 περιαπτομένη
3296 4129 3375 4201 τῷ
3407 4129 3649 4203 θεμελίῳ
3685 4132 3787 4184 ἐπὶ

501 4246 559 4287 se
588 4229 798 4300 longius
831 4226 1091 4293 extendit,
1122 4224 1366 4279 inhaeret.
1406 4223 1466 4278 In
1494 4225 1801 4280 dexteriore
1827 4225 2093 4280 montium

2197 4228 2368 4296 μήκει
2413 4228 2542 4289 τοὺς
2591 4225 2895 4296 πρόποδας.
2941 4216 3042 4277 Ὧν
3082 4225 3145 4278 τὸ
3177 4225 3507 4296 δεξιώτερον
3541 4227 3791 4300 ὑπάρχει

508 4323 1000 4398 (Samaritanorum
1051 4334 1115 4375 ea
1154 4317 1368 4373 traditio
1436 4315 1540 4388 est)
1583 4317 1723 4372 Deus
1781 4315 2093 4373 Ahralianto

2197 4320 2256 4372 τὸ
2281 4319 2403 4389 ὅρος
2429 4321 2488 4373 ὲν
2543 4311 2589 4388 ᾧ
2618 4321 2668 4372 οί
2705 4319 2986 4391 Σαμαρεῖς
3036 4319 3258 4388 λέγουσι
3317 4320 3662 4392 χρηματίσαι
3708 4322 3790 4392 τῷ

499 4432 826 4489 responsum
862 4414 1028 4479 dedit,
1059 4422 1114 4468 et
1139 4413 1387 4467 lsaacum
1421 4412 1474 4466 in
1510 4409 1842 4466 sacriﬁcium
1905 4412 2092 4480 petiit;

503 4524 556 4568 et
604 4507 936 4580 patriarcha,
992 4517 1048 4560 ut
1078 4505 1238 4560 iitlein
1286 4503 1624 4570 existimant,
1649 4503 1777 4560 licet
1826 4504 1924 4574 ipsi
1961 4505 2094 4575 quid

2197 4409 2455 4484 Ἀϐραὰμ
2513 4415 2603 4467 τὸν
2659 4413 2814 4479 Θεὸν,
2881 4414 2978 4469 καὶ.
3032 4412 3131 4484 τὴν
3172 4414 3364 4468 ουσίαν
3409 4416 3647 4486 ζητῆσαι
3687 4417 3787 4470 τοῦ

2196 4506 2406 4572 Ἰσαὰκ,
2452 4507 2546 4560 καὶ
2594 4511 2652 4560 ὲν
2701 4505 2852 4577 αὑτῷ
2899 4506 3107 4577 ταύτην
3136 4508 3378 4574 τελέσαι,
3420 4511 3546 4564 ὅσον
3575 4511 3788 4565 τὸκατ’

504 4607 689 4662 dicant
753 4602 1021 4664 nesciant,
1073 4600 1128 4654 in
1177 4614 1241 4655 eo
1273 4599 1503 4655 hostiam
1551 4599 1881 4665 immolavit;
1934 4613 2091 4654 mons

2197 4603 2418 4666 αὐτοὺς,
2450 4603 2542 4654 τὸν
2575 4602 2956 4673 Πατριάρχην,
2991 4599 3096 4654 κᾶν
3120 4602 3220 4654 οὑκ
3254 4600 3433 4655 οἴδασι
3462 4603 3514 4656 τί
3536 4603 3784 4673 λέγουσι.

504 4697 705 4755 etenim
765 4696 855 4750 ille
880 4695 1114 4759 divinus,
1172 4692 1449 4761 Golgotha:
1470 4689 1862 4748 Lithostrotum
1898 4703 2003 4759 est,
2039 4693 2092 4747 in

505 4809 612 4864 quo
645 4791 940 4846 salutarem
1005 4787 1306 4856 passionem
1338 4786 1587 4839 Salvator
1626 4785 1812 4839 mundi
1853 4786 2090 4853 pertulit.

504 4889 585 4943 Ad
611 4886 773 4957 pedes
811 4882 1007 4937 montis
1052 4881 1388 4952 conspicitur
1430 4894 1577 4949 ager,
1620 4895 1647 4932 a
1687 4877 1909 4944 Jacobo,
1941 4876 2094 4933 Jose-

508 4981 613 5048 pho
665 4977 772 5031 lilio
820 4974 1096 5030 exbibitus
1128 4989 1142 5026 :
1178 4971 1233 5026 in
1289 4985 1420 5041 agro
1482 4969 1686 5035 Jacobi,
1743 4980 1936 5040 puteus
2004 4969 2091 5022 ubi

510 5070 764 5127 Dominus
805 5069 990 5128 labore
1016 5064 1317 5121 delassatus
1367 5063 1590 5134 quievit,
1621 5072 1674 5116 et.
1714 5060 2091 5128 Samaritante,

506 5179 626 5234 qua:
648 5177 861 5219 sacrum
927 5159 1273 5230 prosequitur
1301 5155 1672 5226 Evangelium,
1733 5159 1972 5210 elocutus
1991 5165 2094 5210 est.

514 5260 586 5311 De
620 5256 719 5310 hoc
746 5252 931 5309 eodem
961 5261 1142 5307 monte
1178 5250 1369 5305 mulier
1410 5249 1637 5304 Domino
1689 5246 1898 5302 dixerat
1933 5263 1948 5302 :
1983 5245 2093 5300 Pa-

512 5361 614 5403 tres
644 5349 808 5402 nostri
838 5348 890 5400 in
911 5356 1082 5400 mante
1114 5347 1211 5399 hoc
1237 5346 1591 5399 adoraveruut
1628 5344 1669 5397 ‘.
1714 5342 1779 5396 Et
1810 5341 2095 5408 Dominus,

510 5459 741 5515 quanam
770 5443 978 5497 ratione
1009 5443 1075 5496 iis
1108 5441 1198 5511 qui
1225 5442 1275 5494 in
1301 5427 1490 5510 spiritu
1519 5447 1571 5492 et
1600 5437 1824 5492 veritate
1849 5436 2096 5502 adorant,

512 5541 652 5593 Deus
698 5534 1070 5607 praecolendus
1110 5535 1202 5617 sit,
1269 5532 1537 5604 colloquio
1603 5531 1694 5589 illo
1748 5546 1940 5587 omnes
1971 5531 2102 5585 edo-

511 5648 647 5686 ιιυις.

589 5889 610 5928 ⁸
637 5888 797 5948 Joau.
834 5907 908 5958 tv,
948 5887 1040 5946 ‘20.

2201 4694 2275 4746 Τὸ
2305 4694 2414 4764 γὰρ
2445 4692 2573 4764 ὅρος
2613 4696 2791 4746 ἐκεῖνο
2837 4693 2899 4745 τὺ
2945 4692 3090 4745 θεῖόν
3125 4695 3242 4746 ἐστι
3289 4692 3657 4764 λιθόστρωτον
3686 4698 3786 4750 τοῦ

2202 4785 2465 4855 Γολγοθά,
2499 4789 2557 4840 ἐν
2585 4782 2628 4857 ᾧ
2650 4788 2710 4854 τὸ
2746 4786 3014 4856 σωτήριον
3044 4786 3216 4850 πάθος
3245 4788 3273 4840 ὁ
3300 4787 3390 4840 τοῡ
3425 4790 3635 4859 κόσμου
3667 4791 3788 4843 Σω-

2199 4879 2304 4950 τὴρ
2341 4879 2656 4950 ὑπέμεινεν.
2705 4880 2795 4932 'Ev
2830 4879 2887 4932 δὲ
2937 4882 3054 4944 τοῖς
3098 4881 3195 4932 τοῦ
3244 4881 3437 4951 βουνοῦ
3489 4883 3790 4954 προπὸδοις

2200 4976 2319 5026 ἐστὶ
2369 4980 2429 5026 τὸ
2470 4974 2691 5045 χωρίον,
2727 4974 2754 5028 ὃ
2789 4974 3022 5027 δέδωκεν
3061 4973 3256 5027 Ἰακὼὸ
3314 4976 3518 5046 Ἰωσήφ
3561 4978 3644 5046 τῷ
3682 4980 3790 5050 υἱῷ

2201 5067 2390 5132 αὑτοῦ,
2444 5068 2501 5119 ἐν
2629 5071 2745 5122 ὲστι
2776 5070 2870 5122 καὶ
2916 5068 2974 5120 τὸ
3009 5069 3107 5122 τοῦ
3141 5068 3306 5124 αὑτοῦ
3351 5069 3550 5124 Ἰακὼὸ
3582 5074 3789 5143 φρέαρ,

2203 5161 2331 5216 ἔνθα
2355 5165 2381 5216 ὁ
2410 5162 2612 5234 Κύριος
2645 5165 2996 5226 κεκοπιακὼς
3027 5164 3274 5230 ἐκάθισε,
3309 5165 3405 5218 καὶ
3433 5167 3500 5237 τῇ
3537 5166 3794 5239 Σαμαρί-

2201 5256 2303 5307 τιδι
2336 5253 2605 5325 διελέχθη,
2645 5255 2680 5309 ἃ
2726 5256 2784 5308 τὸ
2853 5257 2997 5326 ἱερὸν
3027 5256 3225 5322 ἔξεισιν
3251 5257 3608 5324 Εὑαγγέλιον.
3652 5260 3795 5331 Περὶ

2201 5348 2293 5401 τοῦ
2347 5349 2590 5401 τοιούτου
2638 5348 2832 5419 βουνοῦ
2867 5351 3134 5421 έφησενή
3189 5351 3326 5423 γυνὴ
3363 5355 3503 5425 πρὸς
3539 5354 3631 5407 τὸν
3673 5355 3783 5407 Κύο

2204 5459 2318 5514 ριον
2346 5459 2358 5472 ο
2394 5446 2457 5495 Ol
2493 5441 2744 5511 πατέρες
2778 5442 2948 5511 ἡμῶν
2972 5445 3042 5497 ἐν
3076 5444 3154 5510 τῷ
3184 5445 3304 5513 ὄρει
3329 5446 3522 5512 τούτῳ
3562 5462 3794 5516 προσε-

2199 5539 2498 5605 κύνησαν.
2530 5539 2639 5590 Καὶ
2665 5541 2694 5589 ὁ
2724 5536 2927 5606 Κύριος
2957 5539 3071 5602 πῶς
3095 5539 3174 5592 δεῖ
3211 5540 3540 5609 προσκυνεῖν
3574 5542 3704 5605 τοὺς
3736 5545 3796 5596 ἑν

2201 5631 2475 5702 πνεύματι
2508 5633 2603 5683 καί
2627 5630 2861 5702 ἀληθεία
2892 5631 3365 5702 προσκυνοῦντας,
3403 5632 3494 5688 διὰ
3515 5633 3617 5705 τῆς
3653 5636 3798 5708 πρδς

2200 5725 2416 5796 ἐκείνην
2440 5725 2659 5796 ὁμιλίας
2685 5726 2850 5779 πᾶσιν
2885 5724 3143 5790 ἐδίδαξεν.
