4004 6206
1269 405 1724 473 DESCRIPTIO
1763 404 2045 467 TERRIE
2085 401 2418 463 sariam.
3291 374 3294 378 ’
3382 397 3491 464 sta

1994 515 2083 573 Μ.
2114 517 2158 570 Δ
2191 513 2436 569 Samaria
2476 512 2543 567 ad
2596 525 2806 567 sacram
2840 509 3132 581 civitatem
3175 509 3348 563 stadia
3390 527 3494 563 nn.

313 531 398 585 ιδ’.
455 531 592 584 Ἀπὸ
642 529 739 598 τῆς
786 525 1100 598 Σαμαρείας
1129 524 1232 588 ἕως
1279 525 1378 596 τῆς
1406 522 1570 591 ἁγίας
1609 517 1818 581 πόλεώς
1849 528 1889 582 Α

235 626 347 679 εἰσι
384 623 574 676 στάδια
605 621 939 691 ὀγδοήκοντα
993 619 1256 689 τέσσαρα,
1290 611 1366 673 ὧν
1396 616 1426 686 ἡ
1456 613 1629 678 διόδος
1662 615 1815 667 πᾶσα

1946 617 2194 663 iterantur
2242 619 2477 678 quatuor
2504 615 2557 662 et
2582 606 2877 676 octoginta.
2924 603 3018 659 Via
3062 614 3145 659 est
3205 603 3382 659 omnis
3415 603 3493 657 la-

235 713 626 785 λιθόστρωτος,
659 713 753 765 καὶ
791 711 966 766 ταῦτα
1010 711 1323 782 κατάξηρος
1377 705 1513 763 οὖσα
1574 709 1609 777 ἡ
1661 708 1816 760 πᾶσα

1946 701 2136 757 tidibus
2164 711 2354 766 strata,
2390 709 2461 764 et,
2515 700 2639 754 licet
2665 709 2777 754 tota
2818 713 2880 754 ea
2913 697 3060 768 regio
3097 696 3340 753 siccitate
3370 711 3494 751 are-

236 806 472 877 τοιαύτη
509 806 685 877 χώρα,
733 801 833 861 κάλ
880 806 1144 877 αὐχμηρὰ
1174 806 1291 858 ἐστι
1324 806 1418 859 καὶ
1467 799 1817 868 κατάμπελος

1949 790 2035 848 cat
2081 800 2135 848 et
2188 791 2456 862 squaleat,
2490 791 2686 862 ubique
2726 801 2906 847 tamen
2956 791 3159 846 viribus
3207 802 3263 844 et
3288 789 3496 845 arbori-

236 897 336 949 καὶ
365 895 716 964 ὑπόδενδρος,
765 895 799 964 ἡ
841 893 899 948 δὲ
931 894 1064 962 ἁγία
1094 892 1247 956 πόλις
1280 895 1458 946 κεῖται
1499 891 1664 962 μέσον
1703 891 1820 941 δια-

235 982 425 1053 φόρων
455 982 780 1054 φαράγγων,
817 984 911 1037 καὶ
945 981 1174 1052 βουνῶν,
1212 983 1307 1036 καὶ
1342 979 1462 1034 ἐστὶ
1489 977 1549 1033 τό
1582 980 1640 1032 ιν
1678 978 1818 1046 αὐτῇ

237 1072 622 1142 θεωρούμενον
667 1071 1144 1143 θαυμαστόννἚν
1180 1069 1356 1142 ταύτῃ
1392 1068 1500 1141 γὰρ
1546 1068 1820 1139 ὑπερανε-

238 1168 477 1236 πηκυῖα
526 1167 720 1236 δρᾶται
766 1167 800 1237 ἠ
842 1166 998 1229 πόλις
1049 1165 1143 1219 καὶ
1213 1163 1491 1237 χθαμαλὴ,
1535 1161 1672 1232 πρὸς
1710 1161 1820 1231 γὰρ

238 1259 343 1330 τὴν
375 1259 479 1329 τῆς
515 1257 780 1322 ἰουδαίας
807 1258 996 1330 χώραν
1042 1257 1195 1312 ἐστὶν
1231 1255 1634 1330 ὑπερκειμένη,
1682 1251 1822 1325 πρὸς

236 1350 297 1403 δὲ
328 1351 400 1405 τά
443 1349 686 1421 ὶχόμενα
714 1351 918 1422 ταύτης
959 1348 1205 1421 γηόλοφα
1237 1346 1659 1421 χθαμαλίζεται.
1726 1346 1822 1409 Εἰς

237 1445 355 1514 γὰρ
387 1443 486 1497 δύο
518 1443 658 1514 μέρη
701 1445 728 1496 6
768 1444 912 1506 θεῖος
954 1436 1111 1507 οὗτος
1153 1442 1450 1513 διαιρεῖται
1488 1440 1688 1512 χῶρος,
1724 1438 1824 1492 καὶ

238 1536 383 1607 πρὸς
420 1534 521 1606 μὲν
550 1535 612 1589 τὸ
640 1536 735 1589 τοῦ
771 1535 948 1601 δεξιοῦ
981 1535 1171 1607 βουνοῦ
1195 1534 1624 1606 χθαμαλώτερον
1657 1533 1824 1604 μέρος

1917 883 2020 938 bus
2066 884 2431 951 constipatur.
2473 882 2675 939 Sancta
2727 883 2918 940 civitas
2975 883 3141 956 variis
3188 881 3415 937 vallibus
3443 892 3498 937 et

1920 975 2198 1030 montibus
2251 974 2686 1043 circumsepitur,
2750 990 2850 1031 nec
2904 973 3264 1029 admiratione
3312 982 3495 1038 caret,

1918 1064 2145 1136 quodin
2206 1079 2269 1120 ea
2320 1066 2628 1136 spectatur;
2672 1066 2861 1122 eodem
2896 1065 3040 1121 enim
3091 1067 3496 1135 temporismo-

1921 1168 2124 1223 mento,
2185 1167 2241 1213 et
2315 1155 2724 1228 Superemineus
2789 1168 2845 1212 et
2896 1161 3149 1229 depressa
3215 1167 3492 1228 apparet:

1921 1265 2157 1320 namque
2204 1249 2248 1305 si
2298 1249 2496 1306 Judarze
2532 1265 2682 1308 oram
2732 1251 3048 1321 inspexeris.
3091 1250 3496 1320 supereminet;

1923 1343 1968 1397 si
2009 1343 2176 1398 colles
2239 1342 2312 1396 illi
2389 1343 2751 1410 adhaerentes,
2840 1344 3235 1413 complanatur.
3281 1342 3501 1399 Divinos

1923 1436 2118 1506 quippe
2165 1436 2314 1512 locus
2337 1436 2388 1491 in
2439 1449 2620 1507 partes
2648 1438 2780 1492 duas
2805 1437 3084 1502 dividitur,
3127 1448 3178 1492 et
3201 1437 3266 1490 ad
3303 1439 3502 1491 montis

1923 1527 2130 1583 dexteri
2163 1537 2371 1598 partem
2403 1527 2751 1582 decliviorem
2776 1539 2960 1583 sancta
2990 1527 3181 1582 civitas
3209 1527 3501 1586 fundatur;

238 1630 274 1697 ἡ
316 1626 451 1697 ἁγία
497 1626 650 1692 πόλις
682 1627 988 1698 ἐφίδρυται,
1023 1624 1091 1700 ἧς
1127 1629 1156 1680 6
1194 1626 1479 1699 περίϐολος
1511 1627 1674 1697 μέχρι
1725 1628 1825 1697 τῆς

1946 1620 2077 1687 :ujus
2133 1619 2368 1675 ambitus
2423 1619 2491 1675 ad
2534 1621 2722 1674 vallem
2755 1635 2923 1690 usque
2961 1617 3316 1685 diffunditur;
3382 1632 3506 1686 pars

241 1718 536 1790 φάραγγος
559 1721 832 1792 καταντᾷ,
858 1722 918 1773 τὸ
956 1721 1001 1774 δ’
1032 1719 1271 1792 ὕπερθεν
1299 1719 1508 1790 ταύτης
1538 1720 1688 1774 ἐστὶν
1704 1719 1825 1773 ὅλον

1949 1711 2072 1768 llius
2125 1714 2372 1781 superior
2411 1722 2522 1768 tota
2563 1713 2761 1768 vitibus
2803 1717 3008 1770 consita
3037 1725 3142 1779 est,
3173 1716 3259 1768 ubi
3284 1726 3506 1769 sanctus

242 1814 604 1885 ὑπάμπελον,
638 1815 696 1868 ὲν
727 1807 770 1882 ᾧ
801 1814 894 1867 καὶ
932 1814 959 1867 6
990 1814 1255 1885 λιθασμὺς
1288 1813 1385 1867 τοῦ
1422 1812 1825 1883 πρωτομάρτυ-

1946 1813 2294 1876 >rotomartyr
2339 1805 2646 1875 Stephanus
2704 1806 2965 1877 lapidibus
3026 1807 3269 1875 obrutus,
3318 1807 3506 1862 laevam

247 1925 347 1979 ρος
373 1909 533 1978 ἁγίου
563 1909 836 1977 Στεφάνου
863 1910 1098 1977 ἐγένετο.
1125 1909 1198 1963 Τὸ
1219 1908 1276 1962 δὲ
1304 1906 1496 1962 τούτου
1517 1905 1819 1976 εὐώνυμον,

1951 1897 2069 1952 llius
2099 1909 2308 1967 partem
2343 1910 2489 1954 trans
2518 1899 2710 1954 vallem
2747 1912 2900 1954 mons
2944 1897 3217 1955 Olivarum
3242 1911 3507 1970 occupat;

241 2005 349 2059 καὶ
378 2004 478 2074 τῆς
536 2003 824 2075 φάραγγος
857 2002 1099 2074 πέραθεν
1131 2004 1192 2057 τὸ
1235 2002 1329 2056 τοῦ
1361 2002 1655 2066 Ἐλαιῶνος
1695 2002 1826 2074 δρος

242 2100 512 2171 ὑπάρχει,
556 2100 693 2155 »ἔνθα
731 2103 759 2154 6
793 2099 996 2169 Κύριος
1037 2097 1299 2163 πολλάκις
1342 2097 1824 2169 ἑμφιλοχωρήσας,

239 2181 341 2236 τὸν
373 2182 496 2236 ὅλον
521 2185 729 2237 ἐκεῖνον
759 2184 1064 2256 καθηγίασε
1114 2185 1278 2237 τόπον
1316 2186 1383 2255 τῇ
1421 2184 1725 2254 προσευχῇ,
1759 2182 1824 2251 τῇ

239 2275 596 2347 διδασκαλίᾳ,
632 2275 730 2328 καὶ
777 2277 929 2340 τέλος
977 2279 1042 2348 τῇ
1093 2276 1214 2347 θείᾳ
1272 2276 1409 2346 πρὸς
1458 2281 1550 2329 τὸν
1607 2273 1828 2344 Πατέρα

242 2366 519 2437 ἀναλήψει
580 2367 764 2423 αὐτοῦ.
810 2369 874 2422 Ἠ
909 2368 966 2421 δὲ
1015 2367 1150 2437 ἁγία
1207 2367 1346 2423 Σιὼν
1389 2366 1699 2440 ἔμπροσθεν
1727 2365 1829 2435 τῆς

240 2459 412 2524 ἁγίας
472 2461 677 2525 πόλεώς
721 2463 880 2526 ἐστι,
931 2464 1163 2534 κειμένη
1198 2463 1329 2534 περὶ
1379 2463 1448 2515 τὰ
1480 2460 1634 2528 δεξιά
1687 2460 1829 2530 μέρη

242 2551 448 2621 αὐτῆς.
479 2548 758 2620 Ἐχειιοῦν
792 2553 824 2622 ἡ
854 2551 1061 2622 ταύτης
1095 2553 1414 2624 περιγραφὴ
1443 2551 1636 2615 οὕτως.
1670 2551 1831 2603 Ἔστι

243 2644 596 2709 κειστέλλιον,
645 2645 702 2698 ὲν
748 2640 792 2714 ᾧ
832 2645 1076 2715 ὑπάρχει
1114 2648 1146 2717 ή
1189 2644 1323 2714 ἁγία
1367 2644 1527 2709 Σιὼν,
1577 2646 1610 2715 ἡ
1649 2644 1833 2716 μήτηρ

243 2741 358 2793 τῶν
383 2738 748 2806 Ἐκκλησιῶν’
769 2739 798 2792 6
825 2739 880 2792 δὲ
911 2737 1152 2802 τοιοῦτος
1184 2738 1310 2799 ναός
1347 2741 1464 2790 ἐστι
1496 2737 1822 2807 πάμμεγας,

245 2829 616 2899 κυλινδρωτὺν
659 2826 799 2898 ἔχων
832 2827 929 2898 τὴν
965 2828 1190 2899 ὀροφήν.
1237 2819 1312 2881 Ob
1356 2827 1689 2891 εἰσελθόντος
1735 2826 1835 2891 τὰς

229 2923 465 2995 ,ὡραίας
495 2921 687 2985 πύλας,
718 2924 832 2974 ἐστι
871 2923 1013 2975 κατὰ
1047 2921 1106 2974 τὸ
1127 2920 1441 2991 εύνώνυμον
1478 2921 1645 2992 μέρος
1686 2923 1833 2976 οἰκία

249 3015 349 3069 τοῦ
388 3013 545 3084 ἁγίου
580 3011 827 3068 Ἰωάννου
861 3013 954 3066 τοῦ
990 3011 1276 3082 Θεολόγου,
1310 3014 1366 3066 ἐν
1474 3016 1506 3081 ἡ
1557 3015 1834 3084 ὺπεραγία

249 3110 525 3171 Θεοτόκος
555 3108 694 3180 μετὰ
718 3109 817 3178 τὴν
848 3107 1148 3162 ἀνάστασιν
1178 3108 1482 3179 κατέμενεν
1512 3124 1527 3140 ο
1561 3109 1688 3160 ἔνθα
1736 3110 1832 3161 καὶ

249 3196 555 3270 ἐκοιμήθη.
590 3199 699 3251 Καὶ
722 3199 867 3250 ἔστιν
896 3198 951 3250 ὲν
978 3196 1055 3268 τῷ
1086 3197 1239 3269 τόπῳ
1268 3197 1461 3269 ἐκείνῳ
1504 3196 1711 3251 κελλίον
1745 3197 1836 3251 διὰ

1935 2005 2094 2061 quem
2160 1990 2421 2047 Dominus
2485 1991 2798 2062 frequenter
2826 1991 3087 2058 invisens,
3139 2002 3194 2048 et
3227 1991 3281 2048 itt
3321 2007 3385 2048 eo
3409 1992 3512 2047 im-

1935 2098 2180 2150 morans,
2247 2084 2559 2139 universum
2613 2085 2901 2142 sanctitate
2962 2085 3216 2156 replevit,~
3243 2085 3508 2152 oratione,

1937 2175 2342 2246 pradicatione,
2371 2188 2423 2232 et
2451 2179 2666 2232 demum
2694 2188 3040 2234 sacrosancta
3081 2193 3176 2233 sua
3201 2180 3268 2233 ad
3298 2177 3511 2235 Patrem

1937 2271 2277 2325 ascensione.
2336 2270 2532 2326 Sancta
2561 2286 2689 2329 vero
2721 2271 2850 2328 Sion
2887 2281 3013 2328 ante
3049 2281 3293 2327 sanctam
3321 2271 3514 2330 urbem

1937 2362 2121 2418 sedem
2157 2363 2260 2418 sibi
2301 2365 2484 2430 habet,
2507 2364 2571 2420 ad
2600 2375 2809 2435 partem
2833 2361 2974 2421 illius
3007 2365 3282 2420 dexteram
3300 2365 3512 2435 jacens.

1939 2458 2106 2529 Cujus
2127 2460 2420 2530 descriptio
2440 2463 2553 2518 haec
2608 2461 2814 2518 fuerit:
2846 2461 3138 2518 Castellum
3186 2471 3288 2531 est,
3323 2465 3376 2519 in
3408 2479 3517 2534 quo

1939 2562 2126 2609 sancta
2172 2554 2324 2621 Sion,
2357 2553 2718 2611 Ecclesiarum
2769 2566 2961 2624 mater,
2998 2557 3324 2626 collocatur;
3379 2572 3518 2628 prato

1938 2647 2127 2718 grandi
2169 2649 2537 2720 magnitudine
2561 2649 2788 2706 ecclesia
2838 2651 3129 2721 conspicua
3169 2661 3514 2718 est;tectum
3547 2685 3550 2688 ~

1941 2739 1993 2793 iu
2031 2739 2414 2809 proceritatem
2470 2741 2752 2812 aequaliter
2815 2743 3168 2797 orbiculatam
3213 2740 3516 2813 eﬂlngltur;

1943 2833 2098 2903 cujus
2151 2834 2425 2904 speciosas
2469 2847 2651 2904 portas
2681 2837 2924 2904 ingresso
2951 2825 3068 2901 tibi,
3107 2835 3174 2892 ad
3195 2845 3404 2907 partem
3428 2835 3521 2889 he-

1941 2941 2066 2982 vam
2123 2926 2375 2997 objicltur
2419 2929 2594 2983 sancti
2641 2927 2867 2985 Joannis
2918 2927 3174 3000 'l‘heologi
3218 2930 3430 2995 domus,
3466 2927 3522 2986 in

1943 3034 2050 3090 qua
2079 3018 2419 3075 sanctissima
2448 3018 2674 3091 Deipara
2713 3028 2834 3090 post
2887 3021 3341 3077 resurrectionem
3374 3036 3523 3077 conv

1946 3112 2280 3176 morabatur.
2312 3112 2400 3167 ubi
2431 3123 2485 3168 et
2515 3123 2744 3168 mortem
2778 3113 2943 3181 obiit;
3001 3113 3300 3188 visiturque
3323 3111 3520 3170 ibidem

1943 3205 2136 3262 cellula
2188 3205 2384 3261 ferreis
2420 3206 2671 3262 cancellis
2701 3206 3154 3272 circummunita,
3190 3216 3242 3261 et
3271 3205 3324 3262 in
3378 3206 3519 3283 loco.

253 3293 530 3365 σιδηρέων
569 3290 861 3360 κιγκλίδων
908 3289 1462 3361 περιθριγγούμενον,
1513 3293 1605 3344 καὶ
1668 3293 1724 3344 ὲν
1756 3288 1834 3360 τῷ

1946 3301 2033 3355 ubi
2100 3299 2495 3355 sanctissimam
2555 3301 2786 3355 animam
2823 3300 2931 3356 Deo
2991 3297 3234 3373 Filioque
3263 3271 3520 3370 reddidit,

251 3387 435 3456 τόπῳ,
470 3385 529 3438 ὲν
555 3376 600 3454 ᾧ
625 3381 723 3454 τὴν
753 3384 1026 3452 παναγίαν
1055 3381 1226 3452 αὐτῆς
1251 3382 1428 3452 ψυχὴν
1460 3383 1730 3453 παρέθετο
1763 3383 1840 3454 τῷ

257 3479 378 3550 Υιῷ
403 3479 501 3532 καὶ
528 3477 670 3550 Θεῷ,
706 3476 956 3547 όμφάλια
1002 3474 1116 3532 δύο.
1166 3477 1328 3548 Δεξιᾷ
1358 3477 1413 3530 δὲ
1452 3477 1546 3528 τοῦ
1590 3476 1840 3532 τοιούτου

259 3572 400 3628 ναοῦ
427 3575 546 3626 ὲστι
583 3571 720 3641 πρὸς
757 3571 816 3624 τὸ
847 3568 1172 3641 δεξιώτερον
1207 3572 1375 3643 μέρος
1410 3571 1502 3624 τοῦ
1545 3571 1843 3645 θυσιαστη-

265 3666 393 3736 ρίου
435 3665 497 3716 τὸ
548 3663 822 3734 ὑπερῷον,
874 3663 1014 3733 ἔχων
1054 3662 1155 3735 τὴν
1205 3662 1394 3717 ἄνοδον
1427 3663 1514 3718 διά
1563 3666 1845 3738 βαθμίδων

265 3756 374 3825 ξεί.
445 3756 717 3829 ’Υπάρχει
765 3752 859 3810 οῦν
898 3758 925 3810 6
958 3758 1198 3822 τοιοῦτος
1244 3759 1372 3823 ναὸς
1416 3761 1846 3832 τετρακάμαρος

264 3850 633 3926 τρουλλωτός.
659 3848 748 3902 Ἐν
781 3850 836 3903 δὲ
869 3851 944 3923 τῷ
979 3851 1249 3923 εὐωνύμῳ
1276 3853 1432 3922 μέρει
1457 3853 1550 3907 τοῦ
1593 3855 1846 3928 ὑπερῴου

264 3950 464 4021 ὁρᾶται
497 3949 524 4000 ό
555 3945 742 4010 τόπος,
775 3944 905 3999 ἔνθα
936 3944 1163 4014 γέγονεν
1193 3946 1220 3998 6
1259 3946 1578 4010 δεσποτικὸς
1610 3947 1846 4013 δεῖπνος.

269 4042 386 4096 Καὶ
411 4042 469 4094 ὲν
497 4039 574 4108 τῷ
605 4040 778 4112 μύακι
809 4037 903 4092 τοῦ
939 4039 1186 4109 βήματος
1228 4040 1262 4109 ἡ
1291 4039 1430 4109 πρὸς
1466 4039 1590 4104 τοὺς
1619 4042 1850 4095 amna-

271 4138 402 4199 λους
429 4132 652 4205 κάθοδος
686 4131 781 4185 τοῦ
805 4131 965 4200 ἁγίου
995 4129 1336 4201 Πνεύματος.
1382 4130 1769 4185 Ὑποκάτωθεν
1793 4129 1849 4184 δὲ

271 4229 370 4283 τοῦ
411 4227 657 4281 τοιούτου
712 4226 838 4278 ναοῦ
871 4227 1100 4294 γέγονεν
1145 4226 1172 4278 6
1202 4224 1438 4297 νιπτήρ·
1483 4228 1577 4281 καὶ
1611 4227 1847 4297 ἀκτικρὶ)

269 4326 474 4380 τούτου
501 4321 620 4376 ἐστὶ
660 4321 806 4387 ναὸς,
838 4319 967 4375 ἔνθα
992 4319 1053 4372 τὸ
1089 4319 1302 4390 οἴκημα
1328 4316 1415 4390 ἦν,
1448 4321 1506 4373 ὲν
1539 4313 1582 4389 ᾧ
1614 4321 1723 4376 τῶν
1755 4320 1850 4374 θυ-

276 4421 392 4493 ρῶν
449 4417 856 4487 κεκλεισμένων
896 4416 922 4465 ό
952 4413 1190 4486 Χριστὸς
1237 4412 1490 4484 είσῆλθεν
1537 4414 1677 4485 πρὸς
1726 4413 1854 4478 τοὺς

274 4511 638 4575 αποστόλους.
679 4509 851 4564 Ἔνθα
887 4511 1026 4581 μετὰ
1078 4507 1141 4561 τὸ
1183 4507 1507 4580 λιθασθῆναι
1552 4509 1579 4561 6
1637 4524 1854 4579 πρωτο-

1945 3394 2208 3449 nmbones
2236 3393 2367 3447 bini.
2395 3393 2619 3449 Dextera
2654 3394 2854 3462 templi,
2890 3396 2954 3451 ad
3001 3393 3361 3451 dexteriorem
3385 3409 3522 3465 par-

1949 3493 2053 3538 teut
2111 3484 2321 3549 altaris,
2367 3488 2726 3549 Ct‘enacufum,
2784 3486 2834 3540 in
2889 3486 3030 3556 quod
3055 3485 3309 3554 gradibus
3343 3500 3448 3541 uno
3472 3495 3526 3544 et

1947 3578 2225 3648 sexaginta
2277 3579 2609 3633 ascenditur.
2671 3577 2949 3649 Templum
3004 3588 3238 3650 quatuor
3290 3579 3524 3636 fornices

1946 3684 2002 3727 et
2047 3671 2260 3726 trullam
2298 3671 2478 3726 habet.
2531 3669 2820 3726 lnsinistra
2844 3680 2998 3741 parte
3036 3671 3321 3739 cmnaculi,
3353 3673 3523 3743 locus,

1950 3765 2002 3821 in
2033 3781 2140 3836 quo
2169 3766 2303 3820 facta
2338 3775 2421 3820 est
2445 3764 2723 3820 Dominica
2750 3777 2937 3830 cmna;
2969 3765 3020 3820 in
3041 3764 3276 3822 Bematis
3300 3766 3523 3840 mytulo,

1948 3863 2126 3920 Sancti
2170 3861 2404 3932 Spiritus
2436 3863 2491 3916 in
2539 3859 2823 3931 Apostolus
2874 3862 3188 3920 descensus.
3235 3861 3293 3918 in
3341 3865 3524 3935 templi

1951 3956 2206 4012 inferiore
2269 3963 2419 4024 parte
2453 3954 2697 4010 ChriStus
2735 3955 2894 4026 pedes
2951 3955 3314 4026 apostolorum
3356 3957 3523 4028 lavit,

1952 4056 2101 4124 cujus
2137 4055 2252 4109 loco
2290 4054 2517 4112 adverso
2553 4053 2804 4123 templum
2845 4054 3098 4125 erigitur;
3143 4055 3195 4109 in
3224 4069 3288 4111 eo
3312 4056 3524 4124 domus,

1952 4148 2006 4202 in
2042 4163 2203 4218 quam
2237 4148 2483 4202 Christus
2513 4146 2689 4218 januis
2718 4147 2914 4203 clausis
2941 4148 3008 4204 ad
3038 4151 3309 4218 apostolos
3337 4150 3528 4204 introi~

1957 4246 2071 4313 vit;
2109 4244 2196 4299 ubi
2256 4255 2376 4316 post
2406 4243 2788 4316 lapidationem
2823 4251 3185 4315 protomartyr
3219 4244 3527 4316 Stephanus

1957 4338 2195 4410 sepultus
2223 4349 2328 4404 est,
2358 4347 2466 4391 tum
2501 4337 2605 4391 alio
2634 4353 2662 4388 a
2688 4335 2981 4394 Gatnaliele
3039 4347 3280 4393 avectus.
3309 4337 3528 4393 Davidis

1958 4437 2121 4494 turris
2148 4436 2201 4490 in
2236 4433 2641 4506 septentrionali
2672 4433 2816 4488 urbis
2840 4444 2989 4503 parte
3028 4434 3130 4489 sita
3161 4445 3264 4501 est,
3306 4434 3526 4489 imrnaui

1957 4531 2333 4600 magnitudine
2391 4527 2738 4599 superbiens;
2793 4539 2846 4583 et
2878 4529 3001 4584 licet
3036 4529 3102 4583 ab
3128 4527 3529 4600 llicrosolomy-

279 4609 505 4678 μάρτυρ
551 4604 822 4674 Στέφανος
858 4603 1151 4666 τέθαπται,
1197 4603 1290 4656 καὶ
1328 4601 1480 4672 παρὰ
1513 4600 1609 4655 τοῦ
1660 4602 1843 4672 Γαμα-

1962 4626 2103 4682 tanis
2129 4623 2330 4679 accolis
2359 4633 2639 4678 asseratur
2677 4637 2797 4678 esse
2831 4621 3063 4687 Davidis,
3095 4638 3121 4675 a
3166 4636 3252 4678 me
3293 4637 3398 4676 non
3433 4621 3530 4674 im-

276 4699 407 4772 λιηλ
442 4696 709 4771 μετετέθη
745 4700 825 4762 εἰς
860 4696 1048 4769 ἕτερον
1099 4696 1286 4750 τόπον.
1347 4695 1408 4749 'U
1460 4695 1517 4748 δὲ
1556 4695 1856 4766 λεγόμενος

274 4795 376 4847 τοῦ
409 4791 577 4845 Δαὸὶδ
596 4791 804 4863 πύργος
833 4791 1011 4842 κεῖται
1037 4789 1165 4858 περὶ
1192 4788 1252 4842 τὸ
1275 4786 1525 4860 ἁρκτῷον
1557 4789 1725 4858 μέρος
1759 4789 1857 4858 τῆς

277 4888 519 4951 πόλεως,
553 4885 648 4938 καὶ
680 4885 826 4936 ἔστιν
868 4886 896 4936 6
939 4882 1148 4952 πύργος
1182 4881 1734 4954 παμμεγεθέστατος,
1763 4884 1856 4934 καὶ

279 4981 386 5034 κᾶν
433 4978 531 5031 τοῦ
579 4976 742 5029 Δαϐἰδ
791 4975 942 5045 παρὰ
992 4975 1212 5029 πάντων
1249 4975 1356 5027 τῶν
1387 4977 1446 5026 ὲν
1498 4972 1859 5044 Ἰερουσαλὴμ

279 5074 660 5143 ὡμολόγηται,
711 5069 828 5122 ἀλλ’
860 5070 1072 5139 ἔμοιγε,
1134 5068 1211 5131 ὡς
1259 5063 1434 5137 οἶμαι,
1485 5069 1552 5122 δι’
1603 5070 1859 5136 εὐλόγους

281 5165 687 5240 ἀμφιϐάλλεται
720 5164 920 5227 αἰτίας.
953 5164 1062 5216 Καὶ
1094 5161 1200 5234 γὰρ
1223 5162 1311 5216 διὰ
1348 5162 1535 5228 ξεστοῦ
1552 5161 1700 5216 λίθου
1737 5166 1861 5214 λευ-

283 5265 384 5319 κοῦ
416 5266 443 5316 ὁ
486 5260 745 5331 Ἰώσηπος
779 5258 869 5312 τὸν
913 5257 1157 5311 τοιοῦτον
1189 5256 1400 5328 πύργον
1449 5257 1655 5328 ἱστορεῖ
1704 5256 1863 5325 γενέ-

286 5363 436 5425 σθαι,
467 5357 558 5411 τόν
584 5374 646 5409 τε
693 5356 837 5418 ναὸν,
878 5355 972 5408 καὶ
1011 5356 1135 5418 τοὺς
1165 5355 1386 5423 ἐτέρους
1422 5355 1478 5417 ὲς
1510 5351 1737 5425 ὕστερον
1770 5351 1864 5405 δύο

287 5457 540 5526 πύργους
573 5452 720 5526 παρὰ
759 5449 853 5503 τοῦ
873 5449 1114 5519 Ἡρώδου
1145 5451 1220 5511 εἰς
1250 5448 1419 5519 ὄνομα
1444 5447 1738 5514 Φασαίλου,
1770 5445 1866 5498 καὶ

288 5551 591 5620 Μαριάμης
618 5547 958 5607 κτισθέντας.
1003 5545 1061 5597 Ὀ
1094 5544 1149 5597 δὲ
1180 5547 1242 5596 ἐκ
1271 5543 1452 5596 κοινοῦ
1484 5541 1632 5594 λίθου
1665 5542 1860 5613 ἀνεγηο

290 5648 560 5721 γερμὲνος
596 5643 810 5715 ὁρᾶται.
848 5643 957 5693 Καὶ
1003 5642 1132 5702 ἴσως
1159 5641 1186 5691 6
1217 5638 1308 5692 νῦν
1341 5636 1614 5708 ὁρώμενος
1645 5641 1738 5690 ἐπὶ
1770 5637 1864 5688 τοῦ

294 5738 634 5796 παλαιτάτου
656 5736 904 5808 θεμέλιος
924 5733 1136 5806 πύργου
1157 5730 1867 5803 άνῳκοδόμηται.Ἐχόμενα

293 5837 486 5890 τούτου
513 5832 749 5903 ὑπάρχει
776 5831 811 5901 η
846 5828 982 5899 πρὸς
1013 5827 1108 5899 τὴν
1143 5827 1297 5880 πόλιν
1327 5825 1574 5898 φέρουσα
1605 5824 1770 5895 πύλη,
1801 5826 1867 5896 ἢν

296 5928 557 5983 εἰσελθὼν
597 5924 841 5998 πορεύσῃ
888 5923 1149 5978 πλατεῖαν
1173 5921 1311 5989 ὁδὸν,
1345 5917 1412 5996 ἧς
1448 5919 1598 5991 δεξιᾷ
1640 5919 1868 5994 πλησίον

1959 4715 2240 4790 probabili,
2286 4723 2341 4768 ut
2391 4730 2533 4777 reor,
2582 4713 2793 4767 ratione
2855 4713 2906 4766 in
2958 4712 3177 4766 dubium
3249 4710 3528 4765 vertitur:

1959 4823 2191 4878 namque
2225 4807 2410 4860 tttrrim
2438 4804 2654 4860 Davidis
2677 4820 2739 4857 ex
2768 4803 2913 4859 rasili
2942 4804 3063 4857 albo
3115 4801 3288 4872 lapide
3315 4812 3528 4856 exstru-

1961 4909 2098 4955 ctam
2161 4897 2345 4962 l'uisse,
2416 4897 2669 4966 templum
2701 4906 2749 4950 et
2814 4896 2948 4950 alias
2983 4896 3116 4950 duas
3149 4903 3324 4949 turres
3348 4903 3527 4963 postea

1961 4993 2029 5048 ab
2058 4991 2263 5046 Herode
2293 4990 2344 5043 in
2402 4990 2656 5043 honorem
2691 4987 2917 5042 Phasmli
2956 4999 3009 5044 et
3064 4986 3372 5041 Mariamna:
3392 5002 3531 5041 cita--

1963 5084 2203 5139 dilicatas
2255 5081 2517 5150 Josephus
2573 5083 2715 5150 fert;
2751 5092 2823 5145 at,
2861 5097 2978 5155 qua:
3014 5083 3169 5136 tnodo
3223 5081 3432 5145 visitur,
3465 5098 3529 5134 ex

1962 5176 2235 5232 communi
2290 5176 2462 5245 lapide
2519 5186 2826 5230 constructa
2885 5184 2984 5230 est.
3048 5175 3114 5229 Et
3171 5173 3331 5239 forte,
3370 5189 3530 5243 quam

1966 5286 2107 5323 nunc
2163 5270 2457 5335 intuemur,
2525 5283 2688 5338 super
2720 5269 3098 5323 vetustissima)
3146 5269 3310 5323 turris
3346 5267 3533 5322 funda—

1967 5374 2145 5418 menta
2180 5363 2430 5433 assurgit.
2468 5361 2637 5433 Prope
2667 5364 2877 5427 turrim,
2905 5377 3021 5430 qua:
3041 5362 3106 5414 ad
3138 5365 3325 5416 urbem
3369 5361 3532 5424 ducit,

1968 5464 2138 5526 porta,
2172 5471 2331 5526 quam
2355 5457 2616 5524 ingresso,
2666 5457 2766 5507 lata
2801 5455 2971 5522 platea
3003 5455 3106 5509 iter
3133 5455 3325 5524 aperit,
3355 5455 3405 5508 in
3443 5468 3536 5508 cur-

1960 5550 2050 5616 jus
2107 5547 2232 5602 laeva
2288 5555 2436 5616 parte
2496 5545 2654 5613 regiis
2687 5547 2895 5616 palatiis
2930 5547 3101 5600 sancti
3139 5545 3311 5601 Patris
3367 5546 3532 5601 nostri
3631 5559 3633 5561 ‘

1971 5643 2162 5697 Sal)st
2211 5641 2532 5697 Metochium
2569 5645 2824 5698 adhaeel.
2871 5641 3042 5706 Viam,
3073 5643 3136 5694 ad
3189 5643 3395 5712 sagitta)
3455 5639 3540 5708 jac-

1972 5743 2138 5802 ctum,
2169 5749 2438 5798 emensus,
2490 5735 2696 5788 celebre
2724 5734 2980 5788 Dominici
3005 5734 3246 5804 Sepulcri
3281 5731 3532 5801 templum

1975 5829 2242 5898 reperies;
2279 5829 2431 5898 cujus
2465 5844 2570 5881 non
2599 5829 2698 5881 alia
2734 5827 2903 5897 ﬁgura
2931 5824 3114 5892 fuerit,
3181 5840 3337 5896 quam
3367 5837 3532 5893 quaen

1973 5923 2139 5979 variis
2176 5925 2373 5989 scripto
2400 5922 2699 5977 mandatur.
2741 5920 3006 5984 Spelunca
3049 5921 3099 5974 in
3128 5917 3383 5972 llontinici
3416 5930 3533 5974 ροι-
