4004 6206
452 393 561 458 943

1722 389 2048 451 JOANNIS
2087 387 2357 450 PHOCJE

3599 386 3707 452 94‘

451 507 597 575 poris
627 503 932 576 sepulcrum
981 516 1262 565 conversa,
1319 502 1452 556 duas
1502 500 1556 555 itt
1583 512 1763 571 partes
1793 503 2031 571 seiungi-

2140 499 2246 554 τῶν
2294 498 2566 568 Ῥηγικῶν
2613 497 2930 567 ἀνακτόρων
2979 496 3195 568 πέπηγε
3224 499 3285 552 τὸ
3329 500 3583 568 μετόχιον
3619 501 3716 554 τοῦ

451 607 565 664 tur;
598 611 823 666 quarum
852 596 906 648 in
957 609 1058 647 una
1084 594 1220 663 lapis
1250 592 1522 648 revolutus
1547 595 1853 663 repositus,
1885 608 2019 647 can-

447 691 586 744 didis
620 689 982 742 marmoribus
1015 686 1357 751 custoditur;
1386 685 1438 740 in
1464 685 1630 741 altera
1661 687 1726 740 ad
1752 687 2024 742 borealem

447 791 675 850 partem,
700 779 836 848 lapis
866 794 962 848 pro
991 776 1280 848 pavimenti
1310 790 1563 830 mensura
1624 775 1913 846 expolitus,
1937 791 2027 830 euo

447 872 563 925 bitu
617 885 724 925 uno
770 869 1167 939 supereminet;
1196 869 1248 922 in
1283 883 1407 937 quo
1441 878 1706 936 mortuus,
1734 869 2025 939 nudusque

447 966 570 1020 vitae
609 964 828 1034 largitor
878 965 1085 1034 positus
1109 971 1228 1028 est;
1281 977 1415 1015 auro
1449 975 1604 1028 puro,
1656 977 1721 1016 ex
1753 961 2029 1016 desiderio

446 1066 501 1112 et
523 1056 624 1111 lide
656 1055 857 1110 domini
885 1054 990 1108 mei
1042 1053 1387 1122 imperatoris
1427 1051 1687 1108 Manuelis
1721 1051 2028 1123 Porphyro-

447 1156 692 1216 genuetae
742 1143 1001 1200 Comncni
1043 1144 1501 1198 circumornatus.
1564 1141 1738 1212 PrOpe
1789 1154 1912 1196 cum
1943 1151 2026 1197 est

448 1235 736 1304 Golgotha,
793 1233 848 1287 in
885 1247 993 1302 quo
1037 1231 1297 1287 Calvariat
1361 1230 1533 1294 locus,
1585 1239 1639 1285 et
1666 1228 1849 1284 excisa
1875 1228 2028 1283 cruel

451 1328 621 1392 basis,
686 1337 741 1381 et
767 1325 966 1395 dirupti
1025 1323 1165 1389 saxi,
1198 1334 1436 1391 tempore
1498 1322 1782 1392 passionis,
1809 1320 2026 1387 hiatus;

449 1421 550 1478 sub
580 1435 708 1489 quo,
749 1420 802 1473 in
825 1419 1059 1474 caritate
1099 1417 1329 1488 lapidis.
1358 1416 1550 1471 Adami
1594 1415 1854 1484 calvaria,
1913 1430 2032 1472 sea-

450 1513 723 1580 tebraaque
793 1507 1058 1565 Dominici
1113 1509 1414 1580 sanguinis.
1467 1523 1629 1579 super
1669 1523 1788 1563 eam
1820 1506 2027 1565 eﬂ'usze.

451 1600 731 1670 Templum
788 1615 951 1671 super
990 1599 1252 1671 Golgotha
1305 1609 1537 1668 quatuor
1592 1600 1750 1655 lectis
1796 1610 1852 1656 et
1884 1599 2032 1656 tholo

451 1695 690 1765 assurgit
727 1695 1014 1766 :proxime
1063 1695 1298 1749 inhaeret
1336 1694 1748 1748 subterraneum
1779 1693 2035 1764 templum

455 1791 662 1860 ingens,
714 1787 767 1842 in
809 1802 916 1856 quo
965 1787 1197 1852 pretiosa
1237 1798 1291 1840 et
1339 1785 1546 1840 viviﬁca
1585 1784 1785 1840 Christi
1817 1785 2031 1841 Domini

2129 593 2279 645 ὁσίου
2315 593 2522 662 Πατρὸς
2551 591 2708 662 ἡμῶν
2741 591 2947 646 Σάϐϐα.
2977 591 3089 661 Τὴν
3121 592 3179 644 δὲ
3207 591 3329 646 ὁδὸν
3357 591 3489 645 ὡσεὶ
3525 591 3717 663 βέλους

2135 684 2300 757 βολὴν
2330 686 2556 739 διελθὼν
2591 685 2848 754 εὑρήσεις
2871 685 2963 738 τὸν
2997 685 3274 756 περιφανῆ
3300 686 3431 738 ναδν
3463 687 3562 738 τοῦ
3598 687 3715 739 Κυ-

2135 777 2326 850 ριακοῦ
2355 779 2527 845 τάφου
2554 774 2614 833 οὗ
2648 779 2710 831 τὸ
2746 779 2932 848 σχῆμα
2955 777 3092 848 ἔχει,
3113 777 3300 839 καθὼς
3328 777 3484 847 παρὰ
3519 778 3715 845 διαφό-

2134 885 2246 943 ρων
2287 871 2589 941 ίστόρηται.
2623 871 2698 924 T6
2751 871 2810 924 6t
2845 870 2926 933 είς
2956 870 3128 938 τάφον
3171 869 3533 940 χρηματίσαν
3569 872 3719 938 σπή-

2133 966 2289 1018 λαιον
2315 962 2410 1018 τοῦ
2432 961 2772 1018 Δεσποτικοῦ
2803 963 3059 1033 σώματός
3089 962 3209 1015 ἐστι
3239 961 3488 1026 διπλοῦν,
3522 963 3622 1015 καὶ
3656 964 3718 1015 tv

2139 1056 2240 1127 μὲν
2272 1055 2350 1125 τῷ
2386 1054 2466 1108 tvt
2503 1055 2779 1110 ἐπίκειται
2807 1055 2836 1106 6
2876 1053 3266 1117 ἀποκυλισθεὶς
3295 1053 3466 1118 λίθος,
3502 1054 3721 1115 λευκοῖς

2140 1151 2454 1220 μαρμάροις
2492 1147 3058 1220 περιφρουρούμενος,
3083 1149 3143 1201 tv
3165 1147 3221 1200 δὲ
3250 1147 3327 1216 τῷ
3352 1147 3530 1217 ἑτέρῳ
3557 1146 3722 1218 μέρει

2135 1238 2196 1292 τὸ
2245 1239 2376 1308 περὶ
2410 1239 2476 1291 τὸ
2509 1237 2762 1308 ἀρκτῷον
2795 1239 2826 1292 6
2870 1236 3016 1299 λίθος
3045 1235 3373 1301 λελάξευται
3399 1235 3495 1289 τοῦ
3531 1238 3722 1289 ίσοπέο

2134 1331 2227 1384 δου
2273 1329 2446 1384 πάτου
2503 1328 2855 1402 ὑπερανέχων
2903 1327 3041 1382 thas’t
3079 1327 3260 1398 πῆχυν
3296 1327 3415 1393 ἕνα,
3459 1328 3519 1381 tv
3547 1321 3594 1395 ᾧ
3630 1343 3723 1378 νε-

2137 1418 2273 1490 κρὸς
2310 1419 2405 1472 καὶ
2438 1418 2647 1487 γυμνὸς
2689 1419 2718 1469 6
2750 1416 2851 1486 τῆς
2881 1415 3028 1485 ζωῆς
3058 1414 3294 1487 ἀνετέθη
3337 1416 3526 1485 δοτὴρ,
3556 1414 3618 1478 ὃς
3654 1415 3722 1466 ὲκ

2137 1512 2344 1584 χρυσοῦ
2390 1510 2636 1582 καθαροῦ
2687 1508 3040 1579 ἐνδεδυμένος
3085 1511 3282 1580 ὁρᾶται
3307 1509 3372 1562 ἐκ
3418 1509 3589 1562 πόθου
3622 1516 3724 1560 και

2136 1601 2376 1664 πίστεως
2403 1598 2498 1652 τοῦ
2542 1598 2679 1670 ἐμοῦ
2708 1597 2970 1652 δεσπότου
3005 1597 3102 1651 καὶ
3151 1597 3417 1667 βασιλέως
3456 1595 3724 1666 Μανουὴλ

2137 1691 2234 1746 τοῦ
2280 1692 2798 1763 Πορφυρογεννήτου
2837 1692 2934 1744 καὶ
2960 1689 3277 1762 Κομνηνοῦ.
3327 1690 3438 1744 Καὶ
3487 1690 3724 1759 πλησίον

2141 1785 2308 1840 αὑτοῦ
2339 1788 2495 1839 ἐστιν
2526 1787 2554 1838 6
2581 1783 2678 1838 τοῦ
2717 1783 2756 1836 Γ
2758 1783 2961 1852 ολγοθᾶ
2986 1783 3175 1852 τόπος,
3214 1783 3272 1836 tv
3301 1775 3344 1850 ᾧ
3383 1784 3544 1847 τόπος
3566 1784 3596 1834 6
3622 1782 3724 1835 τοῦ

453 1897 586 1934 crux
619 1881 838 1935 inventa
863 1888 972 1936 est.
999 1878 1075 1932 Ad
1099 1877 1500 1933 orientaliorem
1537 1887 1746 1947 partem
1773 1877 2029 1943 civitatis,

2140 1878 2376 1948 Κρανίου
2407 1878 2503 1933 καὶ
2532 1878 2567 1948 η
2592 1875 2920 1941 λαξευθεῖσα
2939 1876 3019 1947 τῷ
3053 1875 3290 1948 Σταυρῷ
3321 1876 3505 1946 βάσις,
3537 1876 3637 1928 καὶ
3661 1874 3726 1926 τὸ

456 1973 710 2043 templum
743 1973 956 2033 visitur,
1005 1970 1205 2026 Sancta
1251 1980 1560 2025 sanctorum
1617 1968 1832 2024 nomine
1874 1983 2035 2026 :om-

455 2066 601 2119 nium
668 2064 1092 2134 pulcherrimum
1161 2071 1363 2117 tectum
1439 2062 1492 2117 in
1567 2061 1736 2118 trulla:
1803 2061 2031 2117 formam

453 2153 673 2219 desinit,
702 2154 754 2208 in
785 2161 995 2207 vetusto
1019 2152 1326 2221 pavimento
1355 2150 1694 2206 celeberrimi
1728 2150 1872 2205 illius
1895 2160 2032 2205 tem-

456 2245 526 2314 pli
550 2242 878 2309 Salomonis,
908 2243 1051 2297 intus
1076 2241 1420 2310 exteriusque
1457 2238 1624 2294 variis
1674 2238 2037 2293 marmoribus

455 2348 509 2391 et
535 2335 810 2393 tessellato
871 2349 1034 2405 opere
1063 2333 1478 2388 condecoratum
1509 2349 1526 2386 :
1559 2332 1624 2386 ad
1668 2330 1855 2386 laevam
1911 2344 2035 2399 par—

459 2442 564 2485 tem
623 2431 830 2499 templi,
890 2427 1126 2483 fornices
1185 2426 1346 2492 bina),
1376 2439 1604 2496 quarum
1650 2423 1703 2478 in
1735 2424 1903 2478 altera
1939 2436 2034 2478 ocr

456 2538 649 2578 cursus
703 2521 903 2577 Christi
959 2518 1192 2582 Domini,
1260 2518 1403 2587 quod
1447 2516 1520 2572 ibi
1575 2516 1752 2585 iusws
1813 2514 2032 2571 Simeon

456 2616 733 2670 Christum
758 2611 1040 2667 Dominum
1071 2611 1210 2664 ulnis
1228 2608 1539 2678 exceperit;
1575 2607 1626 2663 in
1655 2607 1847 2672 altera,
1869 2622 2034 2678 quant

455 2703 690 2761 Iacobus
716 2704 915 2760 scalam
947 2703 1344 2768 admirandam,
1385 2701 1451 2754 ad
1487 2701 1679 2756 cmlum
1711 2714 1880 2769 usque
1909 2714 2036 2769 per-

459 2799 773 2867 tingentem,
819 2802 872 2850 et
911 2795 1129 2864 angelos
1187 2793 1280 2849 Dei
1348 2793 1404 2848 in
1448 2806 1510 2848 ea
1582 2793 1935 2848 ascendentes
1983 2799 2038 2845 et

457 2889 868 2955 descendentes,
937 2896 1316 2959 conspexerat,
1367 2886 1572 2956 depicta
1624 2895 1769 2941 sunt.
1806 2883 1871 2941 Et
1903 2883 2038 2953 lapis

459 2981 559 3036 sub
605 2981 830 3050 depicta:
878 2979 1041 3035 scalae
1095 2978 1356 3048 imagine,
1390 2979 1484 3034 ille
1531 2978 1644 3050 ipse
1663 2986 1764 3042 est,
1816 2976 1908 3047 qui
1938 2977 2039 3030 sub

458 3073 645 3130 Jacobi
663 3073 840 3143 capite
875 3071 1071 3126 fuerat.
1109 3070 1211 3126 Per
1267 3071 1440 3142 partis
1467 3071 1671 3125 dextra:
1727 3069 1934 3124 hiatum
1970 3069 2038 3124 ad

464 3166 782 3238 speluncam
818 3163 955 3220 infra
991 3162 1248 3233 templum
1304 3164 1677 3226 descenditur,
1728 3163 1783 3217 in
1822 3175 1930 3232 qua
1955 3175 2040 3216 re-

2136 1971 2329 2043 ῥῆγμα
2393 1971 2494 2042 τῆς
2567 1968 2960 2041 διαρῤαγείσης
3025 1969 3234 2040 πέτρας
3316 1970 3374 2020 έν
3457 1967 3538 2038 τῷ
3623 1965 3724 2019 τοῦ

2134 2061 2385 2134 Σταυροῦ
2421 2062 2586 2117 πάθει
2620 2079 2634 2093 ο
2681 2064 2776 2116 καὶ
2822 2063 2920 2116 τοῦ
2950 2062 3236 2135 ρήγματος
3279 2062 3527 2115 κάτωθεν
3579 2059 3723 2113 ὑπόο

2133 2160 2318 2220 κοιλος
2349 2156 2407 2208 tv
2439 2159 2504 2227 τῇ
2538 2156 2720 2227 πέτρᾳ
2745 2157 2934 2220 τόπος,
2980 2157 3039 2208 tv
3066 2149 3109 2222 ᾧ
3142 2154 3205 2208 τὸ
3233 2152 3326 2207 τοῦ
3350 2152 3527 2221 ’Δδάμ
3579 2167 3722 2221 κρα-

2134 2248 2272 2313 νίον,
2304 2248 2398 2301 καὶ
2427 2247 2480 2300 οί
2511 2247 2736 2318 ῥυέντες
2771 2246 2859 2300 ἐπ’
2884 2247 3032 2316 αύτῷ
3055 2245 3150 2299 τοῦ
3175 2241 3512 2298 Δεσποτικοῦ
3546 2258 3722 2311 κρου-

2136 2339 2218 2392 vol.
2250 2338 2509 2408 αἵματος.
2553 2339 2613 2392 ’0
2637 2338 2695 2391 δὲ
2738 2339 2862 2401 ναὸς
2897 2340 2924 2391 6
2955 2338 3143 2392 ἐπάνω
3184 2335 3280 2390 τοῦ
3311 2333 3556 2403 Γολγοθᾶ
3599 2335 3722 2386 ἐστι

2135 2427 2583 2497 τετρακάμαρος,
2623 2425 2881 2488 Θολωτός.
2926 2425 3036 2479 Καὶ
3076 2425 3309 2496 πλησίον
3341 2422 3438 2476 τοῦ
3469 2420 3723 2474 τοιούτου

2139 2521 2269 2574 ναοῦ
2329 2522 2480 2573 ἐστιν
2534 2520 2800 2588 ὑπόγαιος
2832 2523 2962 2582 ναὸς
3016 2519 3217 2589 μέγας,
3269 2519 3328 2570 tv
3357 2511 3402 2586 ᾧ
3428 2515 3664 2587 εὕρηται
3697 2517 3728 2567 6

2137 2613 2322 2680 τίμιος
2354 2611 2449 2665 καὶ
2469 2609 2738 2675 ζωοποιδς
2759 2612 3000 2683 Σταυρὸς
3025 2611 3122 2664 τοῦ
3143 2611 3418 2663 Δεσπότου
3452 2606 3722 2680 Χριστοῦ.

2139 2705 2275 2774 Περὶ
2297 2704 2352 2757 δὲ
2382 2704 2442 2756 τὸ
2463 2703 2934 2774 άνατολικώτερον
2973 2705 3138 2776 μέρος
3174 2706 3274 2774 τῆς
3298 2703 3506 2766 πόλεως
3540 2703 3727 2774 ὑπάρ-

2139 2813 2223 2868 χει
2249 2800 2275 2850 6
2307 2799 2455 2861 ναὸς,
2487 2797 2555 2850 τὰ
2581 2798 2751 2866 Ἀγια
2772 2798 2883 2850 τῶν
2921 2798 3114 2866 ἁγίων.
3157 2797 3218 2850 Ὅ
3241 2797 3299 2852 6t
3331 2798 3572 2860 τοιοῦτος
3590 2797 3724 2860 ναός

2139 2891 2258 2942 ἐστι
2293 2889 2439 2943 πάνυ
2488 2889 3012 2960 περικαλλέστατος,
3057 2891 3400 2961 τρουλλωτδν
3450 2890 3593 2962 έχων
3622 2891 3725 2962 τὴν

2138 2981 2363 3052 ὀροφὴν,
2392 2983 2452 3034 tv
2480 2981 2557 3053 τῷ
2587 2983 2802 3052 ἀρχαίῳ
2832 2982 3047 3054 δαπέδῳ
3079 2983 3176 3036 τοῦ
3209 2981 3562 3054 περιωνύμου
3588 2983 3724 3036 ναοῦ

2138 3075 2351 3129 ἑκείνου
2405 3075 2500 3130 τοῦ
2558 3076 2910 3146 Σολομῶντος
2960 3075 3359 3148 θεωρούμενος,
3415 3073 3568 3136 ἐντὸς
3626 3075 3728 3127 καί

2142 3170 2327 3235 ἐκτὸς,
2360 3169 2630 3233 ποικίλοις
2664 3170 2991 3241 μαρμάροις
3050 3171 3146 3224 κα)⁸
3176 3169 3407 3240 ψηφίσιν
3450 3166 3726 3236 trum-

462 3260 666 3330 positus
713 3256 886 3313 fuerat
918 3254 1214 3312 Zacharias
1247 3255 1526 3326 propheta,
1554 3254 1930 3324 interemptus,
1987 3261 2038 3307 ut

2148 3257 2390 3329 νόμενος.
2432 3257 2584 3311 Είσὶν
2607 3255 2699 3311 οὖν
2728 3257 2860 3330 περ)⁸
2889 3257 2955 3310 τά
2987 3256 3249 3328 εὐώνυμα
3283 3255 3425 3330 μέρη
3465 3255 3560 3310 τοῦ
3587 3255 3725 3310 ναοῦ

461 3349 808 3423 Evangelium
835 3349 1020 3416 tradit,
1055 3365 1084 3403 a
1107 3347 1308 3405 Judmis
1328 3349 1470 3404 inter
1495 3349 1751 3418 templum
1769 3355 1822 3402 et
1843 3346 2037 3402 altare.

462 3444 628 3500 Extra
661 3442 940 3512 templum,
972 3441 1242 3513 lapidibus
1301 3448 1532 3496 stratum
1575 3438 1894 3511 impluvium
1918 3455 2037 3493 ma-

465 3552 626 3607 gnum
695 3535 1047 3602 extenditur;
1089 3534 1391 3604 antiquum,
1445 3542 1505 3589 ut
1569 3535 1782 3602 opinor,
1861 3533 2042 3602 magni

469 3627 650 3695 templi
699 3628 1091 3698 pavimentum.
1129 3625 1198 3681 Et
1257 3625 1312 3681 in
1350 3632 1526 3696 porta,
1553 3638 1672 3694 qua:
1700 3625 1754 3680 in
1798 3635 2042 3680 sanctam

467 3717 798 3776 Getsemaue
844 3718 1012 3784 ducit,
1069 3718 1322 3788 templum
1387 3727 1696 3773 sanctorum
1733 3717 1960 3774 Joacimi
1991 3728 2046 3774 et

471 3814 638 3867 Annae
669 3811 1042 3884 conspicitur;
1068 3810 1125 3866 in
1157 3825 1264 3881 quo
1283 3808 1783 3864 immaculatissima
1807 3809 2043 3879 Deipara

470 3905 523 3958 in
560 3903 726 3958 vitam
755 3904 922 3962 venit.
955 3903 1230 3969 Proxime,
1255 3900 1554 3958 Probaticae
1601 3901 1821 3972 piscina:
1847 3899 2043 3958 ﬂuenta

472 3997 799 4051 scaturiunt.

2140 3349 2394 3421 καμάραι
2425 3349 2538 3416 δύο,
2597 3349 2683 3418 ἐφ’
2712 3345 2802 3412 αἷς
2851 3351 3191 3420 ἱστόρηνται,
3224 3350 3282 3403 tv
3327 3349 3429 3420 μὲν
3453 3349 3521 3420 τῇ
3553 3348 3656 3419 μιᾷ
3689 3348 3726 3416 ἡ

2156 3441 2486 3513 ’Υπαπαντὴ
2515 3440 2609 3494 τοῦ
2645 3441 2921 3495 Δεσπότου
2951 3439 3218 3513 Χριστοῦ,
3247 3441 3332 3495 ὅτι
3361 3440 3455 3494 καὶ
3480 3442 3539 3494 tv
3568 3438 3728 3508 αύτῷ

2141 3530 2220 3599 τῷ
2249 3530 2402 3602 τόπῳ
2452 3533 2480 3583 6
2517 3528 2726 3594 δίκαιος
2755 3529 2987 3599 Συμεὼν
3017 3531 3112 3584 τὸν
3148 3529 3433 3600 Δεσπότην
3483 3527 3728 3599 Χριστὸν

2142 3620 2504 3692 ὴγκαλίσατο.
2528 3619 2619 3672 Ἐν
2648 3619 2703 3672 δὲ
2740 3622 2806 3691 τῇ
2837 3620 3028 3690 ἑτέρᾳ,
3060 3619 3129 3691 ἣν
3156 3621 3184 3672 6
3221 3617 3422 3674 Ἰακὼϐ
3446 3613 3554 3671 εἶδε
3586 3617 3727 3670 θαυ-

2147 3710 2359 3782 μαστὴν
2382 3710 2652 3779 κλίμακα,
2689 3709 3093 3780 έστηριγμένην
3128 3709 3294 3780 μέχρι
3323 3707 3421 3763 τοῦ
3456 3707 3725 3778 ούρανοῦ,

2142 3804 2388 3869 καὶτοὺς
2415 3804 2680 3874 ἀγγέλους
2727 3805 2822 3858 τοῦ
2857 3803 2997 3857 Θεοῦ
3031 3805 3430 3866 ἀναϐαίνοντας
3480 3805 3575 3857 καὶ
3621 3821 3726 3855 κα-

2142 3898 2498 3962 ταϐαίνοντας
2559 3898 2645 3952 ἐπ’
2700 3899 2865 3968 αὐτῇ,
2897 3897 2994 3952 καὶ
3055 3900 3082 3950 6
3129 3899 3276 3961 λίθος
3321 3898 3586 3952 ὑποκάτω
3625 3897 3728 3966 τῆς

2147 3992 2527 4064 ίστορηθείσης
2555 3991 2826 4062 κλίμακος
2857 3991 3020 4054 αὐτὸς
3065 3993 3272 4056 ἐκεῖνος
3304 3993 3525 4064 ὁρᾶται,
3564 3991 3593 4043 6
3626 3992 3727 4043 ἐπὶ

474 4090 574 4160 τὴν
619 4087 862 4160 κεφαλὴν
916 4087 1097 4152 τεθεὶς
1145 4085 1238 4141 τοῦ
1268 4087 1487 4144 Ἰακώϐ.
1533 4088 1623 4142 Ἐν
1655 4087 1711 4142 δὲ
1769 4085 1854 4159 τῷ,
1891 4086 2049 4158 δεξιῷ
2092 4086 2248 4159 μέρει
2277 4087 2382 4157 ὀπὴ
2412 4086 2726 4157 εὑρίσκεται
2786 4085 3192 4140 καταὸαίνουσα
3256 4085 3416 4158 μέχρι
3453 4084 3725 4155 σπηλαίου

474 4185 616 4248 τινὸς
639 4183 897 4238 ὑποκάτω
927 4181 1019 4236 τοῦ
1045 4181 1194 4238 ναοῦ.
1221 4182 1338 4253 Ἐφ’
1369 4174 1413 4250 ᾧ
1439 4182 1678 4238 τέθειται
1705 4184 1734 4238 6
1760 4183 2046 4256 προφήτης
2084 4181 2385 4252 Ζαχαρίας,
2429 4180 2488 4235 ὃν
2520 4179 2787 4248 ἔσφαξαν,
2827 4179 2967 4235 κατὰ
3021 4178 3085 4232 τὸ
3118 4177 3454 4248 Εὐαγγέλιον
3506 4181 3556 4230 ot
3587 4178 3724 4230 ’lou-

474 4279 612 4332 δαῖοι
639 4274 844 4347 μεταξὺ
882 4274 976 4328 τοῦ
1004 4272 1136 4327 ναοῦ
1157 4273 1254 4328 καὶ
1282 4272 1378 4325 τοῦ
1425 4273 1840 4345 θυσιαστηρίου.
1880 4273 2120 4338 Ἔξωθεν
2159 4273 2214 4325 δὲ
2249 4271 2346 4326 τοῦ
2399 4272 2528 4326 ναοῦ
2587 4274 2704 4326 έστι
2748 4273 3069 4343 περιαύλιον
3140 4272 3285 4343 μέγα
3350 4271 3724 4344 λιθόστρωτον

474 4374 534 4428 τδ
584 4371 830 4437 παλαιὸν,
857 4369 932 4434 ὼς
974 4365 1147 4441 οἶμαι,
1188 4368 1282 4421 τοῦ
1328 4368 1568 4440 μεγάλου
1601 4369 1730 4423 ναοῦ
1780 4368 2034 4423 δάπεδον.
2072 4369 2182 4422 Καὶ
2224 4367 2354 4439 περὶ
2420 4367 2521 4440 τὴν
2562 4367 2740 4438 πύλην
2794 4368 2893 4439 τὴν
2949 4367 3250 4437 ὲξάγουσαν
3300 4369 3382 4430 είς
3423 4366 3524 4438 τὴν
3556 4371 3726 4440 ἁγίαν

381 4520 386 4524 _
475 4463 792 4537 Γεθσιμανη
829 4465 946 4516 ἑστι
971 4460 1097 4525 ναὸς
1132 4461 1241 4515 τῶν
1281 4460 1481 4531 Ἀγίων
1516 4460 1779 4532 Ἰωακεὶμ
1843 4463 1938 4514 καὶ
1986 4461 2210 4531 Ἀννης,
2255 4464 2335 4524 είς
2388 4461 2446 4515 6v
2509 4461 2543 4530 ἡ
2593 4463 2690 4531 της
2749 4461 3132 4532 παναχράντου
3189 4461 3456 4517 Θεοτόκου
3527 4466 3725 4535 γέγονε

475 4563 751 4633 γέννησις,
793 4557 884 4609 καὶ
938 4555 1128 4608 τούτου
1185 4553 1410 4626 πλησίον
1456 4555 1524 4608 τά
1565 4556 1666 4625 τῆς
1700 4554 2056 4627 Προϐατικῆς
2093 4557 2486 4628 κολυμϐήθρας
2516 4559 2937 4630 ἀναπηγάζουσι
2969 4560 3210 4630 νάματα.

549 4653 635 4709 l5.
687 4649 822 4704 Hinc
849 4657 998 4704 extra
1044 4649 1338 4714 civitatem,
1369 4650 1436 4704 ad
1459 4649 1861 4705 orientaliorem
1898 4649 2042 4704 illius
2073 4655 2121 4714 ι)

478 4745 709 4815 plagam,
762 4739 815 4792 in
870 4738 1283 4807 mettiomagnaa
1343 4749 1731 4808 praeruptaeque
1756 4735 2047 4806 voraginis,

478 4844 713 4892 montem
765 4828 1036 4886 Olivarum
1090 4844 1118 4881 a
1179 4838 1363 4883 saneta
1422 4829 1640 4884 civitate
1693 4828 2046 4898 sejungentis,

479 4930 800 4984 Gctsetuane
827 4923 1076 4992 oppidum
1105 4920 1420 4988 collocatur,
1454 4921 1504 4974 in
1537 4936 1644 4992 quo
1689 4921 2045 4977 sanctissimae

479 5021 716 5076 Domina:
738 5028 938 5071 nostra:
968 5015 1209 5084 Deiparzc
1258 5015 1585 5084 sepulcrum,
1612 5024 1664 5069 et
1714 5017 1924 5080 hortus,
1957 5015 2046 5069 ubi

477 5114 673 5183 saepius
731 5110 980 5165 Salvator
1036 5118 1220 5162 noster
1265 5121 1367 5161 una
1424 5121 1544 5162 eum
1615 5108 1890 5179 discipulis
1936 5108 2047 5165 suis

480 5213 794 5260 muneratus
831 5212 938 5259 est.
986 5200 1124 5256 Sunt
1150 5202 1289 5254 ineo
1340 5199 1531 5270 templa
1563 5203 1662 5256 tria
1695 5222 1708 5257 :
1746 5203 1797 5257 in
1832 5203 2049 5258 siniste-

479 5303 640 5366 riore,
668 5309 719 5353 et
747 5295 1076 5350 concavitate
1102 5293 1474 5358 subterranea,
1511 5295 1754 5350 divinum
1807 5295 2048 5362 Deipara:

477 5396 780 5462 sepulcrum
831 5397 1107 5458 Spectatur
1147 5405 1162 5442 :
1195 5388 1447 5455 templum
1509 5390 1561 5442 in
1603 5389 1803 5443 tholum
1829 5388 2044 5452 desinit,

479 5484 826 5557 praelongum,
853 5479 1133 5550 sequaliter
1160 5478 1534 5534 orbiculatum.
1562 5480 1614 5532 ln
1638 5481 1818 5549 templi
1847 5482 2041 5543 mctlio,

478 5580 647 5633 instar
679 5577 945 5640 umbonis,
1010 5573 1312 5644 sepulcrum
1369 5572 1601 5642 Virginis
1654 5588 1716 5627 ex
1745 5589 1875 5629 saxo
1897 5574 2048 5628 exei-

477 5687 595 5726 sum
645 5679 748 5736 est,
808 5670 872 5724 ad
927 5667 1142 5724 modum
1203 5667 1436 5733 aedilicii,
1483 5677 1713 5736 quatuor
1749 5666 2047 5721 fornicibus

477 5765 666 5820 structi
712 5763 823 5818 :ad
886 5762 1148 5817 orientale
1215 5762 1350 5816 latus
1398 5763 1448 5814 in
1496 5761 1712 5831 capsula
1742 5778 1804 5817 ex
1860 5763 2047 5816 eodem

477 5856 657 5931 lapide
710 5855 963 5928 expolita,
998 5867 1049 5911 ct
1092 5854 1330 5910 candidis
1379 5855 1733 5911 marmoribus
1771 5865 2046 5924 cooperta,

2225 4650 2306 4708 ιε’.
2355 4651 2640 4707 Ἐντεῦθεν
2675 4655 2774 4726 τῆς
2807 4654 3016 4716 πόλεως
3049 4653 3271 4720 ἔξωθεν,
3311 4655 3442 4726 περὶ
3471 4657 3541 4709 τό
3583 4657 3722 4711 ἀνα-

2144 4745 2505 4817 τολικώτερον
2535 4746 2743 4816 ταύτης
2790 4749 2982 4819 μέρος,
3026 4748 3198 4817 μέσον
3218 4747 3313 4801 τοῦ
3350 4751 3598 4820 μεγάλου
3627 4770 3728 4822 χαι

2149 4835 2458 4908 ραδρὼδους
2483 4841 2788 4910 χάσματος,
2815 4838 2906 4892 τοῦ
2933 4838 3350 4909 διαχωρίζοντος
3371 4842 3432 4893 τὸ
3456 4842 3582 4913 ὄρος
3612 4844 3724 4897 τῶν

2145 4930 2374 4984 Ἐλαιῶν
2423 4929 2534 4984 ἀπὸ
2593 4931 2694 4999 τῆς
2746 4931 2910 5000 ἁγίας
2971 4933 3216 4998 πόλεως,
3269 4934 3605 5002 παράκειται
3662 4941 3726 4988 τὸ

2147 5022 2348 5095 χωρίον
2388 5023 2422 5092 ἡ
2455 5022 2790 5095 Γεθσιμανὴ,
2833 5023 2894 5076 tv
2928 5019 2973 5092 ᾧ
3009 5023 3038 5077 6
3071 5025 3240 5091 τάφος
3280 5025 3379 5094 τῆς
3416 5025 3724 5097 ύπεραγίας

2145 5115 2442 5185 Δεσποίνης
2475 5115 2633 5186 ἡμῶν
2660 5115 2947 5182 Θεοτόκου,
2974 5116 3069 5170 καὶ
3090 5117 3118 5166 6
3150 5116 3348 5184 κῆπος,
3384 5122 3465 5183 εἰς
3494 5119 3550 5174 ὃν
3585 5122 3722 5174 πολ-

2145 5205 2300 5270 λάκις
2327 5207 2354 5259 6
2392 5206 2582 5276 Σωτὴρ
2613 5207 2770 5277 ἡμῶν
2807 5207 2948 5277 μετὰ
2976 5207 3087 5263 τῶν
3115 5209 3382 5279 μαθητῶν
3417 5212 3584 5265 αὑτοῦ
3618 5215 3722 5283 ηὑ-

2145 5298 2326 5370 λίσθη.
2373 5299 2489 5368 Ἐφ’
2536 5293 2580 5368 ᾧ
2619 5298 2716 5352 καὶ
2745 5301 2865 5352 ναοὶ
2895 5302 3066 5370 τρεῖς,
3096 5302 3125 5353 6
3153 5300 3255 5371 μὲν
3285 5303 3722 5374 εύωνυμοτέρως

2146 5393 2239 5445 καὶ
2280 5393 2406 5464 περὶ
2438 5392 2498 5446 τὸ
2546 5393 2793 5461 κοίλωμα
2845 5393 2999 5449 κάτω
3049 5393 3148 5464 τῆς
3198 5395 3302 5467 γῆς
3355 5397 3526 5464 ἐστιν,
3555 5400 3636 5461 είς
3660 5400 3719 5452 ὃν

2147 5491 2172 5540 6
2204 5489 2345 5551 θεῖος
2372 5488 2542 5558 τάφος
2571 5486 2668 5556 τῆς
2697 5485 2986 5540 Θεοτόκου·
3007 5488 3036 5538 6
3069 5486 3125 5539 δὲ
3151 5488 3394 5551 τοιοῦτος
3417 5490 3543 5554 ναός
3570 5492 3723 5545 ἐστιν

2147 5581 2174 5632 ό
2200 5580 2305 5642 πᾶς
2337 5578 2590 5642 θολωτὸς,
2621 5579 2925 5649 ἐπιμήκης,
2962 5577 3349 5650 κυλινδρωτός.
3397 5582 3509 5635 Καὶ
3551 5583 3726 5652 μέσον

2149 5673 2312 5724 αὑτοῦ
2344 5672 2500 5740 δίκην
2530 5671 2784 5740 άμϐωνος
2820 5671 3036 5726 ἵσταται
3068 5672 3096 5724 6
3118 5673 3290 5742 τάφος
3332 5674 3524 5745 αὐτῆς,
3563 5676 3725 5732 λελα-

2147 5762 2453 5832 τομημένος
2484 5764 2547 5814 ἐκ
2571 5764 2779 5832 πέτρας
2806 5764 2865 5817 tv
2895 5762 3579 5838 σχήματι-τετρακαμάρῳ.
3616 5770 3728 5823 Καὶ

2152 5861 2207 5910 tv
2249 5858 2316 5928 τῇ
2350 5855 2641 5928 άνατολικῇ
2675 5855 2868 5912 τούτου
2907 5857 3122 5931 πλευρᾷ
3147 5857 3302 5914 ἐστιν
3329 5859 3394 5913 ὲκ
3425 5862 3522 5931 τῆς
3551 5863 3727 5936 αὐτῆς
