4004 6206
315 356 429 451 945

1347 361 1809 424 ΒΕΞΟΗΙΡΤΙΟ
1844 360 2127 441 TERRIE
2167 358 2504 425 ςΑΝοΜ.

3479 360 3586 425 εις

303 472 521 543 πέτρας
570 471 709 526 ὡσεὶ
745 471 1025 544 σκίμπους
1078 473 1502 545 λελαξευμένος,
1556 476 1647 530 διὰ
1691 475 1895 529 λευκῶν

2008 473 2413 529 immaculatum
2455 472 2819 530 sanctlssima:
2870 472 3109 543 Deiparae
3152 488 3372 543 corpus,
3401 488 3431 530 a
3455 490 3587 531 san--

307 562 629 635 μαρμάρων
658 566 1021 638 σκεπόμενος,
1058 566 1117 621 ιν
1141 559 1187 635 ᾧ
1214 567 1276 621 τδ
1303 567 1576 639 ἄχραντον
1602 568 1762 639 σῶμα
1792 568 1892 640 τῆς

304 655 615 727 ὕπερατίας
628 657 896 713 Θεοτόκου
920 659 1027 713 ὑπὸ
1054 658 1163 715 τῶν
1195 660 1369 731 ἁγίων
1411 661 1731 717 ἀποστόλων
1759 679 1895 733 μετ-

304 748 530 821 ενεχθὲν
589 751 654 803 ἐκ
706 751 807 821 τῆς
874 752 1018 806 Σιὼν
1072 755 1257 826 ἐτέθη.
1298 754 1360 810 '0
1390 754 1436 809 δ’
1472 755 1682 811 ἄνωθεν
1704 755 1896 829 ἕτερος

296 842 433 903 ναός
492 842 612 896 ἐστι
646 844 936 914 σπήλαιον,
991 847 1051 901 δν
1100 841 1146 918 ᾧ
1189 849 1223 920 ἡ
1258 850 1578 921 Δεσποτικὴ
1612 851 1895 923 προσευχὴ

298 931 521 999 γέγονε,
563 934 655 985 καὶ
704 934 755 987 οἱ
814 935 1111 990 ἀπόστολοι
1178 937 1259 1008 τῷ
1309 937 1466 1011 ὕπνῳ
1519 938 1894 1010 βαρυνθέντες

299 1022 627 1078 ἐκάθευδον.
688 1023 828 1096 Περὶ
865 1025 924 1079 δὲ
955 1025 1088 1090 τοὺς
1126 1027 1410 1099 πρόποδας
1442 1028 1540 1084 τοῦ
1593 1030 1755 1101 δρους
1783 1027 1895 1084 τῶν

314 1116 571 1181 Ἐλαιῶν,
623 1117 758 1171 ὡσεὶ
788 1116 938 1173 λίθου
971 1120 1137 1191 βολῆς
1168 1122 1398 1189 ἄποθεν,
1437 1120 1584 1177 κατὰ
1612 1122 1674 1175 τὸ
1712 1123 1897 1190 Εὐαγ-

301 1209 513 1278 γέλιον,
537 1211 566 1264 6
594 1210 783 1282 τρίτος
807 1211 1049 1284 ὑπάρχει
1084 1217 1235 1280 ναδς,
1253 1218 1310 1271 ιν
1342 1209 1387 1285 ᾧ
1408 1214 1564 1288 ,μετὰ
1583 1216 1710 1281 τοὺς
1736 1215 1897 1271 Ἀπο-

300 1303 536 1369 στόλους
563 1304 846 1360 ὠνειδίσαι
879 1308 976 1360 τὸν
1022 1308 1231 1380 Κύριον
1258 1310 1358 1379 τῆς
1384 1310 1660 1382 ῥᾳθυμίας
1691 1308 1897 1364 τούτων

298 1397 491 1463 ἕνεκα,
522 1398 779 1454 ἀπελθὼν
802 1401 965 1457 πάλιν
1009 1402 1374 1476 προσηύξατο,
1424 1405 1516 1459 ὃτι
1546 1405 1644 1461 καὶ
1670 1403 1895 1477 ἱδρῶτες

258 1490 476 1559 ,αὐτοῦ
526 1491 661 1545 ὡσεὶ
698 1492 934 1565 Θρόμόοι
981 1495 1215 1564 αἵματος
1248 1496 1565 1567 κατέρρεον.
1611 1496 1701 1550 Ἐν
1745 1494 1899 1567 αὐτῷ

296 1583 389 1654 τῷ
429 1586 600 1657 κήπῳ
631 1586 730 1640 καὶ
765 1587 798 1655 ἡ
831 1587 1095 1659 προδοσία
1123 1589 1343 1657 γέγονε,
1382 1589 1478 1641 καὶ
1513 1589 1541 1642 6
1571 1587 1775 1649 Ἰούδας
1805 1587 1896 1640 6o-

294 1675 437 1741 λίως
473 1678 566 1733 τὸν
597 1679 885 1753 Δεσπότην
928 1682 1241 1750 ἠσπάσατο,
1274 1684 1372 1735 καὶ
1417 1682 1449 1735 6
1476 1680 1585 1735 τῶν
1628 1680 1898 1735 Ἰουδαίων

296 1768 497 1840 ὅμιλος
558 1772 828 1842 κατέσχεν
880 1774 1069 1828 αὐτόν.
1123 1774 1381 1844 Ἀντικρὺ
1421 1774 1479 1827 δὲ
1530 1773 1626 1828 τοῦ
1688 1774 1894 1844 κήπου,

2009 569 2115 624 ctis
2136 568 2394 639 apostolis
2424 566 2586 624 Siene
2642 567 2900 638 delatum,
2927 568 3224 640 repositum
3250 570 3371 626 fuit.
3412 570 3587 642 Supe-

1999 658 2111 715 rius
2134 658 2281 713 aliud
2311 659 2597 730 templum,
2649 661 2903 731 spelunca
2944 668 3048 729 est,
3093 659 3149 717 in
3180 677 3283 731 qua
3313 661 3587 719 Domiulca

1996 750 2172 809 oratio
2209 751 2379 808 eﬂ'usa
2430 761 2537 821 est,
2572 760 2626 808 et
2654 753 2884 823 apostoli
2923 769 3117 811 somno
3146 755 3353 822 gravati
3388 754 3590 813 obdor-

1998 841 2251 898 mierant.
2282 842 2361 897 Ad
2398 842 2565 914 pedes
2622 842 2823 901 montis
2845 842 3144 911 Olivarum,
3164 845 3233 899 ad
3263 843 3473 915 iactum
3502 843 3587 899 la-

2002 933 2166 1006 pidis,
2189 934 2406 991 tertium
2436 934 2695 1004 templum
2711 935 2970 1003 occurrit,
3000 935 3055 992 in
3082 939 3249 1008 quod,
3274 946 3586 1007 postquam,

2002 1035 2063 1080 ut
2112 1024 2464 1097 Evangelium
2513 1034 2928 1095 commemorat,
3005 1028 3282 1098 apostolos
3326 1026 3591 1082 Dominus

1998 1118 2069 1174 ob
2105 1119 2389 1190 segnitiem
2446 1120 2892 1191 reprehenderat,
2916 1152 2919 1155 -
2943 1135 3217 1189 reversus,
3262 1118 3495 1176 orationi
3525 1132 3587 1173 se

1998 1224 2111 1265 suae
2142 1210 2396 1277 restituit,
2425 1221 2560 1275 tum,
2594 1226 2715 1267 cum
2751 1211 3176 1279 sudoresjllius,
3235 1210 3389 1285 quasi
3422 1219 3588 1282 guttae

2000 1303 2303 1375 sanguinis,
2358 1303 2683 1360 deﬂuebant.
2751 1303 2809 1359 In
2868 1304 3061 1360 eodem
3121 1305 3279 1362 horto
3332 1302 3588 1359 Christus

2000 1396 2270 1468 proditus,
2321 1404 2379 1452 et
2422 1394 2593 1453 Judas
2659 1396 2947 1452 Dominum
2998 1398 3185 1454 dolose
3243 1395 3588 1453 exosculatus

2000 1497 2107 1554 est,
2166 1496 2221 1544 et
2269 1485 2578 1544 Iudaeorum
2636 1488 2791 1545 turba
2843 1504 2967 1545 eum
3022 1488 3395 1560 apprehendit.
3426 1487 3589 1542 Parte

2002 1581 2143 1636 horti
2186 1583 2434 1647 adversa,
2472 1583 2538 1639 ad
2569 1583 2905 1655 superiorem
2944 1599 3121 1650 oram,
3156 1582 3374 1639 Siouem
3412 1582 3584 1653 respi-

2002 1674 2263 1743 cientem,
2301 1684 2385 1731 est
2432 1677 2717 1745 templum,
2769 1686 2823 1731 et
2843 1678 3034 1733 subeo
3082 1675 3365 1746 spelunca,
3397 1690 3584 1744 quam,

2002 1777 2288 1839 postquam
2340 1768 2649 1839 abnegavit,
2708 1769 2900 1826 Petrus
2957 1769 3244 1834 introieris,
3268 1778 3323 1824 et
3366 1767 3585 1833 sedens,

296 1864 440 1933 περὶ
463 1861 524 1915 τὸ
563 1862 776 1918 ἄνωθεν
805 1866 977 1937 μέρος
1010 1866 1069 1921 τὸ
1104 1868 1241 1935 πρὸς
1276 1867 1376 1938 τὴν
1411 1868 1573 1934 Σιὼν,
1612 1867 1733 1922 ἔστι
1767 1869 1895 1933 ναὸς

2008 1862 2155 1917 llevit
2200 1877 2405 1918 amare.
2459 1861 2515 1917 lu
2550 1864 2739 1919 eodem
2796 1863 2995 1935 templo
3051 1877 3289 1920 marens
3348 1864 3464 1932 ipse
3526 1878 3589 1918 ac

298 1954 402 2008 καὶ
435 1956 709 2026 σπήλαιον
741 1958 911 2012 αὑτοῦ
948 1959 1219 2025 κάτωθεν,
1260 1961 1317 2012 ιν
1343 1954 1387 2028 ᾧ
1417 1962 1559 2030 μετὰ
1585 1959 1687 2031 τὴν
1717 1960 1892 2031 άρνηυ

299 2064 395 2102 σιν
442 2048 472 2101 6
507 2050 716 2122 Πέτρος
762 2052 1051 2117 εἰσελθὼν,
1105 2054 1203 2108 καὶ
1243 2052 1477 2118 καθίσας
1506 2054 1740 2108 ἔκλαυσε
1798 2072 1893 2108 πι-

299 2143 483 2213 κρῶς,
513 2147 592 2211 εἰς
661 2145 723 2201 ὃν
752 2149 849 2201 καὶ
899 2148 1116 2203 πενθῶν
1164 2150 1452 2222 ἱστόρηται
1492 2147 1893 2212 ὁἈπόστολος.

302 2236 590 2308 ’Υπερθεν
624 2237 680 2291 δὲ
707 2240 807 2309 τῆς
835 2238 1180 2309 Γεθσιμανῆς
1205 2240 1298 2292 καὶ
1321 2238 1416 2293 τοῦ
1443 2238 1575 2293 ναοῦ
1593 2239 1693 2309 τῆς
1714 2256 1891 2311 προσ-

298 2329 473 2396 ευχῆς
526 2331 723 2400 δρᾶται
787 2331 851 2385 τὸ
881 2332 1009 2401 ὅρος
1046 2333 1157 2386 τῶν
1208 2332 1450 2386 Ἐλαιῶν
1484 2331 1895 2404 διαιρούμενον,

300 2420 496 2485 καθὼς
545 2422 675 2495 ἔφη,
724 2423 833 2479 ἀπὺ
879 2425 983 2496 τῆς
1030 2426 1195 2492 ἁγίας
1231 2428 1467 2492 πόλεως,
1519 2426 1626 2480 ὑπὸ
1654 2427 1755 2497 τῆς
1795 2427 1891 2480 τοῦ

312 2512 590 2581 Ἰωσαφὰτ
613 2514 859 2575 κοιλάδος
887 2516 984 2570 καὶ
1013 2516 1107 2571 τοῦ
1140 2518 1444 2589 χειμάρρου
1470 2518 1567 2589 τῆς
1599 2518 1692 2572 τοῦ
1720 2520 1893 2573 κλαυ-

2004 1952 2353 2026 illacrymans
2411 1956 2691 2027 apostolus
2714 1956 2963 2027 depictus
3010 1953 3363 2025 conspicitur.
3414 1954 3589 2027 Super

2000 2042 2365 2104 Gethsemane
2382 2058 2438 2103 et
2459 2048 2721 2105 orationis
2743 2049 2964 2120 templo,
3003 2064 3160 2105 mons
3192 2045 3492 2113 Olivarum,
3530 2058 3590 2102 ut

2004 2134 2211 2192 dictum
2229 2146 2339 2206 est,
2355 2138 2596 2193 omnium
2618 2139 2968 2209 oeulis:patet,
2993 2156 3021 2194 a
3043 2151 3227 2195 sancta
3244 2141 3484 2205 civitate,
3501 2137 3594 2195 Jo-

1996 2228 2212 2300 saphati
2272 2240 2327 2283 et
2373 2231 2627 2287 torrentis
2662 2232 3025 2304 lacrymarum
3056 2231 3281 2289 vallibus
3308 2231 3588 2288 dividitur.

1998 2320 2175 2377 Locus
2210 2322 2299 2380 ille
2351 2321 2603 2395 pusillum
2635 2325 2820 2381 urbem
2856 2326 3268 2396 supereminens
3306 2324 3459 2382 collis
3484 2336 3589 2391 est.

2000 2429 2171 2483 quare
2209 2430 2385 2487 neque
2444 2417 2803 2488 praegrandis,
2860 2419 2905 2475 si
2933 2417 3003 2474 ab
3055 2420 3168 2489 ipsa
3197 2420 3331 2475 urbe
3373 2419 3589 2489 conspi-

2001 2506 2212 2575 ciutur;
2269 2508 2314 2563 si
2339 2523 2468 2565 vero
2493 2511 2559 2566 ab
2582 2508 2817 2565 Jurdane
2844 2520 2906 2566 et
2938 2508 3199 2566 Bethania
3237 2510 3425 2577 oculos
3449 2526 3586 2567 con-

299 2603 449 2672 ομοῦ
476 2604 748 2669 κοιλάδος.
778 2606 971 2661 Ἔστιν
996 2605 1090 2663 οὖν
1128 2609 1157 2661 6
1185 2608 1356 2673 τόπος
1404 2598 1642 2682 σμικρόν
1686 2628 1737 2664 τι
1794 2611 1895 2679 τῆς

2001 2596 2217 2667 ieceris,
2264 2613 2428 2668 quam
2491 2600 2728 2655 maxime
2780 2598 3073 2668 prmcelsus
3115 2596 3588 2668 objicitur;collis

300 2695 520 2761 πόλεως
573 2696 1043 2771 ὑπερανεστηκὼς
1068 2697 1284 2768 βουνός.
1347 2699 1439 2753 Διὸ
1496 2700 1593 2754 καλ⁵
1623 2700 1687 2753 οὐ
1745 2700 1891 2755 πάνυ

301 2788 507 2859 μέγας,
540 2789 665 2844 ὅσον
708 2790 820 2845 άπὸ
846 2792 942 2845 τοῦ
975 2793 1078 2862 τῆς
1120 2794 1333 2858 πόλεως
1379 2793 1636 2865 φαίνεται
1668 2793 1895 2866 μέρους,

297 2881 417 2933 ἀπὸ
447 2881 503 2935 δὲ
555 2881 653 2936 τοῦ
695 2883 835 2956 πρὸς
860 2884 1139 2957 Ἰορδάνην
1192 2885 1401 2957 μέρους
1446 2886 1615 2942 αὑτοῦ
1649 2889 1745 2942 καὶ
1794 2889 1897 2957 τὴν

298 2974 606 3046 Βηθανίαν,
640 2978 738 3032 καὶ
773 2979 919 3034 πάνυ
951 2981 1104 3035 ἐστὶν
1137 2981 1507 3053 ὑψηλότατος,
1555 2982 1897 3054 χθαμαλίζεο

295 3087 391 3123 ται
419 3071 530 3142 γάρ
560 3072 620 3127 τὸ
644 3072 840 3128 τούτου
875 3076 1093 3146 κατάχυ
1104 3092 1182 3146 μα
1215 3076 1379 3147 μέχρι
1402 3076 1495 3130 καὶ
1524 3062 1624 3147 τῆς
1658 3077 1893 3149 ἐρήμου.

2002 2692 2146 2746 enim
2198 2708 2227 2745 a
2277 2692 2495 2748 deserto
2552 2692 2658 2748 leni
2700 2691 3004 2748 acclivitate
3042 2689 3305 2747 nascitur.
3331 2690 3389 2745 lu
3409 2689 3591 2760 capite

2006 2782 2229 2852 montis,
2262 2784 2413 2841 locus
2468 2794 2574 2852 est,
2600 2784 2657 2841 iu
2685 2800 2793 2855 quo
2841 2794 2964 2854 post
2999 2783 3452 2840 resurrectionem
3479 2780 3590 2837 ire—

2006 2886 2236 2946 quenter
2294 2876 2544 2933 Salvator
2596 2877 2893 2948 discipulos
2941 2884 3025 2933 est
3058 2874 3584 2946 ullocutus,postre—

2007 2983 2203 3038 moque
2228 2969 2573 3025 Ascensionis
2598 2968 2972 3025 admirandum
3007 2966 3320 3041 mysterium
3339 2966 3585 3038 perfecit.

1998 3060 2175 3134 Prope
2204 3078 2327 3117 eum
2380 3062 2635 3134 spelunca
2700 3062 2840 3118 inira
2868 3071 3166 3132 spectatur,
3199 3062 3255 3118 in
3272 3076 3377 3134 qua
3400 3070 3587 3117 sancta

309 3162 588 3237 Ύπάρχει
628 3162 721 3223 οὖν
762 3170 820 3223 ἐν
849 3171 916 3241 τῇ
948 3170 1111 3242 ὅρους
1145 3174 1361 3241 κορυφῇ
1408 3172 1437 3224 ό
1492 3170 1659 3235 τόπος
1706 3171 1788 3235 εἰς
1833 3171 1893 3224 ὃν

2001 3154 2211 3224 Pelagia
2268 3156 2590 3221 certamina,
2642 3156 2839 3227 qpibus
2869 3170 2928 3212 se
2962 3156 3273 3221 exercebat,
3334 3154 3585 3223 absolvit,

297 3261 725 3334 προσομιλήσας
766 3264 1034 3328 πολλάκις
1097 3264 1237 3335 μετὰ
1289 3262 1389 3334 τὴν
1443 3263 1745 3319 ἀνάστασιν
1784 3265 1901 3328 τοῖς

300 3353 584 3425 μαθηταῖς
611 3357 639 3410 ὁ
680 3357 901 3429 Σωτὴρ,
932 3357 1172 3429 ὕστερον
1205 3357 1301 3411 καὶ
1338 3356 1401 3410 τδ
1425 3357 1527 3425 τῆς
1555 3356 1902 3426 Ἀναλήψεως

298 3446 749 3520 φρικωδέστατον
788 3447 1091 3517 μυστήριον
1125 3444 1528 3515 ἀπειργάσατο.
1576 3444 1898 3517 Πρόσεγγυς

301 3540 363 3591 δὲ
407 3535 575 3591 αὑτοῦ
612 3535 862 3591 κάτωθέν
896 3538 1009 3591 ἐστι
1053 3537 1343 3607 σπήλαιον,
1382 3537 1439 3589 ἐν
1474 3528 1518 3604 ᾧ
1560 3536 1691 3600 τοὺς
1720 3536 1894 3607 ἀσκη-

298 3627 493 3689 τικοὺς
531 3625 729 3689 ἄθλους
764 3627 797 3696 ἡ
831 3626 963 3695 άγία
994 3625 1216 3695 διήνυσε
1271 3625 1541 3693 Πελαγία,
1578 3624 1665 3694 ἐφ’
1707 3617 1749 3693 ᾧ
1791 3629 1889 3680 καὶ

299 3720 365 3771 τὸ
396 3720 556 3785 ᾰγιον
593 3717 763 3786 αὐτῆς
802 3718 963 3785 σῶμα
1018 3719 1076 3771 ὲν
1130 3718 1362 3789 λάρνακι
1398 3717 1587 3787 λιθίνῳ
1638 3718 1901 3773 κατάκει-

297 3828 420 3863 ται.
448 3810 558 3862 Καὶ
585 3808 781 3863 τούτου
816 3810 1048 3880 πλησίον
1093 3810 1254 3872 ἄλλος
1302 3810 1539 3882 ὑπάρχει
1572 3810 1725 3875 ναὸς,
1762 3810 1899 3866 ἔνθα

298 3902 331 3951 ό
354 3899 561 3971 Κύριος
588 3902 702 3963 τοῖς
733 3900 1004 3972 μαθηταῖς
1019 3901 1117 3971 τὴν
1133 3899 1254 3966 τοῦ,
1282 3899 1477 3969 Πάτερ
1501 3898 1695 3970 ἡμῶν,
1731 3918 1901 3975 προσ·-

298 3994 473 4065 ευχὴν
508 3994 919 4065 παραδέδωκεν.
972 3996 1062 4048 Ἐν
1091 3989 1150 4047 δὲ
1184 3994 1265 4065 τῷ
1290 3994 1705 4068 εὐωνυμωτέρῳ
1737 3998 1898 4068 μέρει

305 4089 409 4156 τῆς
436 4087 647 4151 πόλεώς
673 4089 794 4141 ἐστι
822 4089 1192 4159 μοναστήριον
1220 4088 1530 4159 Ῥωμαῖκὺν
1552 4088 1895 4158 ὲπικτισθὲν,

300 4181 377 4245 ὡς
406 4182 435 4235 6
466 4181 622 4250 λόγος
648 4181 780 4252 ἔχει,
818 4183 875 4236 ἐν
898 4184 1009 4246 τοῖς
1041 4180 1313 4253 θεμελίοις
1369 4182 1469 4253 τῆς
1510 4182 1753 4249 παλαιᾶς
1801 4202 1896 4256 μο-

301 4277 405 4344 νῆς
439 4275 535 4344 τῆς
570 4276 725 4347 παρὰ
758 4275 857 4345 τῆς
891 4274 1143 4346 ἀοιδίμου
1174 4273 1433 4344 Μελάνης
1476 4275 1895 4348 ἀνεγερθείσης.

300 4367 564 4438 ’.ἀντικρὺ
589 4368 644 4422 δὲ
682 4365 777 4422 τοῦ
808 4366 1054 4423 τοιούτου
1079 4367 1242 4438 δρους
1275 4368 1375 4439 τῆς
1403 4366 1635 4433 πόλεως,
1665 4368 1897 4423 δπισθεν

305 4459 498 4523 καθὼς
534 4462 642 4514 άπὸ
678 4460 997 4532 Σαμαρείας
1023 4461 1160 4532 ἔχει,
1189 4459 1304 4513 εστι
1340 4460 1731 4531 μοναστήριον,
1764 4462 1823 4514 ἐν
1847 4454 1894 4532 ᾧ

2010 3253 2062 3298 et
2115 3254 2362 3302 sanetum
2407 3245 2553 3301 illLus
2602 3259 2800 3317 corpus
2846 3246 2900 3301 iu
2958 3261 3090 3300 urna
3125 3260 3290 3301 saxea
3331 3244 3587 3315 quiescit.

2008 3333 2125 3389 Non
2167 3335 2328 3408 longe
2382 3337 2535 3391 abest
2600 3336 2858 3406 templum
2898 3337 3064 3404 aliud,
3110 3336 3166 3391 in
3193 3350 3300 3407 quo
3329 3336 3588 3392 Dominus

2006 3429 2305 3499 discipulis,
2350 3428 2624 3485 Orationis
2690 3429 2986 3486 Domiuicae
3044 3430 3206 3485 verba
3259 3429 3501 3485 tradidit.
3528 3426 3586 3485 In

2004 3519 2223 3576 sitistra
2275 3522 2424 3578 urbis
2446 3532 2619 3593 parte,
2674 3523 2990 3580 Latinorum
3039 3534 3124 3580 est
3178 3525 3585 3587 monaSterium.

2004 3622 2336 3669 exstructqu
2401 3630 2563 3686 super
2618 3616 2977 3673 fundamentis
3003 3618 3206 3675 veteris
3247 3616 3584 3681 monasterii,

2007 3721 2035 3759 a
2074 3706 2214 3760 fama
2264 3708 2463 3763 celebri
2500 3707 2752 3777 Melania,
2808 3718 2868 3764 ut
2900 3710 3007 3764 fert
3049 3710 3290 3775 traditio,
3311 3708 3584 3765 ardilicati.

2003 3797 2142 3853 Aule
2203 3800 2346 3856 hunc
2394 3811 2631 3857 montem
2683 3815 2805 3872 post
2831 3804 3132 3871 civitatem,
3183 3813 3243 3860 ut
3283 3802 3585 3859 Samariam

2004 3894 2245 3964 respicit,
2277 3899 2669 3954 monasterium
2701 3901 2961 3972 assurgit,
3031 3901 3085 3957 in
3118 3902 3285 3972 quod,
3314 3911 3435 3973 post
3459 3914 3589 3955 san-

2001 3998 2148 4044 ctum
2224 4000 2686 4063 protomartyrem
2752 3993 3088 4067 Stephanum
3147 3995 3483 4066 lapidatum,
3532 4006 3589 4049 et

1999 4081 2122 4138 loco
2152 4082 2264 4153 jam
2302 4084 2449 4141 dicto
2480 4086 2799 4157 repositum,
2842 4098 3247 4144 sacrosanctum
3286 4087 3431 4143 illius
3462 4101 3589 4142 cor-

2001 4189 2100 4243 pus
2133 4190 2163 4229 a
2193 4174 2490 4232 Gamaliele
2519 4188 2789 4247 portatum
2816 4190 2919 4235 est.
2957 4178 3193 4235 Torrens
3219 4178 3587 4236 Gethsevnane

1997 4268 2206 4336 exiens,
2257 4271 2324 4325 ad
2354 4270 2525 4326 sancti
2584 4272 2740 4330 Salia:
2796 4273 3002 4328 laurum
3061 4274 3327 4345 pervenit,
3374 4283 3429 4329 et
3466 4272 3583 4330 loca

1996 4362 2167 4419 lluhte
2213 4366 2451 4430 deserta,
2505 4380 2625 4439 qua
2673 4367 2819 4423 circa
2889 4367 3160 4424 Mortuum
3219 4366 3580 4424 Sodomorum

1998 4476 2149 4517 mare
2175 4460 2549 4517 eﬂ'unduutur.

305 4553 452 4621 μετὰ
481 4555 542 4607 τὸ
584 4554 922 4624 λιθασθῆναι
956 4553 1050 4606 τὸν
1101 4554 1260 4622 ’ἅγιον
1289 4554 1739 4627 πρωτομάρτυρα
1768 4554 2064 4627 Στέφανον,
2096 4554 2193 4608 καὶ
2224 4553 2447 4625 τεθῆναι
2512 4554 2644 4610 ἔνθα
2692 4534 3049 4628 ῖπροέφημεν,
3108 4556 3214 4611 ὑπὸ
3268 4555 3368 4611 τοῦ
3394 4555 3587 4627 Γαμα-

300 4650 425 4719 λιὴλ
455 4649 720 4719 μετετέθη
753 4649 815 4702 τὸ
845 4648 989 4718 ἱερὸν
1016 4647 1224 4702 ἐκείνου
1246 4648 1342 4703 καὶ
1380 4646 1541 4717 ἅγιον
1574 4648 1756 4719 σῶμα.
1789 4648 1848 4702 '0
1875 4648 1934 4702 δὲ
1973 4647 2279 4719 χείμαρρος
2325 4648 2434 4702 ἀπὸ
2477 4650 2576 4719 τῆς
2644 4648 2683 4701 Γ
2686 4647 2989 4719 εθσιμανῆς
3020 4651 3335 4721 ἐρχόμενος,
3368 4648 3583 4723 διέρχε·

298 4763 394 4798 ται
434 4744 600 4814 μέχρι
632 4743 729 4811 τῆς
755 4740 959 4813 λαύρας
996 4740 1091 4794 τοῦ
1121 4742 1278 4809 ἁγίου
1322 4740 1495 4805 Σάῦα,
1567 4743 1662 4796 καὶ
1699 4742 1802 4814 τῆς
1852 4741 1949 4797 τοῦ
2000 4740 2201 4796 Ῥουὸά
2243 4740 2477 4813 ἐρήμου,
2509 4741 2634 4811 ἥτις
2684 4741 2816 4813 περὶ
2858 4739 2958 4813 τὴν
2992 4740 3210 4812 Νεκράν
3238 4743 3358 4796 ἐστὶ
3386 4740 3585 4797 θάλασ-

300 4856 409 4895 σαν
433 4838 545 4891 τῶν
583 4838 857 4908 Σοδόμων.

374 4936 475 5003 ις’.
535 4935 712 4999 Εὐθὺς
750 4931 842 4989 οὖν
878 4935 987 4989 άπὸ
1036 4937 1134 5005 τῆς
1182 4936 1529 5007 Γεθσιμανῆς
1556 4938 1690 4989 ὡσεὶ
1742 4937 1895 5002 τόξου

2083 4935 2171 4990 l6.
2224 4934 2415 5015 Statim
2473 4934 2656 5005 itaque
2694 4950 2722 4989 a
2762 4935 3147 5000 Gethsemane,
3194 4934 3343 5009 iactu
3373 4938 3585 5007 sagittas

303 5032 473 5103 βολὴν
547 5029 749 5083 ἄποθεν
837 5029 1055 5081 ἵσταται
1088 5031 1157 5092 ιδ
1213 5029 1508 5101 λεγόμενος
1558 5030 1900 5102 Κούκουμος,

300 5118 515 5187 κτίσμα
554 5119 646 5170 ἐπὶ
684 5118 860 5189 πέτρᾳ
893 5118 993 5187 μὲν
1029 5120 1269 5190 σχήματι
1299 5120 1518 5175 κτισθὲν
1549 5122 1900 5193 τετραγώνῳ.

300 5214 361 5263 ὲν
412 5209 566 5278 ὕψει,
600 5210 676 5272 ὡς
738 5205 919 5281 οἶμαι,
967 5212 1210 5281 δοράτων
1240 5211 1334 5267 δύο
1367 5214 1897 5284 ὑπερανιστάμενον,

301 5306 507 5367 misi;
538 5306 724 5376 σχῆμα
782 5306 1091 5379 πυραμίδος
1144 5310 1209 5361 ἐκ
1242 5308 1350 5362 τῶν
1402 5310 1551 5363 κάτω
1585 5312 1748 5382 μέχρι
1804 5311 1900 5364 καὶ

299 5392 517 5445 ἄνωθεν
544 5390 891 5462 όξυνόμενον,
924 5392 980 5446 ὲν
1014 5384 1058 5461 ᾧ
1090 5394 1183 5447 καὶ
1229 5394 1463 5465 μοναχῦς
1514 5396 1672 5465 ’ἰεηρ
1698 5397 1891 5449 ἑαυτὸν

298 5483 616 5553 ἐγκλείσας.
660 5485 759 5553 τῆς
791 5486 1001 5550 οἰκείας
1034 5488 1307 5559 σωτηρίας
1340 5487 1702 5559 ἐπιμελεῖται.
1736 5488 1891 5543 Μετὰ

297 5578 479 5631 ταῦτα
507 5578 622 5629 ἐστὶ
654 5578 824 5646 μέγας
850 5579 1027 5650 ὄχθος,
1065 5582 1143 5644 είς
1177 5581 1235 5635 ὃν
1262 5581 1500 5653 τεχνητὰ
1530 5581 1767 5654 διάφορα
1797 5601 1891 5652 γε·

299 5671 497 5739 γόνασι
530 5670 794 5740 σπήλαια,
825 5671 862 5727 ἃ
892 5674 1001 5727 τῶν
1028 5674 1325 5745 Παρθένων
1353 5677 1885 5749 προσαγορεύονται,

2003 5047 2112 5087 non
2166 5030 2397 5098 longius,
2431 5032 2523 5100 qui
2563 5030 2837 5086 Cueumus
2867 5031 3089 5099 dicitur,
3136 5030 3585 5086 sustulliturzedi-

2000 5125 2182 5180 [icium
2230 5137 2391 5189 super
2431 5136 2585 5189 saxo,
2615 5114 2876 5193 quadrata
2923 5132 3210 5187 structum,
3249 5134 3305 5177 ut
3333 5123 3580 5191 ,videtur,

2004 5217 2215 5287 ﬁgura;
2252 5216 2528 5269 hastarum
2581 5215 2831 5284 duarum,
2863 5225 2922 5270 ut
2952 5214 3069 5286 ipse
3124 5216 3395 5284 existimo,
3456 5217 3581 5271 alti-

2001 5312 2203 5373 tudine.
2262 5318 2317 5364 et
2368 5306 2435 5360 ab
2483 5309 2605 5364 imis
2654 5310 2897 5379 partibus
2957 5311 3024 5364 ad
3074 5323 3301 5365 acumen
3326 5310 3497 5380 ipsum
3524 5308 3578 5367 in

1999 5402 2298 5476 pyramidis
2350 5400 2581 5457 formam
2634 5411 2925 5462 tenuatur:
2984 5402 3037 5457 in
3098 5416 3206 5473 quo
3279 5404 3579 5460 monachus

1996 5497 2185 5565 llierus
2202 5511 2393 5568 sponte
2422 5499 2683 5563 inclusus,
2709 5496 2759 5550 in
2788 5493 2983 5551 salutis
3008 5510 3120 5550 sua:
3151 5509 3338 5550 curam
3364 5496 3573 5549 incum-

1995 5588 2094 5643 bit.
2146 5588 2403 5659 Sequitur
2450 5590 2642 5645 deinde
2672 5585 3005 5659 praegrandis
3055 5600 3238 5655 rupes,
3268 5586 3321 5642 in
3352 5587 3467 5658 {qua
3496 5586 3579 5642 di-

1988 5696 2163 5737 versae
2206 5685 2499 5753 speluncae,
2538 5681 2819 5753 Virginum
2851 5681 3071 5737 nomine
3116 5691 3458 5751 nuneupatze,
3486 5682 3573 5737 in.

300 5766 380 5829 είς
409 5764 446 5821 ἃ
481 5764 830 5820 κατοικοῦσιν
860 5766 1033 5836 ὀλίγοι
1075 5770 1179 5840 μὲν
1218 5770 1514 5842 ὀρθόδοξθι,
1551 5771 1799 5834 πλείονες
1828 5772 1887 5825 δὲ

2001 5771 2202 5828 dustriu
2250 5774 2481 5831 artillcio
2532 5782 2801 5828 excavatae
2862 5780 3150 5828 suntzeas
3200 5771 3445 5827 habitant
3506 5785 3574 5825 ex

300 5860 585 5932 Ἀρμένιοι
624 5860 719 5916 καὶ
762 5858 1080 5917 ἰακωείται
1131 5864 1377 5935 μοναχοί.
1416 5860 1548 5921 Εἶτα
1595 5865 1656 5921 τὸ
1694 5866 1883 5938 χάσμα

2001 5865 2312 5924 urthodoxis
2365 5866 2556 5938 pauci,
2616 5864 2711 5923 sed
2758 5863 2963 5935 majore
2996 5864 3151 5938 copia
3195 5861 3436 5926 Armenii
3456 5874 3575 5920 mo-
