4004 6206
485 335 585 401 94⁸1

1745 327 2070 420 'JoANNIs
2140 335 2404 400 ruens

3625 320 3731 386 948

477 451 638 508 nacbi
665 459 718 506 et
739 447 1020 504 Jacobitaz.
1047 445 1393 502 Postmodutn
1439 446 1638 512 hiatus,
1673 447 1761 504 ubi
1791 450 2056 520 lacryma-

2179 454 2337 506 :xsivo
2376 449 2682 520 εὐρύνεται,
2711 447 2835 502 καθ’
2862 448 2920 502 6v
2949 447 3111 502 τόπον
3133 445 3166 516 ή
3192 441 3396 506 Κοιλὰς
3422 439 3515 495 τοῦ
3546 438 3734 493 Κλαυο

480 560 594 598 rnm
664 541 816 595 vallis
862 541 1184 606 refunditur,
1239 539 1527 606 dilatatur;
1599 539 1848 610 ultraque
1875 543 2047 610 ipsam

478 651 604 706 ager
663 633 824 703 ﬁguli,
890 634 981 702 qni
1044 633 1216 699 pretio
1256 632 1548 686 Dominico'
1594 632 1660 688 ad
1715 632 2052 702 sepeliendos

481 728 793 798 peregrinos
838 727 1139 782 conductus
1185 735 1289 780 est.
1343 726 1542 795 Agrum
1579 726 1777 796 excipit
1826 725 2049 782 Siloami

481 824 706 893 piscina,
750 823 924 876 enatis
977 821 1073 876 abs
1123 836 1179 875 sc
1210 820 1364 889 aquis
1429 829 1592 874 totam
1616 819 1761 889 illam
1811 820 2054 875 siccitate

481 915 754 969 horridam
783 916 1056 982 regioaem
1091 915 1351 967 irrorans.
1410 910 1538 966 lnde
1572 920 1625 966 et
1658 922 1806 978 prata
1850 911 2054 979 aliquot

482 1022 651 1077 pauca
705 1018 755 1062 et
800 1007 1028 1070 modica,
1089 1007 1140 1058 in
1200 1005 1354 1059 vallis
1416 1003 1718 1067 latitudine,
1774 1003 2056 1058 arboribus

483 1099 736 1160 consitae,
793 1097 1220 1166 conspiciuntur.
1265 1096 1409 1150 Fons
1450 1094 1745 1151 fornicibus
1787 1103 1841 1149 et
1867 1093 2057 1164 spissis

481 1188 750 1244 columnis
783 1189 1108 1253 obvallatnr,
1133 1196 1186 1242 et
1214 1195 1546 1242 venustatem
1587 1186 1831 1252 obtinet;
1877 1193 1930 1240 et
1959 1184 2060 1239 hoc

486 1282 646 1337 modo
689 1281 841 1335 vallis
900 1282 966 1335 ad
999 1281 1172 1336 sancti
1218 1279 1372 1335 Saba:
1419 1279 1647 1343 lauram,
1696 1286 1755 1332 ut
1803 1277 2059 1341 diximus,

487 1373 733 1429 undecim
766 1388 1024 1443 passuum
1057 1372 1289 1428 millibus
1313 1372 1550 1425 excurrit
1578 1386 1591 1424 :
1625 1370 1715 1424 ubi
1747 1386 1875 1425 vero
1912 1369 2059 1423 laura

489 1475 543 1522 et
599 1467 854 1536 templum
899 1473 951 1519 et
1010 1465 1314 1534 sepulcrum
1372 1463 1540 1518 sancti
1601 1471 1916 1532 spectantur
1953 1501 1967 1525 ,
2009 1463 2061 1514 in

493 1560 784 1629 ntnpliort‘s
809 1558 1248 1628 horridioresque
1306 1557 1591 1626 voragines
1621 1553 1788 1609 vastis
1825 1554 2065 1608 faucibus

488 1654 806 1726 prolatatnr.
875 1651 1013 1706 Ante
1056 1652 1283 1716 lauram,
1347 1650 1397 1706 in
1483 1651 1730 1720 utrisque
1811 1646 2066 1718 prmrupti

493 1748 691 1802 montis
744 1745 898 1817 ripis,
942 1743 1210 1814 spelunca:
1259 1755 1312 1799 et
1344 1744 1550 1812 pusillae
1582 1752 1757 1797 turres
1788 1741 2066 1806 visuntur;

2153 542 2367 612 θμῶνός
2404 543 2539 594 ἐστι.
2583 539 2691 594 Καὶ
2731 538 2970 610 πέραθεν
2997 536 3204 608 ταύτης
3229 537 3258 588 6
3285 532 3454 604 ἀγρὸς
3499 529 3594 585 τοῦ
3635 521 3716 582 Κε

2157 634 2406 706 ραμέως,
2455 635 2483 687 6
2533 634 2615 696 εἰς
2644 631 2824 703 ταφὴν
2855 630 2963 684 τῶν
2993 629 3158 696 ξένων
3190 625 3486 700 ἐξωνηθεὶς
3519 622 3610 677 διὰ
3636 620 3735 675 τοῦ

2155 727 2444 799 Κυριακοῦν
2492 727 2820 797 τιμήματος.
2875 721 3032 778 Μετὰ
3077 720 3251 775 ταῦτα
3297 720 3332 788 ἡ
3368 717 3464 770 τοῦ
3509 714 3738 783 Σιλωὰμ

2156 817 2535 889 κολυμϐήθρα,
2565 818 2680 880 τοῖς
2722 815 2781 881 ἐξ
2810 814 2985 883 αὐτῆς
3018 815 3224 882 νάμασι
3273 809 3366 863 τὸν
3428 807 3741 877 κατάξηρον

2157 916 2366 968 ἐκεῖνον
2401 912 2664 982 κατάρδει
2716 912 2917 982 χῶρον.
2970 905 3289 962 Κάντεῦθεν
3319 903 3416 956 καὶ
3466 898 3740 970 λειμῶνες

2161 1007 2370 1076 μέτριοι
2425 1005 2550 1074 περὶ
2583 1003 2644 1057 τὸ
2697 1003 2898 1065 πλάτος
2943 1000 3045 1070 τῆς
3075 997 3318 1059 κοιλάδος
3351 993 3587 1066 ὁρῶνται
3638 1008 3743 1043 κα-

2157 1098 2457 1170 τάδενδροι.
2523 1097 2588 1150 Ἦ
2654 1095 2843 1168 μέντοι
2920 1092 3070 1164 πηγὴ
3144 1090 3248 1143 ὑπὸ
3304 1085 3574 1157 καμαρῶν
3647 1082 3746 1134 καὶ

2161 1189 2356 1246 κιόνων
2427 1186 2636 1257 συχνῶν
2694 1182 3184 1255 περιθριγγοῦται,
3260 1180 3353 1232 καὶ
3421 1174 3746 1248 ὡραΐζεται.

2161 1282 2273 1335 Καὶ
2330 1279 2517 1344 οὕτως·
2575 1278 2878 1348 ἀπέρχεται
2939 1277 2972 1341 ἡ
3006 1273 3208 1337 Κοιλίις
3259 1270 3398 1340 αὕτη
3436 1265 3746 1339 μέχριντῆς

2163 1375 2366 1446 λαύρας
2400 1372 2493 1427 τοῦ
2528 1371 2710 1440 ἁγίουι
2742 1371 2913 1436 Σάϐα,
2967 1369 3042 1431 ὡς
3076 1367 3308 1436 ἔφημεν,
3347 1363 3438 1416 ἐπὶ
3468 1362 3623 1433 μίλια
3653 1355 3746 1411 ια’.

2178 1469 2327 1524 Ἐκεῖ
2355 1467 2448 1522 οὖν
2482 1463 2773 1537 εὐρύνεται
2806 1467 2837 1533 ἡ
2886 1463 3087 1524 Κοιλὰς
3146 1461 3203 1512 ὲν
3238 1458 3482 1530 χάσματι
3519 1452 3750 1523 μεγάλῳ

2167 1563 2261 1613 καὶ
2284 1555 2579 1634 αὐχμηρῷ.
2623 1553 2794 1609 Ἔνθα
2814 1554 2910 1606 καὶ
2938 1552 2973 1622 ἠ
3000 1548 3200 1620 λαύρα,
3240 1547 3334 1600 καὶ
3359 1548 3387 1599 ὁ
3422 1542 3571 1608 ναος,
3591 1542 3686 1594 καὶ
3723 1540 3754 1592 6

2166 1651 2338 1721 τάφος
2360 1651 2454 1704 τοῦ
2489 1649 2645 1718 ἁγίου
2674 1649 2890 1720 ὁρᾶται.
2929 1644 3040 1715 Πρὸ
3077 1643 3134 1695 δὲ
3164 1643 3260 1710 τῆς
3291 1638 3500 1708 λαύρας
3532 1637 3614 1698 εἰς
3649 1633 3753 1695 τὰς

2171 1741 2498 1812 ἀμφοτέρας
2529 1737 2625 1792 τοῦ
2658 1733 3096 1809 χαραδρώματος
3130 1729 3299 1801 ὄχθας
3332 1727 3442 1783 είσὶ
3480 1723 3753 1797 σπήλαια,

493 1858 607 1904 cas,
667 1841 757 1910 qui
811 1839 1067 1893 mundum
1133 1836 1386 1907 illiusque
1415 1835 1597 1890 luxum
1657 1833 1977 1896 abhorrent,
2006 1833 2075 1886 ob

2179 1839 2274 1890 ml
2306 1832 2654 1906 πυργώματα
2689 1829 2886 1901 μικρὰ,
2944 1828 3025 1890 εἰς
3074 1827 3110 1880 ὃ.
3143 1821 3544 1882 κατοικοῦντες.
3576 1818 3629 1871 οἱ
3657 1817 3758 1868 τ’,ν

494 1933 617 1992 οωιί
653 1948 878 2001 regnum
948 1929 1271 1992 inhabitant,
1322 1937 1375 1983 et
1400 1926 1748 1996 impatibilem
1789 1934 1952 1981 aestus
1988 1939 2076 1976 ar-

495 2029 682 2080 dorem
733 2024 1020 2087 sustinent,
1066 2019 1302 2085 flamma,
1341 2035 1461 2092 quae
1493 2017 1873 2090 exstinguitur,
1920 2017 2076 2070 llam-

501 2133 666 2182 mam,
693 2133 812 2186 quae
851 2114 1119 2185 exs‘ingui
1140 2114 1343 2184 nequit,
1369 2113 1794 2182 exstinguentes.
1820 2109 1916 2164 Ubi
1948 2119 2082 2162 tem-

498 2212 671 2275 plum,
695 2221 745 2264 et
795 2207 991 2263 Deiferi
1032 2207 1204 2262 sancti
1236 2204 1414 2260 Patris
1462 2204 1617 2260 Sabue
1645 2201 1946 2272 sepulcrum
1974 2208 2078 2270 est.

497 2305 551 2357 in
588 2314 697 2358 tres
748 2315 927 2371 partes
948 2299 1119 2354 divisa
1172 2299 1449 2365 convallis,
1501 2298 1556 2352 in
1595 2310 1840 2367 magnam
1868 2283 2081 2362 voragi-

499 2410 622 2451 Item
663 2408 716 2452 et
742 2395 1059 2467 profundam
1102 2393 1437 2449 altitudinem
1493 2391 1857 2460 immergitur.
1913 2386 2081 2456 Hujus

500 2498 741 2544 extrema
794 2487 1102 2559 ingentibus
1151 2486 1389 2541 turribus
1461 2492 1682 2539 sanctus
1745 2480 2080 2545 sull‘ulciens,

500 2583 556 2632 in
622 2578 797 2634 medio
859 2578 1117 2648 templum
1185 2576 1379 2640 erexit,
1437 2582 1493 2653 et
1553 2572 1926 2628 recentissima
1992 2572 2080 2624 illa

499 2671 776 2728 Asceteria
833 2672 888 2727 in
951 2665 1153 2726 ambitu
1227 2668 1515 2734 exstruxit,
1567 2677 1622 2722 ut
1677 2665 1980 2732 conscripta
2017 2663 2083 2717 de

499 2765 818 2824 admiranda
871 2765 1013 2821 illius
1043 2764 1150 2819 vita
1180 2763 1405 2818 historia
1439 2761 1624 2815 tradit.
1652 2757 1937 2829 Templum
1974 2758 2081 2808 ita-

499 2877 605 2932 que
658 2858 1068 2915 delectationem
1117 2857 1357 2924 undique
1407 2851 1679 2916 conciliat,
1743 2849 2080 2921 prmgrande.

502 2954 854 3022 pra-longum,
879 2949 1097 3004 luminis
1127 2947 1343 3018 plenum
1379 2962 1394 2999 :
1429 2943 1793 3016 pavimentum
1847 2953 2083 2994 marmo-

503 3045 674 3106 ribus,
708 3044 904 3098 vilibus
964 3040 1068 3096 illis
1091 3053 1220 3095 sane
1243 3050 1294 3093 et
1321 3052 1382 3091 cx
1426 3050 1612 3092 eremo
1640 3034 1900 3099 advectis,
1933 3031 2083 3086 varie

503 3145 684 3190 tamen
732 3132 1042 3202 aﬂ‘abrcquc
1092 3130 1404 3196 elaboratis,
1471 3128 1882 3182 condecoratur.
1940 3122 2081 3177 Ante

507 3227 793 3293 temtlum,
821 3225 1017 3280 atrium
1042 3231 1148 3284 est,
1176 3222 1441 3290 lapidibus
1467 3229 1739 3283 stratum;
1775 3226 1828 3271 et
1860 3218 1912 3272 in
1936 3213 2082 3270 illius

509 3320 685 3374 medio
714 3318 890 3389 magni
927 3315 1101 3370 Patris
1121 3313 1290 3368 nostri
1316 3312 1469 3367 Saba;
1505 3311 1834 3382 sepulcrum,
1857 3322 1888 3363 e
1917 3317 2082 3368 terra,

507 3413 731 3479 palmari
781 3395 1083 3473 altitudine,
1138 3403 1814 3468 eminens,candidissima
1851 3415 2085 3455 manno-

508 3524 598 3562 rea
652 3506 846 3562 tabella
909 3511 1153 3574 opertum
1185 3517 1199 3554 :
1234 3515 1395 3570 prope
1445 3499 1574 3554 illud
1622 3496 1958 3564 circumque,
1988 3505 2086 3546 nec

511 3618 614 3654 non
669 3599 766 3655 sub
799 3607 966 3660 terra,
1016 3606 1324 3654 sanctorum
1359 3592 1602 3655 Patrum,
1629 3592 1742 3658 qui,
1789 3586 2082 3643 solitariam

506 3694 671 3745 vitam
709 3700 951 3760 agentes,
978 3687 1211 3742 illustres
1235 3685 1401 3741 habiti
1430 3694 1577 3748 sunt,
1627 3695 1841 3750 unaque
1871 3693 1993 3734 cum
2021 3677 2085 3732 iis

509 3792 818 3838 sanctorum
847 3782 1055 3835 (Iosmaz
1077 3789 1127 3832 et
1146 3776 1393 3840 Joannis,
1417 3776 1758 3844 antiquorum
1783 3779 2084 3841 poetarum,

508 3874 755 3944 sepulcra
811 3867 1225 3942 spectantur.lu
1256 3866 1510 3922 illislocis
1560 3865 1728 3920 ferme
1749 3863 1813 3916 ad
1853 3859 2086 3927 quadra-

508 3970 656 4039 ginta
713 3966 950 4023 deiferos
1001 3962 1166 4028 viros,
1196 3972 1248 4018 et
1281 3971 1408 4016 ante
1467 3959 1602 4014 alios
1626 3957 1965 4028 spectabiles.
2000 3954 2084 4008 in-

508 4062 692 4134 spexi;
755 4060 1002 4129 interque
1023 4072 1115 4113 eos
1146 4054 1482 4124 polissimum
1517 4066 1634 4116 sex,
1664 4052 1752 4119 qui
1776 4062 1873 4117 pro
1902 4061 1959 4101 sc
1985 4045 2084 4112 ipsi

511 4156 680 4208 Deum
713 4152 1081 4220 alloquuntur.
1108 4145 1302 4200 Eorum
1345 4142 1561 4198 nomina
1584 4146 1728 4203 sunt,
1759 4137 2084 4214 Stephanus,

509 4245 848 4306 Theodorus,
897 4252 954 4298 et
1007 4239 1232 4303 Paulus;
1290 4244 1518 4308 quartus
1588 4249 1655 4289 ex
1718 4246 1905 4302 magna
1958 4230 2087 4282 urbe

510 4352 689 4394 ortum
743 4339 942 4401 habet;
1003 4332 1223 4402 quintus
1249 4339 1364 4384 erat
1419 4327 1639 4389 Iberus;
1679 4333 1884 4386 sextus,
1914 4319 2085 4389 quiin

508 4431 749 4485 omnium
805 4442 922 4490 ore,
974 4423 1114 4494 quod
1179 4423 1385 4479 occulta
1430 4412 1745 4490 perspiciat,
1817 4425 2084 4478 versatur,

506 4520 739 4577 Joannes
765 4520 976 4591 Stylila.
1262 4515 1302 4530 "

581 4731 669 4782 l7.
723 4724 1052 4796 Regrcdicns
1079 4721 1259 4790 itaque
1289 4718 1355 4772 ad
1397 4729 1610 4773 sacram
1646 4713 1938 4775 civitatem,
1973 4724 2080 4764 non

511 4839 606 4891 per
663 4821 875 4882 vallem,
935 4816 1028 4872 sed
1063 4811 1262 4868 montis
1296 4811 1537 4865 dorsum.
1568 4821 1661 4861 sex
1693 4804 1926 4858 millibus
1956 4817 2082 4871 pass

510 4931 688 4972 suum,
721 4922 1009 4976 antequam
1037 4906 1206 4975 ipsam
1234 4901 1494 4972 appellas,
1521 4898 1690 4953 sancti
1720 4896 1892 4950 Patris
1915 4893 2080 4947 nostri

513 5001 797 5057 Theodosii
825 4995 1230 5053 Cmttobiarchm
1256 4990 1637 5046 monasterium
1665 4987 1925 5042 offendes.
1955 4983 2080 5038 Illud

510 5098 674 5152 Variis
704 5092 938 5148 turribus
981 5088 1426 5143 tircummunitnr
1465 5102 1480 5140 :
1519 5093 1749 5152 anteque
1787 5082 1978 5151 ipsum,
2017 5079 2083 5132 ad

510 5193 721 5259 sagitta:
765 5186 969 5257 jactutn
997 5180 1171 5237 fornix
1227 5178 1484 5242 occurrit,
1531 5175 1585 5230 in
1631 5191 1759 5246 qua,
1803 5185 1860 5227 ut
1895 5185 2084 5225 auctor

510 5282 647 5338 Vitae
683 5283 826 5337 illius
865 5277 1050 5340 refert,
1087 5290 1246 5347 supra
1270 5274 1508 5344 ejusdem
1569 5285 1786 5325 manum
1830 5266 2083 5324 exstincti

511 5376 777 5432 carbones
834 5371 1078 5427 succensi
1119 5375 1264 5428 sunt.
1314 5367 1373 5423 lu
1437 5363 1616 5418 medio
1674 5360 2006 5424 monasterii,
2031 5359 2083 5412 in

512 5467 630 5522 loco
672 5462 1038 5526 eminentiori,
1067 5459 1322 5529 templum
1370 5457 1612 5526 erigitur,
1659 5463 1800 5508 tecto
1834 5453 2081 5514 rotundo,

516 5569 572 5616 et
623 5559 721 5612 sub
748 5571 814 5610 eo
863 5553 1144 5623 spelunca,
1181 5551 1232 5604 in
1264 5562 1371 5620 qua
1418 5559 1502 5604 est
1541 5545 1709 5602 sancti
1745 5544 2081 5612 sepulcrum;

515 5664 788 5720 penusque
842 5647 967 5700 illm!
1022 5647 1128 5699 duo
1152 5642 1408 5708 fornices,
1465 5643 1517 5694 in
1543 5639 1738 5708 quibus
1768 5649 2085 5706 magnorum

513 5753 822 5801 sanctorum
895 5738 1133 5807 reliquis:
1181 5734 1505 5790 conduntur.
1575 5733 1856 5804 Speluncae
1907 5727 2085 5783 scalas

515 5835 870 5902 descendens,
899 5831 1122 5896 ulterius
1163 5845 1194 5886 a
1231 5829 1398 5888 latere
1413 5828 1686 5902 spelunca:
1721 5825 1962 5883 foramen
1993 5821 2084 5877 in-

2178 1898 2398 1996 κόσμον,
2554 1923 2654 1992 τὴν
2686 1898 2852 1975 αὑτοῦ
2883 1917 3093 1990 τρυφὴν
3125 1911 3509 1985 βδελυξάμενοι
3537 1907 3629 1960 διὰ
3653 1898 3760 1972 ἣν

2179 2019 2288 2072 τῶν
2320 2015 2566 2088 οὐρανῶν
2589 2011 2891 2084 βασιλείαν,
2927 2010 3025 2080 τὴν
3057 2006 3385 2063 ἀνύποιστον
3409 2001 3629 2069 ἐκείνην
3654 1994 3759 2050 τοῦ

2181 2111 2462 2179 καύματος
2496 2106 2831 2178 ὑπομένουσι
2864 2103 3161 2175 φλόγωσιν,
3225 2098 3388 2171 φλογὶ
3441 2091 3762 2150 κατασῦεί-

2181 2205 2399 2264 νύοντες
2429 2200 2626 2271 φλόγα,
2663 2202 2750 2254 διὰ
2789 2199 2890 2270 τῆς
2924 2195 3292 2266 σεεννυμένης
3315 2192 3414 2260 τὴν
3463 2186 3755 2243 ἄσϐεστον.

2194 2296 2281 2348 Ἑν
2301 2294 2358 2349 δὲ
2383 2294 2461 2363 τῷ
2483 2295 2632 2363 τόπῳ
2660 2295 2718 2346 ὲν
2814 2292 2966 2345 ἐστιν
2998 2292 3025 2344 ὁ
3059 2287 3207 2354 ναὸς,
3242 2284 3336 2339 καὶ
3372 2285 3400 2337 6
3432 2279 3528 2334 τοῦ
3560 2277 3763 2345 θεοφό-

2187 2406 2278 2458 ρου
2316 2387 2472 2456 ἁγίου
2521 2388 2734 2458 Πατρος
2766 2383 2915 2440 Σάὸα
2939 2383 3130 2453 τάφος,
3159 2378 3324 2451 τριχῆ
3348 2372 3689 2446 διαιρεθεῖσα
3726 2373 3760 2438 ή

2184 2477 2424 2548 φάραγξ,
2455 2475 2548 2530 ἐπὶ
2578 2475 2800 2548 μεγάλῳ
2831 2473 3124 2545 βαθύνεται
3156 2471 3422 2541 χάσματι.
3455 2461 3664 2517 Τούτου
3692 2459 3764 2510 τά

2183 2573 2328 2643 ἁκρα
2353 2568 2653 2642 πυργώσας
2680 2569 2709 2622 ὁ
2739 2567 2894 2636 ἁγιος
2943 2568 3001 2620 ὲν
3031 2563 3262 2635 πύργοις
3299 2557 3560 2630 μεγάλοις
3594 2555 3763 2624 μέσον

2183 2668 2275 2722 τον
2305 2665 2432 2720 ναὸν
2458 2661 2720 2734 ιπήξατο,
2755 2663 2850 2715 καὶ
2885 2659 2958 2712 τὰ
3000 2657 3296 2712 καινότατα
3351 2653 3536 2706 ἐκεῖνα
3579 2651 3763 2718 ἀσκη-

2185 2756 2351 2828 τήρια
2383 2751 2649 2807 κυκλόθεν
2675 2750 2995 2817 εἰργάσατο,
3020 2745 3206 2810 καθὼς
3241 2746 3274 2815 ἡ
3309 2741 3404 2797 τοῦ
3438 2735 3765 2808 θαυμαστοῦ

2185 2852 2351 2908 αὑτοῦ
2385 2850 2500 2922 βίου
2552 2846 2911 2918 διαλαμϐάνει
2949 2844 3162 2915 γραφή.
3193 2843 3380 2896 Ἔστιν
3431 2831 3527 2890 οῦν
3556 2836 3589 2888 6
3637 2833 3765 2893 ναὸς

2185 2947 2368 3014 πάσης
2411 2941 2699 3006 ἀνάπλεως
2743 2939 3134 3010 τερπνότητος.
3169 2934 3498 3004 «apparas.
3549 2928 3768 2998 επιμή·

2186 3051 2313 3105 κης,
2338 3032 2555 3102 πλήρης
2586 3027 2786 3099 φωτός.
2829 3027 2901 3079 Τὸ
2931 3026 2986 3079 δὲ
3029 3023 3259 3078 δάπεδον
3295 3019 3489 3075 τούτου
3533 3019 3766 3088 μαρμά-

2192 3144 2304 3199 ροις
2359 3122 2862 3194 ἑγκαλλυνὸμενον,
2922 3117 3170 3173 εὐτελέσι
3223 3114 3343 3186 μιν,
3403 3113 3498 3168 καὶ
3561 3112 3627 3164 ἐκ
3664 3109 3769 3176 τῆς

2189 3220 2422 3289 ἐρήμου,
2469 3214 2584 3269 ἀλλ’
2617 3215 2765 3285 ὅμως
2801 3211 3062 3274 ποικίλως
3110 3207 3581 3280 ἐξειργασμένοις.
3623 3203 3768 3271 Ἐμ-

2190 3313 2425 3386 προσθεν
2454 3310 2508 3363 δὲ
2534 3307 2626 3362 τοῦ
2653 3309 2784 3362 ναοῦ
2811 3307 3127 3380 περιαύλιον
3170 3304 3404 3374 ὑπάρχει
3455 3300 3762 3369 λιθόστρωο

2186 3421 2298 3467 τον.
2335 3400 2430 3454 καὶ
2473 3397 2634 3467 μέσον
2667 3397 2832 3451 αὐτοῦ
2863 3398 2891 3449 ὁ
2931 3396 3098 3466 τάφος
3135 3393 3231 3446 τοῦ
3268 3389 3510 3464 μεγάλου
3546 3386 3765 3452 Πατρὶς

2188 3497 2345 3567 ἡμῶν
2375 3495 2546 3559 Σάϐα,
2587 3493 2714 3545 ὡσεὶ
2767 3487 3130 3560 σπηθαμιαεῳ
3182 3485 3366 3554 μέτρῳ
3401 3479 3769 3551 ύπερανέχων

2188 3591 2288 3660 τῆς
2320 3591 2441 3659 γῆς.
2477 3586 2779 3655 λευκοτάτη
2813 3581 3154 3650 σκεπόμενος
3191 3574 3525 3648 μαρμαρίνῳ
3564 3572 3765 3624 «nunc;

2189 3657 2509 3750 Πρόσεγγυς
2533 3674 2588 3727 δὲ
2613 3674 2830 3734 τούτου,
2866 3671 2964 3724 καὶ
3006 3665 3257 3737 γύρωθεν
3305 3664 3386 3717 ἔτι
3421 3678 3478 3715 τε
3527 3661 3624 3713 καὶ
3651 3657 3763 3711 ὑπὸ

2187 3770 2287 3842 τὴν
2311 3771 2414 3841 γῆν
2443 3767 2550 3822 τῶν
2595 3769 2651 3821 ὲν
2680 3765 2874 3836 ἐρήμῳ
2899 3760 3232 3832 λαμψάντων
3267 3756 3439 3825 ἁγίων
3495 3753 3764 3821 Πατέρων

2187 3863 2422 3935 ὁρῶνται
2447 3862 2513 3914 τά
2548 3861 2824 3930 μνήματα.
2859 3854 2993 3908 Μεθ’
3017 3848 3090 3907 ὧν
3111 3851 3205 3906 καὶ
3230 3849 3339 3903 τῶν
3360 3848 3535 3916 ἁγίων
3563 3843 3772 3913 Κοσμᾶ

2189 3959 2284 4011 καὶ
2311 3956 2563 4009 Ἰωάννου
2594 3952 2826 4026 ὁρῶνται
2856 3948 2922 4003 τά
2952 3948 3239 4019 μνήματα,
3259 3942 3371 3995 τῶν
3400 3938 3569 3994 πάλαι
3600 3953 3768 4006 ποιη-

2188 4049 2317 4104 τῶν.
2395 4043 2593 4114 Ἐγγύς
2655 4060 2760 4096 που
2812 4040 2920 4094 τῶν
2973 4036 3384 4106 τεσσαράκοντα
3463 4030 3770 4100 θεοφόρους

2190 4142 2388 4212 ἄνδρας
2415 4139 2525 4192 τῶν
2573 4134 2754 4190 ἄλλων
2800 4125 3338 4200 ὲκλελεγμένους,⁶ἒξ
3369 4124 3425 4179 δὲ
3482 4123 3543 4188 ἐξ
3578 4122 3766 4176 αὐτῶν

2188 4239 2413 4308 άμὲσως
2443 4232 2769 4306 ὁμιλοῦντας
2803 4227 2946 4298 Θεῷ,
2976 4218 3049 4280 ὧν
3075 4226 3131 4278 αἱ
3164 4223 3408 4294 κλήσεις,
3465 4219 3768 4288 Στέφανος,

2189 4329 2484 4398 Θεόδωρος,
2530 4326 2622 4379 καὶ
2653 4321 2885 4385 Παῦλος,
2935 4320 2962 4372 6
2993 4318 3047 4372 δὲ
3090 4317 3351 4385 τέταρτος
3403 4310 3664 4384 ὥρμηται
3699 4311 3770 4361 ὲκ

2196 4422 2296 4490 τῆς
2347 4417 2588 4488 μεγάλης
2639 4413 2868 4475 πόλεως,
2921 4410 3017 4464 καλ⁸
3049 4412 3076 4462 ὁ
3127 4407 3377 4477 πέμπτος
3410 4402 3572 4474 Ἰϐηρ
3604 4398 3696 4472 ἦν,
3737 4403 3770 4456 6

2121 4528 2162 4584 ο
2186 4515 2243 4568 δὲ
2271 4514 2427 4575 ἕκτος
2455 4512 2670 4580 ὁξπᾶσιν
2686 4505 3035 4576 ὲντῷέδιορᾷν
3058 4500 3407 4573 περιϐόητος,
3439 4499 3467 4552 6
3504 4498 3767 4566 στηλίτης

2206 4605 2484 4676 Ἰωάννης.

2267 4699 2353 4765 ιζ’.
2403 4694 2910 4765 ’Υποστρεφόμενος
2944 4683 3038 4744 οῦν
3072 4689 3208 4767 πρὸς
3233 4685 3332 4758 τὴν
3369 4685 3535 4755 ἁγίαν
3581 4684 3767 4749 πόλιν,

2189 4797 2250 4848 οὐ
2295 4793 2386 4847 διὰ
2412 4790 2513 4861 τῆς
2564 4784 2833 4851 κοιλάδος,
2895 4781 3032 4837 ἀλλὰ
3057 4782 3146 4836 διὰ
3173 4779 3266 4836 τοῦ
3311 4779 3518 4852 ταύτης
3568 4775 3767 4846 ζυγοῦ.

2190 4887 2446 4959 εὑρήσεις
2482 4881 2592 4953 πρὸ
2619 4879 2680 4946 ἓξ
2712 4878 2906 4949 μιλίων
2939 4875 3114 4946 αὐτῆς
3135 4876 3234 4945 τὴν
3269 4876 3439 4946 μονὴν
3471 4871 3566 4926 τοῦ
3612 4873 3770 4925 ὁσίου

2194 4981 2405 5051 Πατρ¹>ς
2445 4977 2598 5049 ἡμῶν
2628 4972 2908 5027 Θεοδοσίου
2935 4970 3029 5024 τοῦ
3059 4967 3475 5038 Κοινοόιάρχου.
3524 4966 3591 5019 Ἡ
3634 4966 3770 5035 γοῦν

2190 5074 2412 5143 τοιαύτη
2442 5068 2577 5142 μονὴ
2609 5067 2714 5122 ὑπὸ
2736 5063 3010 5135 διαφόρων
3038 5061 3467 5132 περιτειχίζεται
3514 5057 3770 5128 πύργων,

2192 5170 2298 5241 προ
2318 5167 2374 5222 δὲ
2401 5165 2628 5236 ταύτης,
2661 5161 2793 5215 ὡσεὶ
2809 5157 2964 5224 τόξου
2995 5155 3175 5227 βολῆς,
3207 5153 3494 5226 πόρρωθέν
3521 5155 3641 5205 ἐστι
3665 5169 3756 5204 κα.

2195 5264 2368 5334 μάρα,
2404 5262 2462 5312 ὲν
2502 5251 2559 5333 ᾗ,
2599 5256 2675 5320 ὡς
2704 5257 2732 5309 6
2759 5253 2881 5316 Βίος
2903 5250 2998 5305 τοῦ
3027 5250 3185 5317 ἁγίου
3213 5247 3385 5317 δηλοῖ,
3419 5247 3479 5299 ὲν
3508 5246 3575 5318 τῇ
3621 5263 3701 5316 χει
3713 5245 3774 5315 ρὶ

2157 5350 2362 5409 ἀὐτοῦ
2425 5349 2734 5419 ὲσϐεσμένα
2776 5345 3103 5417 άνήφθησαν
3150 5339 3432 5413 κάρῦωνα,
3491 5338 3659 5409 μέσον
3711 5337 3771 5391 δὲ

2192 5444 2293 5516 τῆς
2329 5447 2495 5516 μονῆς
2546 5442 2762 5496 ἵσταται
2792 5439 2821 5491 ὁ
2850 5436 2974 5498 ναδς
3007 5435 3064 5490 ὲν
3115 5431 3238 5503 ὕψει
3292 5430 3583 5500 κυκλοειδῆ
3629 5431 3775 5501 ἔχων

2193 5540 2291 5611 τὴν
2323 5537 2548 5609 ὀροφὴν,
2579 5536 2672 5589 καί
2706 5528 3062 5586 ὑποκάτωθεν
3094 5525 3260 5580 αὐτοῦ
3297 5524 3588 5592 σπήλαιον,
3641 5527 3700 5577 ἓν
3727 5516 3776 5590 ᾧ

2194 5634 2221 5688 ὁ
2251 5632 2424 5702 τάφος
2450 5627 2543 5683 τοῦ
2573 5627 2734 5697 ἁγίου
2759 5625 2900 5689 ἐστι,
2936 5624 3029 5678 καὶ
3062 5624 3293 5692 πλησέον
3316 5617 3485 5674 αὐτοῦ
3513 5616 3777 5690 καμάραι

2193 5724 2461 5796 διάφοροι,
2495 5724 2556 5775 ἑν
2589 5714 2679 5782 αἷς
2734 5718 2905 5786 ἁγίων
2938 5716 3192 5786 μεγάλων
3232 5715 3478 5784 ἔγκειται
3505 5708 3773 5779 λείψανα.

2196 5819 2306 5883 Τὰς
2331 5817 2385 5871 δὲ
2418 5814 2684 5888 βαθμίδας
2717 5812 2812 5867 τοῦ
2845 5809 3116 5883 σπηλαίου
3150 5805 3554 5878 κατερχόμενος
3596 5801 3771 5874 εύρήο
