4004 6206
310 336 422 404 949

1345 348 1802 411 DESCRIPTIO
1839 352 2119 415 TERRIE
2158 351 2486 415 SANCTIE.

3430 357 3570 425 ‘950

307 471 427 519 σεις
460 454 700 524 πλαγίαν
728 455 870 528 ὀπὴν
890 455 1083 529 ἐτέρου
1108 458 1402 531 σπηλαίου,
1430 464 1509 524 εἰς
1534 464 1603 533 ἣν
1630 463 1879 519 είσελθὼι

1999 466 2203 534 venies,
2230 466 2283 521 iu
2308 483 2471 537 quam
2500 470 2673 525 sancti
2706 467 3004 541 discipulus
3022 467 3254 526 Basilius
3281 467 3568 539 lntroiens,

304 548 336 599 ό
381 546 635 619 μαθητὴς
694 547 792 603 τοῦ
851 550 1011 618 άγίου
1062 552 1345 619 Βασίλειος
1374 555 1440 610 τὸ
1483 555 1676 629 μνῆμα
1724 559 1891 613 αὑτοῦ

306 640 652 709 ἀνεκαίνισε,
714 642 811 697 τοῦ
842 644 1002 713 ἁγίου
1038 646 1423 713 κελεύσαντος,
1463 650 1651 715 καθὼς
1681 652 1742 705 τὸ
1780 654 1893 707 Πα-

306 734 533 803 τερικδν
556 737 822 807 παριστᾷ,
864 738 962 791 καὶ
1002 738 1095 792 ἐπὶ
1132 743 1548 812 τεσσαράκοντα
1586 744 1803 817 ἠμέρας
1832 748 1893 798 ἐν

306 824 391 894 τῷ
423 826 604 897 καιρῷ
630 828 730 896 τῆς
760 827 1032 895 συνάξεως
1060 826 1270 900 ἑώρατο
1301 835 1631 907 συμψάλλων
1647 836 1892 907 τῷῥγίῳ

306 914 408 965 καὶ
434 916 551 977 τοῖς
577 915 853 985 ἀδελφοῖς.

384 1012 475 1075 ιη’.
510 1006 770 1079 Ἀντικρὺ
803 1010 862 1064 δὲ
926 1012 1025 1082 τῆς
1055 1014 1316 1085 τοιαύτης
1349 1016 1519 1087 μονῆς
1564 1016 1890 1086 δεξιώτερον

304 1100 443 1171 περὶ⁸
468 1099 528 1154 τὸ
559 1100 726 1172 βάθος
767 1107 867 1174 τῆς
912 1107 1127 1177 ἐρήμου
1169 1107 1263 1162 τοῦ
1297 1108 1591 1181 Ἰορδάνου,
1644 1112 1885 1181 ὑπάρχει

303 1192 342 1260 ἡ
379 1192 519 1262 μονὴ
545 1192 640 1247 τοῦ
682 1194 842 1263 ἀγίου
870 1198 1151 1269 Εὐθυμίου
1186 1201 1280 1255 τοῦ
1330 1202 1594 1272 μεγάλου,
1626 1204 1721 1257 καὶ
1747 1202 1887 1272 αύτὴ

304 1289 826 1362 περιτετειχισμένη
846 1290 951 1344 ὑπό
968 1308 1026 1345 τε
1047 1292 1295 1363 πύργων,
1320 1301 1415 1347 καὶ
1436 1294 1690 1364 μεγάλων
1717 1296 1888 1351 enat.

302 1372 466 1437 ξεων.
505 1376 688 1431 Μέσον
704 1378 761 1431 δέ
789 1378 993 1450 ταύτης
1024 1380 1245 1435 ἵσταται
1273 1386 1301 1436 ὁ
1330 1383 1480 1451 ναὸς,
1515 1384 1888 1457 κυλινδρωτὴν

301 1468 403 1520 καὶ
439 1461 598 1534 οὗτος
638 1469 780 1542 ἔχων
813 1471 913 1544 τὴν
943 1473 1171 1546 ὀροφὴν,
1199 1476 1566 1531 ὑποκάτωθεν
1614 1478 1669 1531 δὲ
1688 1478 1884 1532 τούτου

300 1561 424 1612 ἐστὶ
456 1562 745 1633 σπήλαιον,
778 1565 875 1618 καὶ
911 1567 1082 1634 μέσον
1115 1569 1283 1623 αὑτοῦ
1321 1572 1493 1640 τάφος
1515 1572 1611 1625 τοῦ
1642 1571 1884 1641 μεγάλου

298 1651 608 1724 Εὐθυμίου,
657 1660 1019 1733 παρεμφερὴς
1052 1661 1131 1733 τῷ
1176 1664 1430 1734 μνήματι
1464 1664 1561 1719 τοῦ
1619 1666 1883 1738 θεοφόρου

300 1744 481 1809 Σάὸα,
516 1746 606 1799 διὰ
634 1744 831 1801 λευκοῦ
855 1754 1162 1830 μαρμάρου
1193 1758 1286 1809 καὶ
1313 1747 1471 1820 οὗτος
1512 1760 1881 1829 σκεπόμενος,

1996 560 2302 628 sepulcrum
2360 564 2653 632 proprium,
2718 565 2791 619 ita
2840 575 3032 621 sancto
3075 564 3321 635 iubente,
3355 575 3413 619 ιιι
3436 564 3573 619 Viue

1995 650 2216 708 Patrum
2268 640 2895 728 asserunt,ltlesignavit,
2927 657 2980 712 in
3007 671 3179 727 eoque
3223 666 3465 711 mortuus
3488 656 3572 725 ja-

1994 745 2127 813 cuit,
2187 754 2239 801 et
2294 757 2478 817 postea
2550 761 2644 820 per
2677 749 3033 822 quadraginta
3091 750 3377 806 continuos
3430 751 3564 814 dies,

1996 838 2230 910 Syuaxis
2292 851 2557 911 tempore,
2614 858 2716 897 una
2775 859 2897 898 cum
2951 854 3141 897 sancto
3195 858 3259 897 ac
3310 843 3569 897 fratribus

1994 935 2285 989 concinens
2307 935 2614 989 videbatur.

2067 1028 2152 1082 l8.
2202 1026 2356 1081 Dicto
2402 1029 2727 1082 monasterio
2797 1029 3104 1092 adversum,
3168 1026 3446 1083 dexterius
3512 1026 3566 1080 in

1993 1119 2319 1188 profundum
2379 1118 2546 1174 eremi
2577 1117 2847 1184 Jordauis,
2882 1120 3053 1175 sancti
3081 1120 3353 1191 Eutbymii
3387 1120 3566 1189 magni

1993 1210 2377 1266 monasterium
2430 1225 2549 1277 est;
2592 1213 2831 1267 turribus
2872 1214 3188 1282 magnisque
3240 1210 3424 1266 fulcris
3459 1214 3569 1265 cir—

1992 1301 2365 1370 cumvallatur,
2419 1312 2474 1358 et
2520 1304 2572 1357 in
2617 1304 2792 1359 medio
2820 1305 3075 1375 templum
3126 1304 3381 1375 assurgit,
3429 1313 3570 1359 teet.)

1992 1392 2045 1448 in
2075 1395 2290 1450 modum
2345 1394 2574 1466 cylindri
2598 1396 2839 1451 directo:
2869 1398 3059 1451 subtus
3104 1397 3357 1467 spelunca
3392 1406 3567 1466 patet.

1991 1487 2173 1557 ibique
2201 1491 2433 1543 medium
2473 1490 2647 1545 sancti
2704 1490 2979 1561 Eutbymii
3022 1492 3351 1561 sepulcrum,
3375 1487 3563 1545 deiferi

1990 1575 2144 1634 Saba:
2199 1582 2450 1648 sepulcro
2494 1581 2632 1635 haud
2670 1581 2950 1647 dissimile,
3010 1574 3241 1637 candido
3300 1597 3568 1637 marmore

1987 1688 2138 1742 aeque
2168 1687 2229 1727 ac
2257 1673 2385 1728 illud
2432 1684 2717 1744 opertum;
2757 1686 2809 1729 et
2848 1691 2968 1729 cum
3001 1684 3209 1740 sancto,
3253 1685 3563 1731 sanctorqu

1990 1766 2151 1820 simul
2200 1765 2421 1822 Patrum
2483 1768 2820 1824 Passarionis
2882 1779 2936 1825 et
2983 1768 3283 1825 Dometiaui
3329 1768 3568 1838 reliquias

296 1836 362 1889 ἐν
428 1832 472 1905 ᾦ
510 1838 605 1892 καὶ
663 1827 1117 1915 συναπετέθησαν
1163 1847 1242 1920 τῷ
1294 1850 1459 1919 ἁγίῳ,
1520 1851 1615 1905 καὶ
1660 1823 1731 1905 τά
1776 1823 1879 1905 τῶν

1992 1860 2372 1915 reconduntur.

302 1927 482 1994 ἁγίων
511 1929 772 2003 Πατέρων
805 1934 1039 2005 λείψανα
1067 1939 1428 2009 Πασαρίωνος
1476 1944 1573 1996 καὶ
1628 1944 1889 2013 Δομετια-

298 2033 422 2071 νου.

375 2110 463 2167 ιδ’,
508 2113 616 2166 Kal
646 2115 784 2185 μετά
834 2116 935 2189 τὴν
991 2120 1160 2191 μονὴν
1191 2120 1420 2192 ταύτην,
1457 2122 1575 2178 ἐστι
1609 2124 1887 2197 διάστημα

296 2199 435 2257 ὡσεὶ
471 2205 664 2276 μιλίων
706 2206 792 2278 ιβ’.
830 2212 943 2266 Καὶ
968 2212 1153 2280 οὕτως
1190 2215 1508 2286 εὑρίσκεται
1533 2218 1755 2289 φάραγξ
1788 2235 1885 2289 με⁸

298 2295 473 2368 γάλη,
530 2298 624 2352 καὶ
684 2302 847 2372 μέσον
895 2305 1099 2376 ταύτης
1144 2309 1423 2381 διέρχεται
1460 2309 1785 2382 χείμαρρος,
1815 2305 1885 2382 ἧς

294 2389 434 2459 περὶ
470 2390 534 2442 τὸ
578 2392 811 2465 ἀντικρὺ
861 2397 1028 2475 μέρος
1060 2400 1210 2452 ἐστὶν
1250 2402 1283 2470 ή
1327 2401 1465 2473 μονὴ
1512 2402 1608 2455 τοῦ
1647 2402 1879 2467 Χοζιὸἱ,

296 2482 540 2552 πρᾶγμα
562 2489 629 2557 τῇ
666 2486 765 2556 μὲν
790 2488 1068 2562 ἀφηγήσει
1096 2494 1171 2563 μὴ
1201 2496 1617 2567 πιστευόμενον,
1653 2497 1716 2565 τῇ
1742 2495 1882 2549 θεων

297 2575 397 2647 ρξᾳ
434 2575 491 2630 δέ
523 2577 957 2651 θαυμαζόμενον.
1005 2584 1108 2639 Καὶ
1140 2587 1249 2659 γὰρ
1294 2589 1576 2661 σπηλαίων
1604 2589 1735 2643 όπαί
1774 2590 1881 2642 είσι

294 2667 372 2719 τά
403 2669 517 2723 τῶν
554 2674 803 2744 μοναχῶν
834 2676 1043 2733 κελλία.
1088 2680 1202 2733 Kal.
1233 2680 1398 2745 αὐτὸς
1430 2683 1458 2736 ὁ
1494 2682 1643 2748 ναὸς,
1687 2682 1781 2736 καὶ
1820 2682 1883 2736 τὸ

296 2764 669 2835 κοιμητήριον
693 2768 749 2821 ἐν
778 2769 854 2837 τῷ
882 2771 1126 2843 ρήγματι
1155 2773 1259 2845 τῆς
1290 2776 1499 2848 πέτρας
1523 2774 1884 2847 τεθεμελίων-

291 2870 411 2917 ται,
444 2856 503 2920 ἐς
531 2858 786 2914 τοσοῦτον
804 2862 909 2917 ὑπὸ
934 2866 1033 2934 τῆς
1062 2866 1157 2922 τοῦ
1188 2868 1336 2940 ήλίου
1363 2869 1685 2940 φλογώσεως
1704 2888 1879 2925 κατα⁴

292 2938 588 3017 καιόμενα,
641 2952 717 3017 ὡς
769 2958 942 3025 πυρὸς
988 2938 1379 3031 γλωττίσματα
1426 2938 1723 3037 ἐνορᾶσθαι
1771 2966 1882 3021 ἀπὸ

290 3036 409 3091 τῶν
445 3042 664 3112 πετρῶν
715 3047 775 3099 ἐν
838 3049 969 3104 εῖδει
1018 3054 1342 3125 πυραμίδων
1413 3036 1875 3130 ἀναπεμπόμενα.

2060 2125 2147 2181 19.
2216 2125 2339 2180 Post
2382 2127 2481 2183 hoc
2544 2130 2953 2197 monasterium,
3014 2129 3297 2188 duodecim
3338 2128 3565 2185 millium

1988 2230 2240 2285 passuum
2291 2218 2632 2274 intervallum
2696 2222 2938 2277 excurrit
2976 2238 2990 2275 :
3022 2210 3258 2293 tumque
3314 2222 3473 2278 obvia
3506 2222 3566 2277 lit

1987 2308 2176 2380 ingens
2236 2324 2459 2381 vorago,
2520 2326 2681 2381 quam
2731 2321 2943 2369 torrens
2964 2315 3191 2370 mediam
3213 2321 3384 2371 secat.
3418 2313 3564 2369 Illius

1988 2402 2040 2457 iu
2098 2405 2324 2462 adversa
2371 2415 2524 2475 parte
2580 2408 2964 2466 monasterium
2993 2408 3562 2483 Chozibmjaeetnes

1984 2494 2254 2562 equidem,
2315 2511 2433 2567 qua:
2465 2499 2590 2553 dum
2621 2509 2898 2563 narratur,
2937 2517 3045 2557 nou
3088 2504 3349 2569 creditur,
3372 2514 3567 2577 etape-

1984 2584 2257 2641 cnlatione
2302 2588 2463 2642 etiam
2515 2590 2705 2659 ipsain
2752 2593 3111 2651 admiratione
3161 2606 3245 2653 est
3279 2614 3293 2663 ;
3328 2613 3565 2669 namque

1983 2677 2362 2747 speluncarum
2398 2683 2509 2751 ipsa
2540 2684 2803 2741 foramina
2828 2692 3217 2745 monachorum
3247 2703 3370 2747 sunt
3390 2690 3561 2748 cellae.

1982 2765 2051 2821 Et
2085 2772 2340 2841 templum
2394 2775 2568 2844 ipsum
2597 2786 2652 2832 et
2714 2780 3085 2837 ccemeterium
3134 2781 3191 2837 in
3232 2778 3398 2854 petrae
3427 2783 3565 2840 scis-

1984 2875 2110 2916 sura
2167 2876 2516 2933 excavantur,
2594 2871 2731 2926 adeo
2790 2873 2921 2929 solis
2972 2874 3152 2931 calore
3205 2876 3435 2943 deusta,
3502 2884 3565 2933 ut

1982 2966 2048 3006 ex
2074 2954 2221 3010 saxis
2246 2955 2371 3023 illis,
2398 2960 2465 3013 ad
2494 2963 2708 3016 modum
2738 2965 3100 3036 pyramidum,
3148 2967 3283 3037 ignis
3312 2967 3565 3040 linguulae

1980 3044 2200 3101 exsilire
2224 3050 2661 3122 conspiciantur,
2697 3072 2942 3128 aquaque
2993 3063 3382 3116 monachorum
3412 3063 3563 3133 potui

291 3131 370 3230 To
392 3132 451 3186 δέ
479 3150 542 3202 γε
570 3140 724 3230 παρὰ
752 3140 862 3195 τῶν
898 3145 1154 3216 μοναχῶν
1190 3148 1482 3218 πινόμενον
1516 3150 1659 3225 ὕδωρ
1702 3152 1879 3208 τοιοῦ-

1987 3149 2238 3209 congesta
2299 3142 2421 3197 talis
2470 3146 2561 3209 sit,
2595 3148 2808 3215 qualem
2860 3164 2893 3205 e
2940 3161 3132 3224 stagno
3171 3131 3562 3223 haurias—cum

291 3223 391 3275 τόν
421 3226 596 3291 ἐστιν,
629 3225 744 3284 οἷον
779 3233 891 3287 ἀπὸ
922 3235 1124 3307 λίμνης
1146 3239 1396 3312 ἑστώσης
1433 3243 1598 3299 όπότε
1630 3223 1795 3316 *ἥλιος
1821 3248 1878 3300 ἐν

294 3322 618 3394 μεσαιτάτῳ
649 3323 801 3396 θέρει
847 3331 970 3394 ταῖς
1006 3324 1227 3402 λίμναις
1261 3336 1546 3409 ἐπιφοιτᾷ,
1578 3340 1671 3392 καὶ
1697 3339 1879 3409 βολαῖς

293 3410 571 3483 ἐμπύροις
618 3416 1011 3489 ὑποθερμαίνει
1054 3425 1264 3498 ταύτην
1312 3428 1389 3499 τῷ
1444 3429 1747 3501 βράσματι.
1787 3433 1877 3485 Ἐν

294 3501 474 3575 ταύτῃ
509 3508 575 3576 τῇ
619 3512 754 3580 μονῇ
795 3510 1087 3584 διαφόρους
1118 3516 1221 3587 μὲν
1248 3520 1462 3591 εἴδομεν
1508 3522 1879 3593 ήγιασμένους

294 3597 528 3667 ἄνδρας,
584 3601 679 3656 Eva
708 3606 764 3659 δὲ
802 3608 1013 3661 τούτων
1046 3611 1415 3681 σημειοφόρου
1436 3612 1747 3683 ἄνθρωπον,
1780 3616 1877 3669 καὶ

289 3690 522 3757 ἀμέσως
561 3699 999 3769 προσομιλοῦντα
1021 3701 1158 3772 Θεῷ,
1194 3703 1409 3767 Λουκᾶς
1441 3706 1589 3758 ἐστιν
1615 3708 1649 3777 ἡ
1682 3705 1878 3777 κλῆσις

288 3784 371 3855 τῷ
404 3786 642 3858 γέροντι.
688 3791 777 3845 Ἐν
868 3796 1002 3866 μονῇ
1029 3796 1392 3861 ἐπικινδύνως
1419 3797 1744 3869 ἀνήλθομεν,
1788 3799 1877 3855 διὰ

291 3892 352 3927 τε
386 3876 449 3929 τὸ
480 3880 805 3950 κρημνῶδες
835 3882 929 3937 τοῦ
951 3884 1138 3951 τόπου,
1165 3886 1258 3940 καὶ
1293 3884 1390 3959 τὴν
1422 3887 1875 3960 ὑπερϐάλλουσαν

289 3970 391 4025 τοῦ
422 3970 570 4042 ἡλίου
595 3976 792 4045 φοράν.

368 4073 440 4121 κ’.
463 4066 619 4121 Μετά
649 4069 820 4137 ταῦτα
860 4071 1099 4144 ὑπάρχει
1142 4078 1583 4149 στενοεπιμήκης
1622 4078 1717 4133 καὶ
1742 4097 1874 4149 τραο

296 4160 508 4231 χυτάτη
538 4160 655 4225 ὁδὸς
704 4164 843 4234 πρὸς
872 4166 930 4218 τὺ
966 4168 1198 4221 κατόπιν
1241 4169 1481 4223 ἀπιοῦσα
1510 4172 1610 4242 τῆς
1638 4174 1870 4243 ἐρήμου,

294 4250 496 4321 μέχρις
518 4247 587 4324 ἧς
627 4255 684 4305 ἐν
715 4255 795 4325 τῷ
834 4256 1038 4326 μεταξὺ
1075 4260 1242 4329 ραχέσ.
1276 4261 1617 4331 καθορῶνται
1644 4263 1756 4331 δύο,
1797 4261 1874 4321 ὧν

294 4339 468 4409 μέσον
511 4342 544 4411 ή
582 4341 700 4406 ὁδὸς
736 4345 975 4399 ἀπιοῦσα
1018 4346 1298 4420 μέχριτῆς
1351 4350 1563 4422 Ἱεριχῶ
1605 4358 1870 4425 καταντᾷ·

288 4434 389 4487 ἐπὶ
424 4434 481 4488 δέ
529 4435 701 4509 ταύτῃ
748 4438 869 4492 οὐδὲ
905 4439 1051 4504 λίθος
1087 4441 1337 4512 θεμελίου
1373 4444 1713 4515 εὑρίσκεται,
1754 4448 1872 4502 ἀλλ’

1985 3231 2087 3296 sol,
2113 3243 2304 3290 aestate
2325 3237 2494 3291 media
2520 3238 2746 3296 lacubus
2764 3241 3044 3311 insistens,
3076 3262 3169 3303 eas
3187 3248 3370 3319 ignitis
3397 3249 3567 3304 radiis

1985 3332 2230 3393 aestuque
2278 3327 2679 3388 ferventissimo
2722 3336 2979 3392 incendit.
3009 3336 3062 3393 lu
3097 3340 3200 3395 hoc
3231 3342 3564 3398 monasterio

1985 3414 2227 3474 diversos
2247 3422 2529 3477 sanctitate
2551 3428 2868 3496 conspicuos
2895 3431 3040 3485 visos
3069 3433 3388 3501 iuvisimus;
3421 3435 3563 3492 inter

1984 3522 2078 3564 eos
2100 3526 2266 3566 unum
2291 3514 2635 3585 signiferum,
2662 3534 2843 3575 coram
2864 3536 2986 3577 cum
3015 3525 3121 3580 Deo
3140 3526 3559 3597 colloquentem,

1986 3602 2069 3656 cui
2132 3601 2294 3661 Lucae
2330 3608 2447 3662 seni
2496 3625 2689 3665 nomen
2741 3623 2844 3669 est.
2889 3614 2994 3671 Sed
3027 3617 3168 3672 enim
3202 3618 3255 3673 in
3289 3630 3562 3676 monaste—

1985 3693 2146 3764 rium,
2177 3714 2280 3755 nou
2304 3701 2424 3757 sine
2455 3702 2790 3772 discrimine,
2831 3714 2941 3761 tum
2979 3709 3047 3765 ob
3085 3720 3352 3781 praerupta
3411 3715 3560 3782 rupis

1984 3789 2124 3858 loca,
2186 3799 2297 3846 tum
2360 3795 2430 3849 ob
2464 3797 3001 3858 vebementissimum
3055 3802 3184 3858 solis
3210 3803 3482 3869 ardorem,
3505 3813 3560 3859 et

1984 3883 2366 3947 descendimus
2389 3898 2441 3943 et
2458 3891 2823 3947 ascendimus.

2051 4068 2139 4123 20.
2167 4069 2428 4139 Deinceps
2471 4073 2815 4142 subsequitur
2872 4088 3119 4148 angusta,
3175 4088 3456 4149 protenso,
3500 4090 3555 4139 et

1982 4164 2276 4232 asperrima
2347 4165 2453 4231 via,
2508 4166 2575 4219 ad
2623 4168 2792 4223 eremi
2838 4178 2987 4237 terga
3037 4172 3365 4228 conducens.
3392 4172 3557 4229 Ante-

1980 4270 2140 4326 quam
2190 4256 2257 4311 ad
2304 4257 2473 4326 ipsam
2533 4263 2865 4329 perveneris,
2926 4262 2979 4318 in
3008 4264 3120 4331 ejus
3178 4266 3353 4321 medio
3393 4268 3557 4323 dorsa

1982 4349 2245 4405 montium
2298 4351 2404 4404 duo
2450 4352 2876 4421 conspiciuntur,
2932 4370 3029 4427 per
3079 4372 3199 4426 quze
3250 4358 3336 4413 via
3379 4361 3555 4415 media
3630 4426 3633 4429 _

1980 4439 2262 4508 adaperta,
2320 4439 2387 4494 ad
2421 4443 2608 4495 urbem
2630 4440 2845 4499 Jericbo
2870 4443 2973 4500 iter
3010 4456 3093 4501 est
3127 4448 3220 4501 :in
3271 4461 3333 4502 ea
3370 4449 3554 4504 nullus

286 4523 493 4595 ὅμωςὴ
524 4527 675 4579 πᾶσα
698 4527 900 4599 ταύτης
924 4530 1200 4604 διαγραφὴ
1227 4534 1487 4603 ἀμυδρῶς
1514 4554 1629 4601 πως
1674 4540 1874 4609 ἐμφαί-

1987 4530 2447 4587 fundamentorum
2482 4534 2616 4602 lapis
2645 4536 3015 4606 conspicitur;
3044 4540 3291 4593 universa
3352 4541 3552 4597 nihilo-

285 4632 475 4672 νεται·
504 4617 600 4675 νῦν
628 4617 722 4674 οὖν
753 4622 1141 4694 ἐπείπερέστὶν
1171 4627 1373 4694 ήπᾶσα
1394 4630 1703 4703 περίχωρος
1734 4634 1873 4689 me.

287 4724 482 4779 υγρος,
540 4710 622 4774 είς
701 4711 975 4782 κήπευσιν
1050 4716 1477 4786 χρηματίζουσιν.
1525 4721 1641 4773 τῶι
1687 4722 1746 4774 ἐν
1804 4726 1869 4795 τῇ

286 4801 491 4873 ἐρήμῳ
537 4802 845 4874 ἱδρυμένων
879 4805 1078 4876 μονῶν.
1136 4810 1510 4879 Διατμηθεῖσα
1552 4812 1659 4883 γὰρ
1706 4816 1739 4887 ή
1774 4814 1869 4884 γῆ,

288 4892 390 4943 καὶ
427 4890 843 4964 διαμερισθεῖσα
870 4897 990 4958 ταῖς
1016 4893 1199 4963 ἁγίαις
1227 4899 1465 4962 ἐκείναις
1492 4903 1704 4969 μοναῖς,
1735 4920 1873 4956 κατ-

284 4982 593 5054 εδενδρώθη
634 4986 666 5055 ἡ
716 4986 886 5054 πᾶσα,
926 4987 1021 5040 καὶ
1052 4987 1377 5058 ύπάμπελος
1410 4991 1624 5060 γέγονε,
1664 4993 1747 5047 διὸ
1775 4998 1870 5048 καὶ

288 5078 544 5149 πύργους
566 5080 661 5133 ἐπὶ
691 5080 761 5135 τά
797 5079 906 5134 τῶν
936 5080 1188 5151 μοναχῶν
1231 5082 1370 5153 λάχη
1408 5085 1457 5137 οἱ
1497 5085 1729 5158 μοναχοὶ
1760 5088 1870 5157 πήο

290 5172 489 5239 ξαντες
527 5174 852 5244 πολυφόρως
893 5175 1019 5238 τοὺς
1056 5176 1304 5244 καρποὺς
1355 5178 1581 5231 ἐκείνων
1622 5180 1870 5250 πορίζον-

287 5283 403 5321 ται.
441 5266 598 5336 Ἔχει
643 5266 779 5332 γοῦν
833 5268 1115 5339 σχήματος
1160 5270 1192 5338 ή
1250 5271 1400 5323 πᾶσα
1434 5270 1662 5341 ἕρημος,
1718 5275 1814 5326 καὶ
1849 5275 1875 5328 ὁ

288 5361 571 5433 Ἰορδάνης
592 5361 710 5431 ἃμα
738 5364 804 5433 τῇ
832 5363 1019 5435 Νεκρᾷ
1040 5363 1148 5416 τῶν
1177 5363 1432 5433 Σοδόμων
1455 5364 1699 5438 θαλάσσῃ
1728 5368 1873 5421 κατά

289 5459 387 5511 τὸν
416 5455 693 5528 ἡμέτερον
726 5456 1032 5526 στοχασμὸν
1060 5457 1160 5527 τῆς
1206 5456 1303 5511 τοῦ
1335 5458 1609 5530 θεάματος
1669 5460 1875 5525 θέσεως

290 5548 567 5623 ’Δχρίδος,
616 5550 674 5603 ἐν
714 5550 892 5622 τούτῳ
919 5551 1017 5622 τὴν
1055 5549 1361 5624 ἐναλλαγὴν
1411 5552 1581 5625 μόνην
1615 5554 1874 5623 φαινομές

292 5662 414 5716 νην,
435 5646 495 5700 ἐν
520 5642 596 5716 τῷ
627 5644 741 5699 ἀπὸ
776 5645 877 5714 μὲν
913 5646 1012 5717 τῆς
1045 5645 1245 5719 λίμνης
1267 5649 1515 5720 Ἀχρίδος
1552 5647 1873 5719 ἐξέρχεσθαι

292 5740 441 5812 ὕδωρ
485 5741 567 5803 είς
595 5739 891 5811 διαφόρους
925 5739 1027 5812 τῆς
1066 5743 1171 5813 γῆς
1206 5741 1737 5814 περιλιμναζόμενον
1772 5742 1875 5814 φάε

296 5853 535 5909 ραγγας,
565 5834 633 5900 ἃς
662 5834 939 5907 στρούγας
979 5838 1028 5892 οἱ
1071 5837 1170 5909 τῆς
1208 5838 1388 5893 ἐκεῖσε
1433 5836 1536 5908 γῆς
1584 5835 1875 5909 οἰκήτορες

1980 4625 2155 4680 minus
2206 4625 2347 4680 illius
2402 4625 2689 4682 delineatio
2730 4628 2960 4686 obscure
3007 4624 3467 4699 deprehenditur:
3500 4646 3554 4689 at

1977 4732 2143 4785 nunc,
2179 4728 2429 4774 cutnlota
2461 4734 2523 4773 ea
2565 4721 2957 4789 circumjacens
3004 4724 3150 4793 regio
3189 4727 3347 4794 aquis
3377 4728 3553 4779 abnu-

1976 4812 2086 4875 det,
2148 4812 2620 4877 monasteriorum,
2646 4827 2763 4883 quae
2817 4813 2868 4868 in
2903 4830 3086 4870 eremo
3126 4828 3271 4881 sunt,
3298 4833 3396 4887 pro
3429 4818 3553 4873 cul-

1979 4912 2095 4957 tura
2154 4904 2452 4968 hortorum,
2489 4908 2607 4959 usui
2660 4907 2911 4961 deservit.
2952 4906 3192 4978 Namque
3243 4911 3392 4980 regio
3439 4910 3550 4976 illa,

1976 4994 2028 5049 in
2063 5006 2245 5065 partes
2268 4996 2461 5062 scissa,
2493 4997 2802 5066 sanctisque
2834 4997 2943 5052 illis
2970 5001 3315 5055 monasteriis
3351 5000 3549 5068 divisa,

1978 5088 2228 5142 universa
2285 5098 2338 5142 et
2369 5087 2649 5143 arboribus
2683 5089 3036 5145 obumbratur
3056 5101 3109 5145 et
3154 5092 3321 5147 vincis
3374 5093 3550 5147 abun-

1978 5177 2089 5231 dat.
2152 5176 2493 5247 Quapmpter
2547 5189 2602 5235 et
2634 5181 2873 5236 turribus
2902 5182 2957 5236 in
3007 5182 3337 5251 singulorum
3367 5198 3553 5238 mona-

1978 5272 2269 5328 steriorum
2303 5272 2499 5339 hortis,
2564 5290 2591 5328 a
2619 5275 2897 5329 monachis
2941 5277 3305 5341 exaedificatis,
3343 5277 3551 5332 fructus

1976 5366 2151 5421 omnis
2183 5366 2394 5435 generis
2418 5366 2626 5422 abunde
2672 5367 3102 5435 suppeditantur.
3140 5367 3412 5425 Universae
3453 5370 3553 5424 ita-

1976 5474 2080 5531 que
2107 5475 2312 5528 eremo,
2342 5471 2394 5517 et
2420 5458 2662 5525 Jordani,
2697 5476 2911 5531 unaque
2947 5470 3156 5515 mortuo
3191 5461 3547 5518 Sodomorum

1979 5554 2139 5619 mari,
2207 5564 2388 5612 nostra
2456 5556 2785 5626 conjectura,
2852 5572 2955 5611 non
3014 5557 3115 5611 alia
3164 5556 3331 5628 figura
3365 5558 3547 5621 fuerit,

1980 5661 2145 5717 quam
2201 5661 2321 5717 qure
2362 5646 2616 5703 Achridis
2666 5647 2805 5703 situs
2839 5661 2961 5703 esse
3005 5647 3329 5705 videtur:at
3384 5651 3435 5704 in
3487 5666 3551 5706 co

1976 5739 2315 5796 solummodo
2362 5739 2637 5805 dill‘erunt,
2672 5739 2815 5811 quod
2861 5752 2891 5794 c
2912 5740 3107 5811 palude
3136 5741 3385 5797 Acbridis
3412 5759 3547 5813 aqua

1976 5846 2248 5905 mergeris,
2315 5830 2369 5890 in
2411 5832 2640 5891 diversis
2690 5840 2849 5890 terrre
2907 5833 3242 5893 convallibus
3307 5843 3545 5906 stagnat,
