3816 6204
465 283 580 353 955

1776 295 2103 361 JOANNIS
2179 298 2451 364 PHOCE
3597 303 3682 369 956

468 415 652 463 rectus
675 405 767 477 qui
796 409 1033 476 steterit,
1066 410 1285 482 capiens
1322 430 1335 467 :
1370 413 1723 487 ejusdemque
1749 416 1802 473 in
1824 419 2048 487 faciem,

2163 419 2282 474 σθαι
2306 419 2492 492 δρθιον
2519 418 2689 491 ἄνδρα
2721 420 2963 494 εὐμήκη.
2996 420 3107 477 Καὶ
3138 414 3332 477 τούτου
3356 422 3567 478 κατίσον
3586 428 3688 495 περὶ

468 500 525 556 in
560 503 733 557 eremi
765 503 1053 572 profundo,
1109 508 1280 563 altera
1345 510 1604 578 spelunca
1654 512 1788 578 biat,
1834 515 1889 570 in
1941 530 2047 585 qua

469 591 616 651 Elias
649 595 909 665 prepheta
968 599 1129 654 vitam
1152 591 1410 672 'degens.
1447 604 1515 657 ab
1563 606 1721 674 igneo
1745 619 1907 661 curru
1952 612 2051 662 ab-

471 697 658 755 reptus
684 698 790 743 est.
827 688 979 744 Ultra
1011 690 1185 749 dictas
1220 695 1527 765 speluncas,
1567 699 1633 752 ad
1680 698 1825 769 ipsos
1850 698 2047 755 Jorda-

473 779 557 833 uis
580 794 792 834 cursus.
821 781 963 837 fama
995 794 1099 848 est,
1123 802 1365 843 cremum
1394 791 1634 856 extendi,
1676 792 1729 845 in
1752 808 1862 862 qua
1886 807 2053 849 vene-

472 872 677 927 randus
728 874 975 930 Zosimas
1025 878 1236 946 angelis
1278 896 1462 951 parem
1495 882 1809 956 Egyptian]
1847 885 2051 943 intueri

470 964 667 1036 dignus
696 966 923 1024 ell‘ectus
960 981 1063 1029 est.
1116 973 1292 1029 Trans
1339 988 1550 1033 montes
1588 979 1672 1034 via
1712 981 1779 1035 ad
1816 991 2053 1038 montem

473 1056 681 1125 Sinam,
734 1057 1055 1132 Rhaithum,
1100 1081 1361 1137 mareque
1409 1070 1652 1126 Rubrum
1703 1075 2050 1143 conducens,

472 1148 650 1205 locum
686 1153 789 1208 sibi
820 1156 1094 1214 vendicat.
1120 1156 1227 1215 Sed
1263 1162 1350 1218 hic
1384 1164 1449 1220 de
1474 1181 1660 1222 eremo
1682 1169 1856 1223 oratio
1892 1168 2053 1224 linem

471 1242 690 1300 habeat.

544 1335 636 1391 26.
666 1337 745 1392 Ad
772 1338 1134 1398 dexteriorem
1164 1356 1375 1412 partem
1410 1360 1610 1405 sancta:
1640 1352 1875 1409 civitatis
1896 1353 2058 1410 Jeru.

474 1430 664 1499 salem,
702 1442 758 1487 et
786 1448 814 1487 a
850 1443 999 1490 turre
1034 1437 1253 1493 Davitlis
1290 1443 1589 1510 prophetae,
1620 1445 1806 1517 iugum
1836 1458 1943 1512 est,
1973 1451 2056 1504 vi-

477 1524 621 1580 tibus
658 1528 951 1585 univcrsim
984 1534 1277 1600 consitum,
1341 1536 1594 1608 illiusque
1626 1539 1691 1593 ad
1730 1553 1912 1611 partes
1963 1544 2059 1600 de-

477 1619 777 1684 pressiores
802 1623 1080 1681 lberorum
1123 1632 1541 1694 monasterium,
1580 1633 1721 1690 intra
1760 1638 1916 1706 cujus
1942 1653 2059 1693 am-

479 1711 648 1766 bitum
684 1718 1002 1773 venerandae
1049 1721 1227 1776 crucis
1260 1723 1459 1795 lignum
1512 1726 1565 1782 in
1606 1740 1790 1798 partes
1824 1731 2053 1786 divisum

482 1804 644 1860 fuisse
683 1810 935 1866 traditur.
967 1811 1100 1868 illuc
1134 1816 1371 1885 regionis
1406 1830 1675 1876 montanas
1713 1822 1862 1877 initia
1907 1835 2054 1890 sunt,

481 1913 587 1951 non
612 1900 847 1956 absurde
875 1904 945 1958 ita
975 1920 1321 1977 nuncupatm,
1347 1914 1490 1981 quod
1516 1915 1757 1970 omnium
1792 1920 2056 1973 montium

477 2008 585 2047 orm
619 1998 790 2067 magis
820 1998 1035 2056 clivostc
1067 2019 1162 2073 per
1189 2005 1351 2059 multa
1387 2008 1557 2062 stadia
1590 2010 1641 2063 in
1672 2010 2056 2081 longitudinem

477 2100 792 2145 excurrant.
818 2093 1007 2163 itaque
1038 2112 1067 2151 a
1102 2110 1289 2154 sancta
1320 2102 1543 2157 civitate
1572 2104 1761 2159 stadiis
1788 2108 1900 2161 fere
1922 2122 2057 2175 qna-

479 2183 798 2250 tuor-decim,
851 2185 1130 2245 Zachariae
1176 2194 1454 2263 prophetae
1502 2195 1693 2253 domus
1746 2198 2055 2268 inspicitur,

480 2276 534 2328 in
577 2291 763 2346 quam,
814 2290 935 2350 post
982 2284 1491 2354 Annuntiationem,
1553 2289 2057 2348 immaculatissima

483 2367 714 2439 Deipara
747 2374 981 2431 sollicite
1036 2380 1394 2447 contendens,
1442 2381 1805 2440 Elisabetham
1856 2387 2061 2441 saluta-

482 2462 590 2528 vit;
628 2468 786 2537 cujus
823 2480 879 2525 et
921 2470 1101 2530 infans
1132 2476 1328 2542 gaudio
1383 2477 1436 2532 in
1499 2488 1655 2535 utero
1706 2480 2054 2550 subsultavit,

478 2557 826 2628 exsultantis,
856 2574 914 2618 ut
948 2580 1047 2633 par
1072 2577 1175 2633 est,
1210 2568 1495 2626 Dominum
1522 2574 1833 2643 excipiens;
1865 2574 2060 2649 Virgo-

480 2661 584 2716 que
628 2650 1006 2708 admirandum
1063 2664 1117 2711 et
1182 2660 1557 2729 propheticum
1611 2664 1742 2721 illud
1773 2663 2057 2723 Canticum

482 2741 802 2797 enuntiavit.
827 2743 885 2798 ιη
918 2745 1033 2801 loco
1058 2749 1239 2819 itaque
1266 2752 1355 2807 illo
1385 2755 1693 2820 castellum,
1721 2769 1775 2812 et
1796 2759 2055 2829 templum

480 2844 646 2900 super
676 2834 933 2903 spelunca
970 2840 1131 2896 situm
1165 2857 1244 2897 est
1282 2861 1295 2897 :
1329 2845 1380 2898 in
1415 2847 1688 2915 speluncae
1720 2849 1924 2905 ultimis
1978 2866 2060 2905 re-

481 2924 727 2983 cessibus
777 2927 1135 2990 Praecursoris
1185 2938 1441 2994 nativitas
1472 2941 1689 2996 accidit.
1724 2941 1898 3013 Prope
1937 2960 2057 2999 eam

485 3014 614 3070 bino
669 3019 760 3073 teli
791 3020 968 3091 jactu,
1023 3027 1090 3080 ad
1142 3028 1517 3086 sublimiorem
1571 3044 1782 3101 partem
1834 3039 2056 3104 montis,

2150 512 2212 567 τὸ
2244 513 2409 584 βάθος
2431 512 2536 586 τῆς
2568 516 2776 587 ἐρήμου
2808 513 2999 587 ἕτερόν
3036 515 3153 569 ἔστι
3194 514 3486 586 σπήλαιον,
3518 516 3572 571 ὲν
3617 512 3688 586 ᾧὸ

2153 608 2444 679 προφήτης
2479 608 2669 675 Ἠλίας
2694 607 3076 681 διαιτώμενος,
3099 609 3206 663 ὑπὸ
3232 609 3331 663 τοῦ
3359 610 3577 679 πυρίνου
3613 612 3685 681 ἡρ-

2153 703 2309 774 πάγη
2364 705 2632 777 ἅρματος.
2680 706 2901 761 Τούτων
2933 706 2991 760 δὲ
3025 706 3313 778 σπηλαίων
3345 707 3550 761 ἐκεῖθεν
3589 707 3689 775 περὶ

2152 795 2252 868 τὴν
2290 796 2385 851 τοῦ
2431 798 2698 871 Ἰορδάνου
2728 799 2923 872 φοράν,
2950 800 3168 869 λέγεται
3190 799 3344 853 είναι
3366 798 3468 871 τὴν
3498 798 3687 869 ἔρημον,

2152 887 2243 957 ιφγ
2265 887 2332 961 ήν
2374 890 2405 944 ὁ
2440 888 2755 961 θαυμαστὸς
2806 892 3066 961 Ζωσιμᾶς
3116 890 3215 961 τὴν
3248 890 3535 959 ίσάγγελον
3563 891 3693 957 Δίγυ-

2154 982 2317 1038 πτίαν
2348 981 2477 1037 ίδείν
2504 982 2738 1054 ὴξιὼθῆ.
2768 986 2892 1039 Τῶν
2919 985 2977 1039 δὲ
3002 984 3211 1056 βουνῶν
3250 982 3487 1049 ἐκεῖθεν,
3520 983 3551 1052 ή
3578 983 3690 1036 ἀπά-

2153 1092 2327 1144 γουσα
2363 1075 2424 1131 ἐν
2461 1075 2540 1148 τῷ
2580 1077 2715 1149 Σινᾷ
2752 1078 2848 1133 καί
2896 1076 2974 1147 τῷ
3011 1074 3215 1146 Ῥαῖθῷ
3252 1076 3352 1130 καὶ
3382 1076 3449 1144 τῇ
3501 1074 3693 1146 Ἐρυθρᾷ

2156 1164 2403 1239 θαλάσσῃ
2436 1166 2683 1238 πέφυκεν
2717 1166 2945 1239 ἔρημος.
2975 1166 3249 1222 Ἐνταῦθά
3284 1183 3380 1238 μοι
3402 1167 3432 1220 δ
3475 1166 3594 1235 περὶ
3623 1165 3695 1235 τῆς

2156 1256 2365 1328 ἐρήμου
2399 1257 2557 1326 λόγος
2592 1256 2653 1312 τὸ
2681 1256 2865 1328 τέρμα
2903 1256 3171 1324 δεξάσθω.

2224 1356 2344 1415 κζ’.
2372 1349 2706 1423 Δεξιώτερον
2728 1350 2786 1405 δὲ
2816 1350 2911 1404 τοῦ
2944 1350 3147 1420 μέρους
3188 1351 3288 1420 τῆς
3324 1347 3489 1416 ἁγίας
3526 1346 3695 1407 πόλεως

2169 1442 2554 1516 Ἰερουσαλὴμ,
2589 1444 2686 1499 καὶ
2734 1444 2842 1497 ὑπὸ
2874 1444 2969 1496 τοῦ
3005 1443 3206 1515 μέρους
3240 1441 3337 1495 τοῦ
3384 1440 3588 1511 πύργου
3627 1439 3696 1493 τοῦ

2156 1538 2440 1608 προφήτου
2499 1536 2682 1601 Δαδὶδ,
2720 1535 2835 1590 ἔστι
2884 1534 3047 1603 ζυγὸς
3076 1536 3196 1599 ὅλος
3246 1532 3587 1604 ὑπάμπελος,
3628 1534 3698 1585 καὶ

2155 1629 2347 1685 τούτου
2401 1632 2529 1703 περὶ
2582 1632 2651 1685 τά
2699 1629 3102 1702 χθαμαλώτερα
3143 1628 3310 1701 μέρη,
3358 1628 3466 1682 τῶν
3507 1628 3697 1697 Ἰϐήρων

2162 1724 2298 1797 μονή
2331 1726 2593 1795 πέφυκεν,
2625 1719 2693 1799 ἧς
2714 1725 2818 1794 τῆς
2846 1724 3198 1796 περιγραφῆς
3221 1725 3397 1789 ἐντος,
3439 1723 3531 1777 τοῦ
3551 1722 3699 1791 τιμίου

2162 1819 2399 1890 σταυροῦ
2435 1819 2713 1891 τμηθῆναι
2759 1819 2979 1887 λέγεται
3013 1818 3190 1883 ξύλον.
3262 1816 3545 1871 Ἐντεῦθεν
3573 1816 3700 1886 ήτῆς

2160 1913 2378 1984 ὀρεινῆς
2399 1911 2743 1983 λαμϐάνεται
2778 1912 3114 1983 περίχωρος,
3150 1911 3393 1978 εὐλόγως
3427 1910 3562 1963 οὕτω
3595 1908 3702 1976 κλη-

2161 2006 2349 2061 θεῖσα·
2383 2005 2475 2060 ἐπὶ
2514 2007 2679 2077 μήκει
2718 2004 2827 2077 γὰρ
2850 2005 3061 2059 πολλῶν
3096 2001 3327 2058 σταδίων
3370 2002 3482 2055 ἐστὶ
3507 2002 3563 2054 τ’)
3588 2000 3701 2053 πάν-

2158 2118 2268 2155 των
2304 2100 2513 2171 βουνῶν
2548 2098 2907 2170 ὀρεινότερον.
2938 2140 2943 2145 .
2980 2098 3119 2152 Ἀπὸ
3148 2097 3279 2165 γοῦν
3303 2096 3406 2165 τῆς
3447 2095 3595 2163 ἁγίας
3630 2094 3704 2147 πό-

2158 2196 2298 2260 λεως
2339 2195 2470 2249 ὡσεὶ
2502 2194 2692 2248 στάδια
2728 2189 2789 2247 ιδ’
2832 2192 2980 2247 ἐστιν
3034 2194 3069 2265 ἠ
3124 2192 3274 2247 οίκία
3312 2184 3579 2262 Ζαχαρίου
3628 2188 3701 2241 rei

2161 2288 2469 2358 προφήτου,
2511 2288 2568 2340 ὲν
2671 2283 2812 2356 μετὰ
2843 2285 2935 2340 τὸν
2970 2283 3349 2355 χαιρετισμδν,
3384 2282 3647 2337 ἀναστᾶσα
3677 2282 3703 2348 ἡ

2162 2380 2543 2450 πανὰχραντος
2579 2378 2843 2442 Θεοτόκος
2876 2376 3156 2450 ἐπορεύθη
3198 2377 3335 2448 μετὰ
3364 2376 3607 2444 σπουδῆς,
3631 2375 3705 2429 καί

2161 2474 2451 2543 ἠσπάσατο
2485 2471 2583 2545 τὴν
2618 2471 2925 2537 Ἐλισάδιτ,
2951 2471 3048 2524 καὶ
3074 2470 3136 2525 τὸ
3166 2470 3372 2543 βρέφος
3400 2471 3457 2523 ἐν
3476 2468 3705 2538 ἀγαλλιά-

2164 2582 2249 2619 σει
2280 2567 2338 2620 ἒν
2363 2568 2431 2637 τῇ
2461 2564 2637 2635 κοιλίᾳ
2680 2561 2888 2633 ταύτης
2915 2562 3233 2634 ἐσκίρτησε,
3253 2565 3371 2627 τοῖς
3401 2563 3705 2634 σκιρτήμασι

2162 2660 2293 2714 ὡσεὶ
2326 2659 2438 2733 [Ion
2462 2658 2544 2722 ὡς
2578 2656 2750 2730 εἰκὸς]
2793 2658 2886 2710 τὸν
2922 2656 3204 2727 Δεσπότην
3242 2655 3599 2726 δεξιούμενον.
3631 2654 3707 2708 καὶ

2160 2754 2194 2825 ή
2244 2737 2522 2825 Παρθένος
2573 2751 2675 2822 τὴν
2725 2750 3050 2821 θαυμαστὴν
3113 2750 3333 2821 ἐκείνην
3388 2748 3707 2822 προφητικήν

2162 2848 2308 2920 ᾠδὴν
2343 2846 2754 2917 ἀπεφθέγξατο.
2782 2847 2941 2900 Ἔστι
2974 2845 3106 2915 γοῦν
3134 2848 3192 2901 ἐν
3215 2846 3292 2915 τῷ
3324 2845 3475 2915 τόπῳ
3505 2843 3708 2899 καστέλ·

2162 2942 2297 3007 λιον,
2333 2943 2427 2996 καὶ
2466 2944 2595 3002 ναὸς
2645 2940 2884 3011 ὕπερθεν
2915 2939 3185 3011 σπηλαίου
3218 2940 3521 3010 ὲφὶδρυται,
3556 2939 3641 2992 καί
3664 2938 3708 2989 ἐν

2160 3037 2273 3095 τοῖς
2297 3034 2393 3089 τοῦ
2413 3034 2680 3106 σπηλαίου
2713 3034 2906 3105 μυχοῖς
2952 3034 2985 3104 ἠ
3016 3032 3278 3103 γέννησις
3296 3033 3391 3087 τοῦ
3420 3032 3705 3105 Προδρόμον

482 3120 635 3179 petra
667 3124 773 3181 est,
806 3131 928 3186 quae
981 3118 1150 3175 divisa
1186 3119 1478 3191 fugientem
1515 3123 1769 3195 Baptistae
1803 3137 2056 3196 matrem,

2164 3128 2377 3196 γέγονε,
2396 3128 2490 3181 καλ⁵
2502 3126 2690 3181 τούτου
2718 3126 3048 3197 πρόσεγγυς,
3069 3125 3203 3179 ὡσεὶ
3230 3124 3324 3179 δύο
3350 3125 3516 3190 τόξων
3540 3125 3702 3197 βολῆς,

482 3203 740 3261 infantem
770 3211 1153 3279 amplexatam,
1179 3230 1301 3269 cum
1329 3215 1569 3275 Herodes
1600 3220 1747 3277 caede
1778 3221 2056 3278 immanis-

2166 3222 2297 3291 περὶ
2351 3219 2445 3274 τοῦ
2484 3221 2643 3288 ὖρους
2695 3218 3031 3289 ύψιαίτερον,
3080 3216 3319 3289 ὑπάρχει
3373 3220 3406 3289 ή
3458 3217 3708 3288 σχισθεῖσα

480 3298 617 3353 sima
650 3302 882 3371 saeviret,
921 3304 1040 3360 sinu
1067 3322 1165 3363 suo
1194 3309 1398 3365 avexit.

554 3583 647 3642 27.
676 3585 758 3640 Ab
778 3584 1101 3655 Jerusalem,
1131 3591 1275 3646 inter
1294 3594 1426 3647 duas
1469 3594 1606 3659 vias,
1640 3610 1801 3649 unam
1836 3612 1958 3666 quas
1992 3597 2058 3651 ad

482 3686 759 3743 montana,
819 3681 1043 3737 alteram
1080 3700 1200 3753 quas
1236 3686 1302 3741 ad
1332 3689 1731 3746 ccenobiarcha:
1780 3701 2049 3745 monaste-

482 3770 623 3825 rium
672 3782 725 3827 et
758 3773 988 3829 Lauram
1019 3776 1262 3840 abducit,
1303 3778 1520 3834 dorsum
1552 3784 1863 3851 procurrit;
1902 3793 1957 3839 et
2006 3784 2059 3837 in

482 3877 548 3915 eo
577 3862 679 3918 iter
712 3867 971 3935 aperitur,
1012 3884 1039 3921 a
1074 3880 1261 3925 sancta
1318 3871 1485 3927 Sione
1538 3872 1813 3930 Bethleem
1854 3874 2057 3941 ferens,

489 3952 629 4011 Urbs
659 3973 789 4013 vero
815 3959 1087 4017 Bethleem
1122 3978 1151 4017 a
1176 3975 1362 4018 sancta
1389 3965 1608 4021 civitate
1639 3983 1734 4023 sex
1766 3969 1883 4025 fere
1910 3968 2060 4033 mille

482 4053 735 4120 passibus
761 4052 945 4109 distat.
978 4054 1036 4110 lu
1067 4055 1183 4126 ejus
1209 4067 1262 4112 et
1293 4068 1494 4114 sancttc
1525 4060 1764 4117 civitatis
1805 4059 2061 4121 meditul-

482 4143 555 4200 lio
606 4148 999 4202 monasterium
1033 4149 1207 4204 sancti
1239 4152 1519 4220 propheta:
1578 4151 1708 4207 Elite
1754 4153 1991 4219 exsistit.
2029 4172 2059 4210 a

483 4239 867 4296 vetustissimis
904 4241 1008 4311 piis
1070 4241 1381 4299 hominibus
1436 4245 1855 4313 emdilicatum,
1940 4249 2057 4316 sed,

483 4338 645 4387 terra:
659 4332 918 4399 motibus,
942 4333 1185 4389 funditus
1210 4347 1480 4405 aequatum
1503 4338 1650 4395 solo:
1682 4350 2059 4397 verumtamen

482 4433 537 4480 et
569 4424 695 4490 hoc,
726 4425 792 4481 de
834 4427 967 4482 orbe
1006 4428 1261 4483 universo
1310 4430 1447 4485 bene
1499 4445 1748 4498 merens,
1800 4432 2055 4489 dominus

2170 3313 2371 3384 πέτρα,
2433 3314 2528 3367 καὶ
2588 3310 2967 3383 ὑποδεξαμένη
3014 3310 3329 3379 φεύγουσαν
3382 3311 3479 3383 τὴν
3528 3312 3711 3382 μητέρα

2163 3407 2260 3462 τοῦ
2295 3404 2627 3469 Βαπτιστοῦ,
2661 3406 2859 3477 βρέφος
2885 3403 3302 3477 ῆγκαλισμένην
3335 3404 3511 3468 αὑτὸν,
3547 3403 3630 3457 ἐπὶ
3659 3406 3709 3472 τῇ

2169 3500 2535 3572 βρεφοκτονίᾳ
2565 3501 2658 3553 τοῦ
2699 3499 2961 3570 ’ῐίρὼδοω

2237 3593 2342 3657 κζ’.
2400 3592 2536 3645 Ἀπὸ
2577 3592 2634 3646 δὲ
2675 3591 2776 3661 τῆς
2824 3590 3183 3663 Ἰερουσαλὴμ
3218 3591 3385 3660 μέσον
3424 3591 3529 3644 τῶν
3560 3588 3644 3643 δύο
3668 3591 3714 3641 ὁ-

2162 3685 2287 3753 δῶν,
2317 3686 2417 3755 τῆς
2446 3702 2505 3739 τε
2555 3685 2694 3757 πρὸς
2725 3685 2825 3756 τὴν
2852 3684 3069 3755 ὀρεινὴν
3121 3684 3468 3756 ἁπαγούσης,
3500 3684 3594 3738 καὶ
3633 3682 3717 3747 τῆς

2163 3779 2304 3850 πρὸς
2336 3780 2437 3850 τὴν
2468 3778 2638 3850 μονὴν
2669 3777 2763 3833 τοῦ
2806 3779 3204 3849 Κοινοσιὰρχου
3240 3779 3336 3831 καὶ
3378 3779 3479 3848 τῆς
3504 3777 3715 3849 λαύρας,

2163 3872 2281 3927 ἔστι
2316 3871 2525 3943 ραχίον,
2575 3872 2671 3924 καὶ
2697 3870 2813 3934 ὁδὸς
2855 3870 2913 3924 ὲν
2962 3870 3112 3941 αὐτῷ
3162 3870 3325 3941 μέχρι
3368 3870 3465 3939 τῆς
3491 3866 3718 3940 Βηθλεὲμ

2164 3964 2271 4019 ἀπὺ
2296 3963 2399 4033 τῆς
2424 3964 2586 4032 ἁγίας
2614 3962 2753 4016 Σιὼν
2781 3964 3095 4033 ἀπάγουσα.
3134 3964 3200 4017 Ἠ
3226 3963 3283 4017 δὲ
3315 3962 3564 4035 Βηθλεὲμ
3582 3963 3718 4022 πόλις

2164 4055 2361 4124 ἀπέχει
2386 4055 2484 4123 τῆς
2514 4054 2676 4123 ἁγίας
2721 4054 2929 4118 πόλεως
2961 4054 3095 4108 ὡσεὶ
3128 4054 3280 4125 μιλία
3310 4055 3392 4123 ἓξ.
3424 4048 3532 4121 Ἦς
3576 4056 3719 4126 μέσον

2161 4147 2217 4202 δὲ
2250 4146 2351 4217 τῆς
2382 4147 2545 4214 ἁγίας
2578 4147 2791 4213 πόλεως
2825 4147 3065 4219 ὑπάρχει
3103 4148 3239 4221 μονὴ
3276 4148 3369 4203 τοῦ
3414 4150 3569 4219 ἁγίου
3603 4166 3718 4218 προ-

2163 4241 2335 4311 φήτου
2354 4239 2562 4303 Ἠλιοῦ,
2608 4240 2714 4294 ὑπὸ
2753 4242 2859 4295 τῶν
2886 4241 3234 4295 παλαιτάτων
3253 4243 3353 4313 μὲν
3385 4244 3717 4315 ἀνεγερθεῖεα

2162 4332 2378 4404 ἀνδρῶν
2408 4332 2696 4404 θεοφιλῶν,
2729 4334 2795 4388 ἐκ
2839 4334 2897 4388 δὲ
2929 4334 3023 4388 τοῦ
3054 4333 3284 4408 σεισμοῦ
3318 4335 3530 4408 ῥιζόθεν
3569 4354 3718 4389 κατα-

2163 4425 2435 4479 πεσοῦσαο
2465 4426 2600 4480 ἀλλά
2630 4428 2721 4480 καὶ
2748 4425 2953 4497 ταύτην
2985 4428 3013 4481 ὁ
3052 4428 3314 4497 κοσμικὸς
3361 4430 3668 4502 εὐεργέτης.
3694 4427 3717 4481 ὁ

484 4531 637 4573 meus
663 4526 827 4588 atque
857 4520 1150 4588 imperator
1178 4536 1276 4591 per
1300 4536 1456 4576 suum
1507 4525 1814 4592 praesidem,
1856 4525 2053 4596 Syrum

2164 4518 2297 4589 ἐμὸς
2318 4518 2585 4590 δεσπότης
2618 4520 2710 4572 καί
2739 4517 2999 4587 βασιλεὺς
3036 4519 3099 4574 ὲκ
3124 4518 3343 4593 βάθρων
3373 4524 3621 4593 ἀνήγειρε
3645 4520 3719 4571 διὰ

479 4608 777 4679 hominem,
816 4627 846 4665 a
884 4610 1249 4669 fundamentis
1283 4616 1559 4685 reparavit
1593 4634 1607 4671 :
1640 4619 1883 4691 adeoque
1918 4619 2063 4672 inter

480 4704 874 4758 monasterium
898 4714 953 4760 et
987 4703 1289 4772 Bethleem,
1322 4707 1560 4777 itemque
1591 4708 1846 4765 Rachelis
1878 4711 2061 4777 sepul—

480 4812 654 4863 crum,
687 4808 960 4853 structura
1016 4810 1253 4869 quatuor
1285 4802 1608 4868 fornicibus,
1666 4802 1761 4858 toli
1805 4805 1979 4859 instar
2008 4806 2058 4861 in

482 4888 824 4959 fastigiatum
868 4905 1126 4947 cacumen
1159 4893 1553 4960 desinentibus,
1585 4904 1873 4964 opertum;
1911 4896 2061 4952 locus

481 4982 572 5039 ille
599 4984 849 5054 trianguli
879 4985 1106 5040 formam
1132 4986 1314 5042 emcit.
1339 4987 1416 5042 Ad
1442 4989 1832 5045 sinisteriorem
1858 5002 2061 5047 sanctae

483 5074 762 5133 Bethleem
796 5090 1007 5148 partem
1055 5078 1199 5135 inter
1233 5096 1353 5135 eam
1387 5090 1440 5136 et
1493 5083 1893 5139 coenobiarcbae
1942 5102 2058 5141 mo-

482 5172 802 5239 nasterium,
836 5188 965 5244 ager
1016 5182 1120 5240 est,
1169 5184 1223 5228 et
1271 5173 1326 5228 in
1362 5189 1493 5246 agro
1545 5177 1823 5244 spelunca,
1868 5179 1921 5233 in
1953 5194 2059 5248 qua

479 5263 623 5319 beati
658 5272 1057 5319 commorantes
1082 5264 1135 5319 in
1169 5263 1317 5333 agris
1351 5274 1595 5334 pastores
1624 5265 1899 5336 angelicas
1942 5266 2056 5319 lau-

476 5357 573 5410 des
639 5357 861 5413 auribus
916 5371 1249 5427 acceperunt
1282 5375 1296 5413 :
1326 5357 1509 5413 Gloria
1550 5359 1603 5411 in
1654 5360 1896 5423 excelsis,
1954 5360 2059 5416 illis

479 5447 921 5513 inclamantibus,
980 5456 1029 5502 et
1068 5448 1123 5501 in
1160 5458 1301 5501 terra
1326 5465 1457 5517 pax,
1500 5458 1551 5501 et
1583 5450 1634 5502 in
1660 5454 1855 5504 mundo
1888 5449 2054 5515 saltu,

479 5543 547 5597 ob
576 5542 741 5597 Deum
773 5556 951 5596 meum
979 5556 1043 5595 ex
1072 5541 1278 5611 virgine
1305 5542 1529 5611 Deipara
1562 5541 1824 5612 genitum.
1862 5542 2058 5598 Sancta

479 5636 751 5691 Bethleem
783 5636 835 5688 in
884 5634 1069 5700 dorso,
1113 5634 1381 5703 lapidibus
1422 5643 1614 5696 strato,
1673 5634 1893 5689 fundata
1928 5647 2009 5691 est
2043 5652 2057 5690 :

479 5728 531 5781 in
594 5741 656 5780 ea
712 5724 1051 5795 conSpicitnr
1080 5734 1136 5779 et
1167 5739 1322 5779 sacra
1370 5725 1658 5792 spelunca,
1697 5735 1751 5779 et
1789 5741 2055 5795 praesepe,

478 5824 536 5877 et
562 5826 774 5886 puteus,
808 5832 873 5873 ex
900 5832 1007 5887 quo
1041 5815 1210 5873 David
1258 5818 1446 5875 bibere
1470 5820 1803 5891 concupivit,
1834 5833 1888 5877 et
1918 5830 2058 5878 tem-

2163 4610 2260 4665 τοῦ
2293 4612 2498 4680 ταύτην
2522 4609 2944 4675 ἐπιστατοῦντος
2978 4612 3150 4684 Σύρου
3195 4613 3410 4684 ἀνδρὸς,
3447 4613 3539 4668 καὶ
3568 4612 3719 4673 οὕτως

2168 4703 2330 4775 μέσον
2380 4703 2481 4773 τῆς
2518 4704 2689 4774 μονῆς
2729 4704 2824 4757 καὶ
2870 4706 2969 4774 τῆς
3012 4704 3264 4775 Βηθλεὲμ
3298 4706 3609 4777 τριγωνίζει
3644 4706 3718 4756 τὸν

2161 4796 2339 4869 χῶρον
2380 4797 2407 4850 ὁ
2446 4796 2543 4859 τῆς
2594 4795 2791 4865 Ῥαχὴλ
2822 4797 3013 4866 τάφος,
3049 4797 3153 4850 ὑπὸ
3182 4799 3609 4869 τετρακαμάρου
3647 4796 3719 4849 Oo-

2160 4888 2336 4942 λωτοῦ
2367 4889 2707 4959 σκεπόμενος
2734 4889 3059 4960 κτίσματος.
3098 4891 3236 4962 Περὶ
3269 4891 3328 4947 δὲ
3356 4894 3417 4947 τὸ
3442 4889 3718 4963 εύωνυμὼ-

2161 5000 2320 5053 τερον
2350 4981 2515 5051 μέρος
2550 4982 2652 5053 τῆς
2680 4982 2842 5051 ἁγίας
2912 4981 3186 5055 Βηθλεὲμ,
3224 4984 3391 5056 μέσον
3441 4986 3611 5056 αὐτῆς
3640 4982 3720 5037 καὶ

2160 5076 2260 5146 τῆς
2286 5075 2379 5128 τοῦ
2413 5075 2813 5147 Κοινοὸιάρχου
2860 5077 3050 5148 μονῆς,
3083 5078 3280 5148 ὁρᾶται
3332 5079 3523 5150 ἀγρὸς,
3555 5080 3642 5132 καὶ
3672 5078 3719 5129 ὲν

2160 5167 2241 5239 τῷ
2278 5168 2436 5241 ἀγρῷ
2467 5168 2755 5240 σπήλαιον,
2793 5172 2852 5223 έν
2878 5163 2923 5239 ᾧ
2963 5172 3012 5225 οἱ
3047 5172 3307 5244 μακάριοι
3336 5172 3719 5245 ἀγραυλοῦντες

2163 5263 2423 5333 ποιμένες
2452 5263 2564 5315 τῶν
2606 5263 2913 5331 ἁγγελικῶν
2948 5264 3191 5336 ἥκουσαν
3228 5263 3435 5336 ὕμνων,
3466 5267 3548 5332 τὸ,
3586 5264 3722 5327 Δόξα

2160 5357 2229 5410 ὲν
2289 5357 2595 5425 ὑψίστοις,
2642 5357 3086 5427 ἑπιφωνούντων,
3123 5357 3267 5425 Θεῷ,
3312 5360 3413 5415 καί
3466 5360 3563 5413 ἐπί
3624 5357 3719 5427 γῆς

2161 5449 2391 5519 είρήνη,
2425 5450 2496 5505 ἐν
2521 5448 2600 5515 τῷ
2623 5450 2827 5520 κόσμῳ
2874 5455 3162 5521 σωτηρία,
3229 5456 3291 5507 ὲκ
3316 5455 3416 5522 τῆς
3456 5456 3717 5526 Παρθένου

2161 5543 2255 5594 καὶ
2313 5540 2579 5595 Θεοτόκου
2630 5541 2723 5596 τοῦ
2779 5540 2915 5595 Θεοῦ
2994 5560 3094 5611 μου
3151 5546 3536 5613 ἀποκυήσεως.
3578 5546 3635 5598 Ἡ
3672 5544 3721 5595 δὲ

2160 5634 2295 5704 ἁγία
2321 5634 2571 5706 Βηθλεὲμ
2592 5634 2986 5707 τεθεμελίωται
3009 5636 3099 5689 ἐπὶ
3129 5634 3499 5709 λιθοστρώτου
3524 5637 3717 5709 ῥακίου.

2164 5728 2222 5781 ὲν
2324 5728 2419 5782 καὶ
2471 5729 2533 5781 τὸ
2592 5729 2735 5800 ἱερὸν
2796 5728 3066 5802 σπήλαιον
3098 5729 3257 5801 καὶὴ
3311 5730 3515 5802 φάτνη,
3553 5730 3643 5784 καὶ
3669 5730 3720 5783 τὸ

2160 5821 2363 5897 φρέαρ,
2390 5822 2450 5889 ἐξ
2480 5814 2541 5876 οὗ
2578 5821 2739 5878 Δαόὶδ
2770 5822 2916 5879 πιεῖν
2951 5821 3291 5896 ἐπεθύμησε,
3358 5824 3451 5880 καὶ
3481 5825 3603 5889 ναὸς
3633 5826 3716 5879 ἐπὶ
