4004 6206
318 338 425 405 957

1390 355 1851 420 DESCRIPTIO
1890 360 2168 427 TERRt-‘E
2208 365 2542 428 SANCTE.

3466 355 3573 425 958

301 470 422 529 τοῖς
457 468 552 523 τοῦ
607 468 878 548 σπηλαίου
931 469 1125 538 νώτοις
1167 475 1582 547 ὲπικαθήμενος
1631 480 1865 550 βλέπετα

1997 485 2167 556 plum,
2204 483 2474 554 spelunca:
2505 476 2748 535 humeris
2777 477 3041 544 insidens,
3068 477 3399 550 przelongum
3434 493 3579 546 pra:-

303 561 626 634 ὲπιμήκης,
677 564 773 619 καὶ
822 566 1170 639 πάμμεγας,
1235 570 1596 640 σταυροειδῶς
1638 572 1698 637 ἐξ
1747 573 1888 644 ἀσή-

303 674 459 711 πτων
494 656 668 723 ξύλων
714 661 1051 732 σκεπόμενος
1083 681 1100 697 ο
1131 664 1165 736 ἡ
1194 663 1250 718 δὲ
1300 667 1434 737 ιιτερλ⁵
1479 665 1540 719 τὸ
1588 666 1869 741 θυσιαστήι

1991 668 2096 726 bus
2147 669 2306 738 lignis
2339 672 2648 723 contectum
2697 685 2712 720 :

310 766 429 822 ριον
492 752 666 824 ὀροφή
727 755 847 808 ἑστι
913 756 1003 810 διὰ
1054 756 1212 812 θόλου
1265 761 1685 832 ἀνεγηγερμένη
1747 762 1888 816 λιθί-

303 863 425 902 νου.
499 847 663 901 Ἀλλὰ
694 849 790 903 καὶ
840 849 1030 905 τοῦτον
1079 853 1174 905 τὸν
1227 855 1716 926 περικαλλέστατον
1759 857 1888 911 ναὸν

303 940 402 994 καί⁸
459 941 761 1012 πάμμεγαν
834 947 868 1016 ἡ
942 944 1036 1000 τού
1105 949 1484 1017 κοσμιωτάτου
1561 966 1663 1020 μου
1731 949 1886 1019 βασι-

299 1027 446 1094 λέως
498 1030 764 1104 ἀνήγειρε
819 1033 1100 1105 φιλότιμος
1131 1036 1274 1107 χεὶρ,
1310 1037 1404 1090 καὶ
1437 1036 1636 1107 ψηφῖσι
1682 1055 1883 1109 κεχρυ-

303 1122 576 1191 σωμένοις
604 1123 727 1177 ὅλον
752 1124 842 1178 τὸν
872 1127 1001 1181 ναὸν
1026 1129 1464 1199 κατεκόσμησεν,
1497 1130 1669 1200 ἐφ’,ὃν
1707 1136 1735 1186 ὁ
1768 1133 1877 1186 τῶν

298 1214 362 1267 ἐν
382 1218 450 1286 τῇ
482 1213 637 1288 χώρᾳ
682 1217 1017 1288 παρένθετος
1055 1220 1302 1290 Λατίνων
1340 1220 1563 1291 ποιμὴν,
1595 1221 1688 1277 τὸν
1723 1224 1885 1279 αὑτο-

296 1307 553 1378 κράτορα
583 1309 726 1379 τάχα
775 1310 874 1380 τῆς
935 1311 1346 1382 μεγαλοψυχίας
1380 1315 1773 1385 ἀμειὸόμενος,
1825 1320 1883 1372 ὲν

296 1398 587 1470 διαφόροις
626 1401 816 1464 τόποις
867 1403 961 1455 καὶ
994 1403 1052 1456 ἐν
1084 1403 1232 1474 αὐτῷ
1266 1403 1343 1474 τῷ
1384 1402 1761 1478 θυσιαστηρίῳ
1787 1407 1881 1461 τοῦ

299 1495 464 1563 ἁγίου
485 1498 718 1567 ὕπερθεν
748 1498 1019 1568 σπηλαίου
1051 1500 1147 1568 τὴν
1176 1499 1384 1571 ὡραίαν
1413 1503 1626 1556 ὲκεὶνου
1665 1504 1881 1577 μορφὴν

299 1592 677 1664 ἀνεστήλωσε.
732 1593 806 1646 Τὸ
839 1594 897 1647 δὲ
932 1593 1026 1646 τοῦ
1075 1593 1347 1664 σπηλαίου
1405 1595 1612 1666 σχῆμα,
1641 1596 1742 1667 τῆς
1773 1599 1880 1669 φά-

291 1704 452 1758 τνης,
489 1687 706 1741 καὶτοῦ
742 1689 978 1758 φρέατος
1005 1689 1243 1760 ὑπάρχει
1290 1690 1559 1746 τοιοῦτον.
1627 1691 1768 1762 Περὶ
1818 1695 1880 1747 τὸ

295 1779 583 1849 εὐώνυμον
623 1782 789 1851 μέρος
822 1782 914 1835 τοῦ
961 1782 1202 1853 βήματός
1241 1785 1358 1838 ἐστι
1402 1785 1495 1839 τοῦ
1533 1787 1690 1856 ἁγίου
1736 1805 1878 1859 σπη-

294 1873 456 1926 λαίου
492 1875 731 1943 στόμιον,
761 1869 821 1930 οὗ
851 1876 1162 1946 πρόσεγγυς
1188 1879 1364 1931 ἐκεῖνο
1400 1879 1456 1931 τὸ
1497 1880 1676 1951 φρέαρ
1704 1855 1874 1946 ἐστὶν,
1911 1855 1952 1911 Β

297 1964 358 2030 ἐξ
411 1961 475 2020 οὗ
545 1967 820 2038 αἰσθητῶς
866 1968 961 2022 καὶ
1014 1968 1224 2037 νοητῶς
1276 1970 1304 2022 ὁ
1352 1973 1658 2045 προπάτωρ
1711 1974 1880 2028 Δαὸὶδ

297 2064 447 2114 πιεῖν
483 2060 852 2133 ἐπεθύμησεν,
897 2055 960 2118 οὗ
987 2062 1179 2127 ὓδατος
1211 2065 1260 2118 οί
1296 2065 1876 2135 παραδυναστεύοντες

293 2155 495 2225 ἐκείνῳ
530 2153 720 2225 ἄνδρες
762 2153 876 2220 δύο,
907 2156 1005 2220 τὰς
1038 2156 1143 2211 τῶν
1174 2156 1490 2230 ἀλλοφύλων
1527 2159 1879 2231 διατεμόντες

296 2245 680 2317 παρεμϐολὰς,
709 2246 804 2300 καὶ
843 2247 932 2302 διὰ
974 2250 1067 2302 τοῦ
1111 2250 1324 2304 καδδίου
1357 2252 1715 2323 ἀρυσάμενοι,
1746 2254 1876 2322 φλεε

293 2340 518 2410 γομὲνῳ
540 2339 620 2410 τῷ
656 2339 799 2410 δίψει
832 2341 1025 2413 ἐκείνῳ
1049 2345 1415 2415 προσέφερον,
1446 2345 1505 2408 ὃς
1537 2347 1594 2398 ὲν
1619 2344 1697 2417 τῷ
1721 2349 1876 2400 σπεῖ-

293 2449 389 2485 σαι
431 2433 564 2486 αὑτὸ
602 2432 680 2502 τῷ
705 2431 845 2505 Θεῷ,
876 2433 938 2485 τδ
965 2434 1123 2506 μέχρι
1158 2435 1252 2488 τοῦ
1281 2434 1377 2488 νῦν
1404 2435 1689 2508 διαϐόητον
1711 2437 1876 2509 ἔργον

291 2519 618 2592 πεποιηκὼς
650 2522 1112 2592 ἁνακηρύττεται.
1148 2524 1245 2577 Ἐκ
1267 2524 1322 2577 δὲ
1350 2523 1450 2592 τῆς
1479 2524 1573 2577 τοῦ
1606 2525 1875 2596 σπηλαίου

289 2612 504 2666 είσόδου
541 2612 703 2684 μέχρι
731 2612 826 2666 τοῦ
862 2614 1136 2684 πυθμένος
1167 2615 1354 2676 αὑτοῦ,
1392 2616 1551 2669 ἐστιν
1581 2618 1613 2685 ἡ
1643 2617 1872 2682 κάθοδος

286 2705 379 2759 διὰ
415 2705 696 2776 βαθμίδων
728 2707 788 2774 ἐξ
840 2709 935 2761 καὶ
977 2707 1133 2761 δέκα.
1175 2709 1286 2762 Καὶ
1336 2708 1465 2778 περὶ
1518 2709 1579 2763 τὸ
1626 2710 1874 2781 ἀρκτῴον

292 2797 466 2870 μέρος
521 2798 760 2870 ὑπάρχει
811 2799 871 2854 τδ
914 2799 1060 2872 ἱερὸν
1085 2802 1268 2854 ἐκεῖνο
1304 2800 1618 2873 κατάλυμα,
1667 2805 1723 2857 ὲν
1756 2797 1799 2873 ᾧ
1838 2807 1870 2877 ἡ

289 2891 575 2963 Παρθένος
614 2891 706 2946 τὸν
760 2893 990 2964 Σωτῆρα
1036 2893 1278 2966 Χριστὸν
1331 2895 1638 2967 ἀπεκύησε,
1691 2900 1785 2953 καὶ
1837 2902 1870 2972 ἡ

291 2984 477 3048 κτίσις
531 2986 680 3039 πᾶσα
719 2985 934 3040 κατεῖδε
981 2985 1117 3041 θεὸν
1168 2987 1226 3041 ἐν
1282 2989 1470 3060 σαρκὶ,
1529 2991 1624 3044 καὶ
1667 2993 1872 3062 κόσμος

286 3075 415 3138 ὅλος
443 3078 820 3150 ἁνεκαινίσθη,
854 3081 946 3134 καὶ
973 3082 1001 3136 ὁ
1030 3080 1222 3153 θνητὸς
1244 3083 1356 3153 ἐγὼ
1387 3084 1746 3155 πλουτίζομαι
1770 3089 1872 3160 τὴν

290 3169 528 3242 θεότητα
563 3169 658 3225 τοῦ
684 3171 820 3226 Θεοῦ
849 3173 944 3227 καὶ
974 3174 1214 3229 κτίστου
1243 3193 1346 3247 μου
1386 3178 1486 3249 τὴν
1533 3179 1673 3249 ἐμὴν
1724 3198 1869 3234 -πτωσ

285 3267 446 3335 χείαν
479 3266 917 3338 πτωχεύσαντος.
971 3264 1102 3324 Εἶτα
1138 3273 1267 3341 μιᾶς
1322 3273 1567 3328 κάτωθεν
1607 3275 1869 3346 βαθμίδος

284 3357 318 3427 ἡ
343 3357 454 3408 τῶν
497 3355 711 3424 ἀλόγων
743 3359 941 3428 ὁρᾶται
989 3359 1189 3431 φάτνη,
1246 3361 1502 3432 ἰσομήκει
1540 3379 1870 3432 τετραγωνι-

283 3451 492 3522 ζομένη
525 3450 601 3522 τῷ
623 3452 886 3521 σχήματι,
937 3453 1005 3523 ἢν
1034 3452 1248 3516 λευκοῖς
1276 3456 1325 3509 οἱ
1365 3456 1534 3511 πάλαι
1584 3457 1866 3530 ἄνθρωποι

289 3545 615 3616 μαρμάροις
641 3546 1113 3618 περικαλύψαντες
1140 3587 1155 3612 ,
1191 3550 1356 3618 μέσον
1385 3551 1556 3622 αὑτῆς
1574 3592 1588 3615 ,
1624 3552 1867 3624 ἐκκοπὴν

284 3638 620 3711 ὀμφαλοειδῆ
657 3628 1013 3712 πεποιήκασι,
1048 3641 1173 3695 καθ’
1216 3642 1284 3714 ἢν
1330 3643 1497 3714 μέρος
1525 3645 1695 3716 αὐτῆς
1733 3647 1866 3699 ἀνα·

281 3733 562 3800 φαίνεται,
598 3734 808 3802 φάτνης
837 3732 1076 3803 ἐκείνης,
1109 3734 1207 3805 τῆς
1243 3734 1333 3788 τὸν
1367 3734 1651 3807 ἀχώρητον
1676 3756 1862 3809 χωρηο

285 3826 486 3897 σάσης,
525 3826 627 3896 τῆς
662 3826 897 3900 ούρανοῦ
945 3827 1317 3898 πλατυτέρας,
1354 3829 1457 3892 τῆς
1502 3831 1604 3898 γῆς
1639 3834 1733 3883 καὶ
1763 3831 1863 3883 θα·-

279 3918 497 3992 λάσσης
523 3920 619 3974 καὶ
667 3919 1005 3991 ὑποχθονίων
1053 3921 1507 3993 εὐρυχωροτέρας
1558 3923 1651 3975 ἐπὶ
1684 3924 1818 3977 πολύ
1846 3940 1859 3954 ο

276 4012 340 4069 ὃν
372 4013 482 4085 γὰρ
526 4015 725 4068 ἐκείνοι
753 4013 1002 4084 χωρῆσαι
1050 4012 1150 4066 οὑκ
1178 4013 1430 4084 ἴσχυσαν,
1466 4013 1607 4084 αὕτη
1655 4014 1865 4088 βρεφω.

283 4107 454 4163 θιντα
485 4106 820 4179 εὐρυχὼρως
850 4106 1154 4177 ἐχώρησεν.
1207 4105 1531 4178 Ἐνάλλομαι
1557 4111 1622 4178 τῇ
1648 4113 1857 4180 γραφῇ,

280 4200 381 4255 καὶ
426 4197 566 4262 ὅλως
609 4198 687 4269 τῷ
735 4199 819 4252 νοτ
869 4200 1021 4262 ὲντὸς
1056 4199 1282 4271 γίνομαι
1328 4198 1424 4253 τοῦ
1461 4199 1610 4266 ίεροῦ
1646 4202 1858 4256 ἐκείνου

280 4291 579 4362 σπηλαίου,
616 4289 714 4345 καὶ
768 4290 997 4344 κατὰτὸ
1056 4290 1322 4362 κάλυμμα
1375 4288 1469 4344 τοῦ
1523 4292 1858 4347 Δεσποτικοῦ

279 4385 472 4458 βλέπω
533 4384 714 4446 τόκου,
751 4384 845 4437 καὶ
874 4383 974 4454 τὴν
1007 4385 1065 4437 ὲν
1097 4384 1164 4456 τῇ
1197 4384 1373 4456 φάτνῃ
1405 4384 1499 4437 τοῦ
1538 4384 1855 4455 βρεφωθὲν-

275 4494 370 4543 τος
403 4476 707 4544 ἀνάκλισιν,
738 4476 832 4529 καὶ
862 4476 1101 4547 φρικτὴν
1131 4475 1229 4548 τὴν
1255 4477 1384 4547 περὶ
1411 4475 1512 4546 ἐμὲ
1542 4476 1636 4529 τοῦ
1669 4477 1858 4548 Σωτῆ-

1994 577 2336 649 grandeque,
2368 575 2434 630 ad
2464 573 2696 628 formam
2731 569 2934 634 crucis,
2961 585 3027 626 ex
3063 585 3172 627 non
3205 573 3575 640 putrescenti-

2759 665 2905 721 circa
2947 667 3123 721 altare
3168 673 3370 720 tectum
3420 665 3570 718 tholo

1990 777 2156 823 saxeo
2190 775 2312 818 sese
2358 759 2614 816 sustollit.
2659 760 2773 815 Hoc
2816 773 3032 830 quoque
3073 757 3230 827 longe
3251 757 3570 827 pulcherri-

1990 873 2138 912 mum
2167 863 2221 912 et
2279 854 2574 909 maximum
2634 853 2916 923 templum,
2968 852 3222 906 munillca
3269 851 3567 907 servatoris

1988 950 2137 1006 orbis
2167 958 2224 1004 et
2255 947 2598 1018 imperatoris
2641 946 2747 1000 mei
2802 945 3100 1000 liberalitas
3149 944 3442 1006 exstruxit,
3487 953 3568 995 to-

1989 1050 2214 1111 tumque
2256 1039 2455 1109 lapillis
2485 1039 2672 1094 aureis
2701 1037 2988 1092 exornavit
3023 1053 3036 1090 :
3073 1035 3127 1090 in
3180 1049 3286 1104 quo
3323 1035 3566 1090 civitatis

1987 1132 2128 1189 illius
2156 1133 2474 1188 Latinorum
2506 1132 2700 1187 Pastor
2728 1128 3106 1198 interpositus,
3131 1128 3295 1182 variis
3320 1128 3371 1183 in
3405 1128 3564 1193 locis,

1986 1238 2150 1298 atque
2188 1228 2303 1295 ipso
2337 1227 2389 1281 in
2438 1226 2755 1283 sanctuario
2788 1241 2948 1295 supra
3005 1223 3346 1291 speluncam,
3385 1220 3558 1288 impe-

1982 1332 2216 1379 ratorem
2244 1324 2314 1378 ob
2343 1333 2542 1376 tantam
2581 1322 2720 1377 forte
2749 1319 3249 1390 magnanimitatem
3307 1332 3560 1372 remune-

1983 1433 2139 1482 rans,
2168 1416 2421 1471 decoram
2462 1415 2602 1469 illius
2628 1414 2920 1484 imaginem
2950 1412 3213 1482 appinxit.
3249 1411 3554 1479 Speluncm,

1984 1512 2261 1583 praesepis,
2295 1519 2347 1565 et
2378 1510 2524 1580 putei
2561 1510 2735 1562 forma
2771 1509 2884 1562 haec
2917 1516 3019 1563 est.
3073 1507 3153 1560 Ad
3186 1514 3393 1574 partem
3423 1505 3558 1559 sini-

1983 1615 2152 1658 stram
2189 1601 2509 1665 sanctuarii,
2541 1609 2745 1654 sancta:
2771 1598 3043 1669 speluncae
3076 1612 3134 1651 os
3170 1604 3351 1664 patet;
3390 1607 3557 1663 penes

1983 1695 2113 1750 illud
2178 1704 2370 1763 puteus
2423 1701 2527 1760 est,
2572 1706 2635 1747 cx
2673 1705 2780 1760 quo
2823 1705 2925 1744 non
2980 1704 3142 1743 sensu
3195 1688 3554 1749 solummodo,

1982 1787 2076 1842 sed
2129 1795 2308 1840 mente
2354 1785 2541 1849 etiam,
2596 1782 2907 1852 progenitor
2964 1780 3130 1835 David
3208 1779 3393 1832 bibere
3434 1794 3552 1844 pcr-

1981 1879 2190 1950 optavit
2227 1898 2240 1933 :
2284 1893 2480 1947 aquam
2510 1893 2574 1931 ex
2605 1891 2692 1939 eo,
2717 1875 2807 1945 qui
2839 1875 2979 1943 apud
3003 1889 3122 1928 eum
3151 1872 3384 1927 maxime
3420 1886 3558 1939 pra:-

1982 1973 2255 2037 valehant,
2294 1973 2395 2026 viri
2425 1972 2550 2036 duo,
2588 1971 2782 2026 castris
2826 1967 3243 2039 Allophylorum
3278 1980 3555 2034 expurgat»

1979 2065 2071 2130 tis,
2101 2065 2235 2120 cado
2282 2064 2554 2127 haustam,
2601 2061 2809 2128 Davidi,
2872 2060 2959 2117 siti
3009 2059 3352 2124 exzestuanti,
3390 2059 3559 2112 addu-

1981 2167 2113 2215 cunt
2153 2175 2167 2212 :
2201 2172 2362 2227 quam
2395 2172 2516 2212 cum
2554 2156 2664 2211 Deo
2695 2155 2942 2214 libassct,
2973 2153 3037 2207 ad
3070 2154 3184 2207 haec
3216 2166 3385 2222 usque
3418 2161 3555 2204 tem-

1981 2264 2110 2321 pora
2158 2249 2302 2304 fama
2353 2245 2678 2318 praecelebre
2726 2244 3075 2301 continentia:
3141 2243 3352 2297 facinus
3408 2241 3556 2296 illius

1977 2360 2076 2408 per
2115 2359 2209 2396 ora
2243 2342 2487 2397 omnium
2534 2341 2699 2396 volat.
2747 2340 2830 2396 Ab
2878 2341 3123 2408 ingressu
3159 2337 3430 2405 spelunca:
3489 2337 3555 2390 ad

1979 2438 2084 2492 ima
2114 2451 2208 2491 sex
2251 2445 2303 2490 et
2330 2436 2540 2499 decem,
2577 2432 2770 2501 quibus
2801 2431 3172 2496 descenditur,
3205 2430 3404 2500 gradus
3456 2443 3558 2482 nu-

1980 2542 2278 2585 merantnr.
2322 2529 2403 2582 Ad
2437 2528 2712 2583 borealem
2748 2525 2960 2596 plagam
2984 2531 3388 2579 sacrosanctum
3423 2519 3555 2576 illud

1978 2626 2335 2680 diversorium
2386 2622 2532 2692 jacet
2565 2624 2617 2678 in
2669 2637 2774 2693 quo
2804 2622 2967 2691 Virgo
2998 2622 3273 2676 Christum
3309 2620 3558 2674 Salvato-

1979 2735 2090 2773 rem
2125 2717 2284 2774 enixa
2320 2729 2422 2777 est,
2451 2728 2505 2771 et
2550 2729 2796 2771 creatura
2834 2715 3084 2770 universa
3116 2713 3279 2768 Deum
3309 2713 3362 2766 in
3389 2728 3554 2766 carne

1977 2814 2133 2878 vidit,
2171 2821 2225 2867 et
2254 2812 2492 2866 mundus
2527 2821 2672 2866 totus
2715 2821 3005 2866 renovatus
3040 2817 3159 2874 est;
3198 2817 3251 2860 et
3304 2806 3554 2861 mortalis

1975 2922 2074 2976 ego
2115 2905 2324 2961 Deitate
2377 2905 2608 2970 ditesco,
2665 2919 2786 2959 cum
2843 2905 2983 2959 Deus
3041 2911 3096 2957 et
3131 2901 3360 2959 Creator
3400 2915 3550 2954 mens

1973 3008 2348 3069 paupertatem
2404 3014 2577 3053 meant
2630 3007 2792 3069 atque
2845 2997 3077 3066 inopiam
3114 2995 3370 3051 induerit.
3411 2991 3547 3047 Tum

1975 3103 2097 3160 pOSt
2138 3096 2301 3148 unius
2340 3090 2543 3160 gradus
2583 3089 2928 3153 descensura,
2987 3088 3197 3142 ratione
3244 3084 3558 3140 carentium

1973 3183 2291 3238 animalium
2329 3197 2572 3253 praesepe
2607 3181 2963 3252 conspicitur,
3002 3194 3153 3250 aequa
3187 3181 3379 3249 ﬁgura,
3415 3191 3550 3248 qua-

1977 3287 2098 3331 tuor
2134 3276 2348 3346 angulis
2379 3283 2842 3337 con'nnensurata,
2895 3273 3040 3343 quod
3079 3271 3325 3327 candidis
3345 3268 3545 3326 vetusti

1976 3372 2048 3425 illi
2105 3372 2355 3426 homines
2408 3369 2777 3424 marmoribus
2820 3376 3226 3423 contexerant:
3266 3367 3317 3420 in
3370 3365 3567 3421 medio.

1975 3475 2232 3533 apertura
2283 3465 2348 3517 ad
2385 3461 2603 3517 modum
2636 3460 2875 3516 umbilici
2917 3461 3124 3526 relicta,
3159 3474 3227 3514 ex
3262 3475 3364 3529 qua
3418 3473 3545 3527 pars

1971 3556 2230 3629 praesepis
2288 3566 2535 3624 apparet,
2582 3553 2840 3623 praesepis
2901 3552 3066 3616 illius,
3112 3551 3254 3620 quod
3287 3565 3409 3606 eum
3452 3549 3544 3619 qui

1973 3650 2120 3706 nullo
2144 3648 2262 3704 loco
2289 3649 2408 3717 capi
2438 3656 2673 3715 poterat,
2702 3648 2876 3718 cepit;
2902 3646 3040 3702 caelo
3070 3644 3372 3716 amplioris,
3401 3653 3543 3698 terra

1972 3737 2221 3807 marique
2254 3746 2309 3790 et
2354 3736 2728 3792 subterraneis
2776 3736 2944 3792 multo
2990 3735 3320 3804 capacioris;
3378 3749 3539 3806 quem

1968 3831 2112 3885 enim
2150 3829 2239 3883 illa
2269 3829 2556 3899 complecti
2596 3845 2696 3885 suo
2737 3831 2944 3885 ambitu
2981 3845 3087 3884 non
3119 3838 3392 3900 poterant,
3418 3829 3544 3883 illud

1969 3923 2272 3979 laxioribus
2302 3923 2494 3993 spatiis
2521 3924 2788 3978 Infantem
2821 3925 3022 3980 factum
3060 3925 3286 3995 accepit.
3325 3922 3542 3979 Pictura

1971 4016 2233 4083 exsulto};
2258 4028 2510 4087 totusque
2555 4018 2828 4073 intellectu
2863 4018 2915 4073 in
2958 4027 3362 4074 sacrosanctam
3398 4017 3541 4071 illam

1966 4108 2280 4179 speluncam
2311 4118 2555 4179 penetro,
2581 4118 2635 4163 et
2664 4108 2926 4164 Dominici
2960 4117 3145 4177 partus
3178 4107 3541 4162 diversorium

1964 4203 2136 4260 oculis
2164 4202 2357 4267 lustro,
2394 4211 2558 4270 atque
2587 4203 2640 4255 in
2692 4202 2917 4272 prresepi
2949 4200 3074 4256 facti
3111 4199 3332 4255 infantis
3375 4215 3544 4254 accu-

1961 4296 2256 4362 bationem,
2283 4305 2337 4350 et
2362 4296 2465 4350 mei
2500 4295 2800 4350 Salvatoris
2828 4310 2952 4364 ergo
2991 4307 3077 4346 me
3114 4307 3380 4354 amorem,
3417 4303 3534 4344 tre-

1964 4405 2118 4446 mens
2152 4391 2457 4459 timensque
2501 4405 2775 4451 revereor,
2813 4397 3223 4456 extremamque
3250 4386 3393 4440 illius
3426 4386 3544 4439 ino-

1960 4483 2127 4553 piam,
2145 4497 2252 4553 qua
2280 4497 2366 4537 mc
2388 4482 2508 4537 casli
2535 4495 2698 4552 regno
2726 4481 2944 4551 dignum
2969 4480 3176 4544 ellecit;
3211 4477 3306 4533 sed
3339 4477 3542 4545 regiam

279 4588 376 4644 ρος
414 4570 715 4641 ἀγάπησιν,
745 4570 840 4622 καὶ
875 4567 973 4638 τὴν
1001 4568 1179 4638 ἄκραν
1223 4569 1433 4641 ταύτης
1461 4569 1757 4640 πτωχείαν,
1789 4570 1857 4625 δι’

1972 4589 2089 4630 esse
2138 4575 2453 4643 speluncam
2499 4575 2866 4644 apprehende,
2902 4589 2963 4628 ac
3013 4571 3180 4627 veluti
3243 4569 3298 4625 in
3341 4569 3538 4624 throno

275 4661 346 4740 ἧς
385 4664 488 4734 ἐμὲ
516 4664 619 4734 τῆς
671 4661 781 4716 τῶν
810 4662 1058 4734 οὐρανῶν
1098 4662 1376 4733 βασιλείας
1413 4662 1679 4734 ἠξίωσεν·
1721 4664 1857 4720 ἀλλὰ

275 4761 378 4813 καὶ
414 4756 681 4812 παλάτιον
727 4755 790 4810 τὸ
825 4756 1090 4824 σπήλαιον
1125 4754 1313 4820 ἐννοῶ,
1356 4757 1451 4811 καὶ
1478 4756 1554 4819 ὡς
1595 4759 1653 4809 ὲν
1682 4757 1857 4829 θρόνῳ

270 4850 388 4911 τοῖς
417 4834 770 4917 παρθενικοῖς
829 4843 1051 4906 κόλποις
1088 4843 1180 4898 τὸν
1225 4843 1454 4914 βασιλέα
1504 4845 1840 4916 καθήμενον,

272 4937 373 4990 καὶ
399 4933 596 5006 χοροὺς
626 4931 879 5001 ἀγγέλων
910 4931 1379 5002 περικυκλοῦντας
1404 4931 1590 5000 βλέπω
1623 4933 1682 4987 τὸ
1715 4938 1855 5005 σπήη

273 5030 458 5095 λαιον,
491 5027 587 5080 καὶ
619 5026 689 5079 τὰ
715 5025 864 5092 δῶρα
890 5027 1017 5088 τοὺς
1041 5025 1267 5094 Μάγους
1295 5025 1748 5097 ὃωροφοροῦντας
1774 5029 1853 5097 τῷ

272 5124 524 5190 Βασιλεῖ,
557 5123 654 5176 καὶ
680 5121 863 5192 πάσης
889 5121 1164 5192 θυμηδίας
1202 5121 1580 5193 ὲμπίπλαμαι,
1612 5122 1707 5177 καὶ
1733 5123 1851 5188 οἵας

268 5218 518 5291 ἠξίωμαι
574 5215 820 5288 χάριτος,
869 5214 1153 5269 κατανοῶν
1202 5214 1436 5286 γέγηθα.
1478 5217 1765 5288 Ἕγραψεν
1823 5220 1868 5273 ὁ.

269 5311 528 5384 τεχνίτης
557 5311 623 5381 τῇ
657 5306 935 5378 ζωγράφῳ
986 5305 1131 5378 χειρὶ
1172 5309 1229 5360 ὲν
1280 5306 1431 5377 αὐτῷ
1475 5308 1552 5378 τῷ
1599 5307 1852 5380 σπηλαίῳ

268 5408 339 5462 τὰ
392 5407 453 5458 ἐν
482 5403 632 5475 αὑτῷ
687 5401 1017 5457 τελεσθέντα
1069 5403 1365 5474 μυστήρια.
1408 5402 1694 5472 Γέγραπτο
1740 5402 1849 5471 γὰρ

270 5500 404 5572 περὶ
439 5499 541 5569 τὴν
585 5495 775 5565 ἁψῖδα,
808 5499 867 5549 ιν
893 5489 938 5563 ᾧ
978 5493 1041 5547 τὸ
1087 5493 1230 5565 μέγα
1262 5494 1356 5546 τοῦ
1393 5493 1602 5563 κόσμου
1634 5494 1848 5565 μυστὴ-

273 5610 391 5666 ριον
417 5594 556 5664 κόρη
584 5591 721 5662 πρὸς
749 5589 912 5658 εὐνὴν
953 5588 1358 5654 ἀναπίπτουσα,
1391 5587 1490 5657 τὴν
1545 5589 1647 5658 μὲν
1686 5589 1846 5645 λαιὰν

270 5687 536 5743 ὑποθεῖσα
584 5685 663 5754 τῷ
696 5683 793 5754 τῆς
836 5681 1035 5752 ἑτέρας
1090 5682 1321 5750 ἀγκῶνι,
1356 5684 1421 5752 τῇ
1455 5681 1608 5752 δεξιᾷ
1653 5683 1710 5736 δὲ
1745 5683 1846 5754 τὴν

271 5777 512 5846 παρειὰν
537 5776 912 5859 ἐπικλίνουσα,
961 5776 1055 5831 καὶ
1085 5775 1222 5844 πρὸς
1280 5773 1478 5843 βρέφος
1506 5775 1711 5844 ὁρῶσα,
1747 5778 1844 5830 καὶ

1965 4668 2228 4738 virgineis
2268 4667 2494 4723 siuubns
2539 4665 2737 4737 Regem
2774 4667 3120 4729 insidentem,
3183 4663 3533 4734 angelorum-

1964 4773 2066 4828 que
2090 4756 2288 4814 choros
2314 4758 2627 4827 speluncam
2655 4758 3142 4814 circumversantes
3214 4756 3451 4817 intueor,
3484 4765 3540 4810 et

1961 4852 2168 4921 Magos,
2196 4866 2420 4905 munera
2451 4849 2582 4922 Regi
2611 4849 2923 4915 afferentes,
2953 4849 3149 4905 eximia
3196 4850 3377 4905 latitia
3407 4848 3537 4903 ani~

1959 4957 2108 4996 mum
2144 4943 2363 5011 oppleo,
2417 4952 2470 4996 et
2499 4941 2708 5010 gratiae,
2745 4956 2849 5010 qua
2884 4941 3078 5011 dignus
3107 4941 3332 5005 ellicior,
3385 4942 3536 4994 volu-

1957 5045 2107 5105 ptate
2163 5034 2476 5103 perfundor.
2535 5035 2714 5088 l’crita
2778 5051 2937 5088 manu
2994 5034 3166 5100 pinxit
3229 5032 3427 5088 artifex.
3480 5034 3530 5087 in

1958 5128 2216 5199 spelunca
2251 5128 2508 5199 mysteria
2537 5142 2656 5196 qua:
2684 5127 2737 5181 in
2774 5142 2838 5181 ea
2876 5137 3087 5197 patrata
3119 5137 3278 5180 sunt:
3303 5143 3536 5194 namque

1962 5223 2014 5278 in
2051 5222 2240 5278 obside
2292 5219 2525 5292 eﬂigiata
2581 5233 2698 5274 erat
2755 5218 2954 5282 Puella,
2992 5220 3043 5272 in
3078 5219 3219 5274 lecto
3250 5219 3530 5284 recubans,

1955 5316 2087 5370 laeva
2116 5317 2350 5369 dexterae
2384 5315 2570 5369 cubito
2595 5314 2899 5383 supposita,
2949 5315 3013 5365 ad
3049 5314 3328 5367 dexteram
3359 5312 3528 5382 ipsam

1952 5407 2105 5485 genis
2134 5405 2427 5469 reclinatis,
2458 5403 2751 5460 Puerulnm
2786 5405 3026 5472 intuens,
3051 5415 3103 5461 ct
3140 5405 3380 5460 innatam
3405 5423 3531 5476 gra-

1951 5501 2193 5562 vitatem,
2230 5497 2562 5552 subridentis
2594 5499 2794 5567 specie,
2828 5510 2883 5555 et
2939 5500 3174 5571 eleganti
3221 5500 3377 5554 faciei
3426 5517 3524 5556 co-

1949 5588 2082 5652 lore,
2144 5588 2390 5643 indicans
2428 5605 2443 5642 :
2485 5603 2659 5658 neque
2695 5591 2837 5644 enim
2884 5592 3054 5657 Militi,
3103 5603 3359 5663 tanquam
3425 5594 3518 5647 illa

1947 5699 2065 5752 quae
2101 5697 2288 5738 recens
2315 5691 2369 5736 et
2396 5681 2627 5752 primum
2659 5685 2889 5753 peperit,
2945 5686 3140 5754 pallida
3185 5687 3519 5754 horridaque

1947 5778 2264 5832 immutatur
2305 5793 2321 5830 :
2361 5791 2573 5845 mquum
2598 5777 2798 5847 quippe
2831 5787 2966 5845 erat,
2996 5795 3114 5848 ηυδε
3144 5781 3301 5846 digna
3328 5779 3519 5834 elTecta

269 5872 369 5946 τὴν
394 5870 552 5936 me;
590 5869 951 5942 σωφροσύνην
982 5870 1040 5922 ἐν
1063 5866 1144 5938 τῷ
1175 5867 1270 5922 τοῦ
1309 5872 1589 5939 σχήματος
1628 5869 1840 5938 μειδιά-

1972 5880 2025 5925 st
2061 5881 2116 5923 ut
2145 5883 2306 5939 supra
2353 5883 2600 5926 naturam
2631 5872 2893 5942 gigneret.
2927 5873 3168 5930 dolorum
3220 5890 3312 5942 per
3356 5885 3512 5925 natu—
