4004 6206
245 388 353 453 961

1324 377 1785 446 DESCRIPTIO
1823 377 2102 438 TERRJE
2143 375 2474 439 SANCTZE-

3403 379 3510 443 96?.

245 502 453 574 εὑρέθη
491 501 759 574 σπήλαιον
787 498 955 571 μέγα,
986 491 1047 553 οὗ
1085 497 1217 568 περὶ
1251 499 1314 550 τὸ
1354 497 1638 566 ἐνδότερον
1668 493 1834 566 μέρος

1945 491 2077 547 illud
2112 506 2326 563 quoque
2359 506 2607 548 reserare
2631 503 2982 559 conarentur,
3017 494 3155 568 ignis
3189 511 3220 551 e
3259 501 3514 569 sepulcro

251 598 281 649 ὁ
308 596 406 650 τοῦ
433 593 596 664 ἁγίου
630 594 862 666 εὓρηται
900 591 1095 661 τάφος.
1121 589 1236 644 Καὶ
1269 589 1406 661 δῆτα
1445 589 1836 660 ἐγχειρισάμε-

247 706 344 754 νος
410 687 510 743 καὶ
574 687 745 742 αὑτὸν
787 685 887 756 μὲν
945 682 1257 750 ὑπανοῖξαι,
1308 681 1422 753 πῦρ
1474 679 1834 750 ἐξαλλόμενον

251 780 480 853 ἑωράθη
508 778 604 833 τοῦ
632 779 831 848 τάφου,
862 777 957 832 καὶ
985 777 1082 834 τὸν
1116 776 1218 848 μὲν
1244 775 1340 830 ἕνα
1360 773 1565 830 τούτων
1595 773 1835 846 ἡμίφλε-

246 891 380 930 κτον
416 872 668 944 γενέσθαι
708 871 1006 941 πεποίηκε,
1071 869 1162 925 τὸν
1218 868 1266 924 δ’
1327 869 1520 942 ἕτερον
1585 867 1831 923 θανάτου

248 969 419 1032 εὐθὺς
444 966 855 1038 παρανάλωμα.

322 1061 390 1116 λ’.
424 1059 582 1115 Μετά
613 1059 672 1112 δὲ
706 1057 806 1129 τὴν
837 1054 1025 1129 χώραν
1065 1074 1274 1127 ταυτην
1319 1056 1470 1112 ἐστὶν
1495 1057 1529 1127 ὴ
1560 1053 1830 1109 Φιλίππου

249 1152 589 1221 Καισάρεια,
621 1149 777 1216 πόλις
801 1149 1035 1222 μεγάλη,
1066 1147 1422 1221 πολύανδρος,
1458 1149 1581 1220 ἥτις
1607 1148 1736 1220 περὶ
1773 1146 1838 1202 τὸ

246 1245 431 1315 χεῖλος
459 1247 558 1315 τῆς
592 1242 871 1313 θαλάσσης
896 1242 1128 1312 ἵδρυται,
1170 1244 1227 1296 ὲν
1328 1243 1420 1296 καὶ
1460 1240 1629 1313 λιμὴν
1656 1240 1837 1309 ὑπάρ-

248 1357 341 1409 χει
394 1338 540 1391 πάνυ
588 1336 918 1409 θαυμάσιος,
974 1329 1143 1407 τέχνῄ
1185 1333 1430 1406 γεγονὼς
1488 1336 1835 1407 ἀνθρωπίνῃ,

245 1432 476 1504 δαψιλίᾳ
506 1433 812 1503 χρημάτων
842 1422 998 1500 ήτοῦ
1050 1429 1293 1500 Ἡρώδου
1325 1428 1687 1499 ὲπαρκέσασα
1711 1428 1833 1498 χεὶρ

242 1525 320 1593 τῇ
369 1523 565 1577 τούτου
627 1523 972 1592 κατασκευῇ.
1045 1521 1138 1576 Ἐν
1176 1519 1351 1592 ταύτῃ
1411 1519 1650 1589 Χριστὸς
1705 1520 1834 1582 τοὺς

259 1615 602 1679 ἀποστόλους
634 1615 842 1685 ἠρώτα,
878 1615 1015 1668 Τίνα
1042 1631 1120 1684 με
1143 1612 1435 1683 λέγουσιν
1454 1615 1508 1666 οὶ
1536 1611 1835 1679 ἄνθρωποι

246 1711 362 1762 τὸν
410 1708 552 1763 Υίὸν
602 1709 710 1763 τοῦ
749 1707 1104 1778 ἁνθρώπου;
1159 1710 1254 1762 καὶ
1281 1707 1311 1760 ὁ
1355 1707 1583 1778 Πέτρος,
1615 1705 1700 1760 Σὺ
1723 1701 1834 1760 εἷό

246 1803 508 1871 Χριστὸς
531 1803 565 1856 ό
602 1801 735 1868 Υἱὸς
761 1800 869 1855 τοῦ
902 1799 1073 1864 Θεοῦ,
1105 1799 1242 1871 πρὸς
1275 1799 1438 1853 αὐτὸν
1473 1798 1832 1869 ἀπεκρίνατο,

247 1897 314 1948 τὸ
385 1895 482 1965 τῆς
540 1895 768 1964 ἀγάπης
828 1892 1087 1948 ἐντεῦθεν
1157 1894 1425 1964 διάπυρον
1485 1890 1834 1960 ἐνδεικνύμε-

245 2005 363 2050 νος.

327 2082 429 2134 λα’.
466 2077 624 2134 Μετά
681 2077 857 2134 ταῦτά
891 2078 1008 2132 ἐστι
1043 2078 1104 2131 τὸ
1147 2077 1474 2149 Καρμήλιον
1506 2077 1654 2148 ὅρος,
1705 2075 1835 2146 περὶ

246 2162 314 2220 οὗ
371 2169 542 2236 πολὺς
574 2170 728 2242 λόγος
766 2173 917 2246 παρά
945 2191 1004 2228 τε
1047 2177 1117 2245 τῇ
1155 2173 1360 2244 παλαιᾷ
1409 2173 1599 2242 Γραφῇ
1632 2169 1728 2226 καὶ
1766 2169 1836 2238 τῇ

251 2265 440 2337 Καινῇ
504 2267 901 2340 ὑπηγόρευται.
958 2267 1114 2322 Ἐστι
1157 2267 1216 2320 δὲ
1247 2265 1308 2320 τὸ
1347 2267 1474 2335 ὅρος
1508 2263 1694 2332 ζυγὸς,
1741 2259 1834 2314 ὑπ’

247 2358 423 2411 αὐτοῦ
459 2360 553 2413 τοῦ
601 2360 891 2415 θαλαττίου
932 2359 1156 2426 κόλπου,
1191 2358 1285 2412 τοῦ
1327 2359 1457 2428 περὶ
1489 2357 1586 2430 τὴν
1640 2356 1838 2409 Πτολε·-

252 2453 450 2524 ματδα,
501 2456 596 2508 καὶ
654 2454 752 2508 τοῦ
817 2455 1009 2523 Καῖορᾶ
1049 2453 1463 2524 κοιλαινομένου
1505 2452 1834 2523 ἀρχόμενος,

247 2549 351 2602 καὶ
394 2548 558 2621 μέχρι
613 2549 727 2606 τῶν
756 2549 858 2619 τῆς
888 2547 1182 2612 Γαλιλαίας
1217 2547 1397 2619 διήκει
1440 2545 1555 2620 [ῖσ.
1605 2543 1837 2620 διήκων]

246 2641 443 2711 ὁρίων.
484 2642 620 2712 Περὶ
653 2642 711 2698 δὲ
754 2639 1279 2711 τδάκροτελεύτιον
1317 2639 1376 2695 τὸ
1429 2640 1567 2713 πρὸς
1596 2639 1697 2710 τήν
1741 2638 1841 2693 θά-

248 2735 468 2789 λασσαν
526 2735 624 2789 τοῦ
680 2734 872 2805 ζυγοῦ,
923 2736 1041 2789 ἔστι
1090 2735 1152 2789 τὸ
1193 2733 1289 2788 τοῦ
1329 2735 1611 2805 προφήτου
1654 2731 1835 2787 Ἦλιοῦ

251 2828 549 2896 σπήλαιον,
580 2831 639 2882 ὲν
674 2822 718 2898 ᾧ
767 2829 866 2900 τὴν
895 2827 1200 2899 ἀγγελικὴν
1234 2827 1518 2881 πολιτείαν
1563 2828 1590 2880 ὁ
1619 2825 1836 2895 θαυμα-

252 2919 385 2984 στὸς
428 2921 642 2985 ἐκεῖνος
686 2921 1006 2985 διατελέσας
1043 2921 1208 2992 ἀνὴρ,
1248 2920 1541 2992 μετάρσιος
1589 2919 1833 2988 γέγονεν.

247 3008 366 3064 Ἦν
404 3012 505 3082 μὲν
531 3013 591 3066 ἐν
643 3013 720 3082 τῷ
750 3014 978 3085 τοιούτῳ
1026 3011 1191 3085 χώρῳ
1222 3012 1389 3067 πάλαι
1415 3011 1632 3083 μεγάλη
1675 3011 1834 3083 μονὴ,

246 3106 329 3167 ὡς
366 3106 435 3159 τά
480 3106 577 3159 νῦν
639 3107 943 3177 φαινόμενα
1004 3105 1115 3159 τῶν
1151 3106 1474 3176 κτισμάτων
1518 3103 1835 3159 διδάσκουσι

1939 586 2223 652 exsiliens,
2255 603 2423 641 unum
2452 601 2517 641 ex
2548 586 2616 642 iis
2653 588 2743 656 qui
2778 588 2832 643 id
2883 590 3103 660 aggredi
3151 594 3512 658 conabantur,

1939 678 2258 735 semiustum
2301 678 2558 750 reliquit,
2610 678 2844 735 alterum
2909 683 3092 738 subita
3142 694 3320 742 morte
3360 685 3514 741 dele-

1939 775 2038 828 vit.

2010 1058 2102 1114 30.
2133 1057 2432 1129 Regionem
2459 1058 2603 1113 illam
2629 1059 2831 1129 excipit
2872 1058 3120 1116 Caesarea
3150 1060 3405 1133 Philippi,
3437 1063 3516 1118 ci-

1941 1151 2087 1205 vitas
2116 1165 2338 1220 magna,
2388 1161 2443 1208 et
2492 1150 2692 1221 populo
2724 1150 3002 1220 frequens,
3032 1152 3122 1216 {ad
3175 1155 3340 1208 maris
3367 1155 3514 1224 ripas

1937 1243 2191 1310 fundata;
2217 1252 2373 1314 portu
2402 1242 2778 1307 celeberrimo,
2819 1257 2987 1297 manu
3025 1243 3305 1300 hominum
3337 1246 3512 1312 facto,

1941 1339 2233 1393 immanem
2260 1329 2610 1408 pecuniarum
2648 1347 2920 1406 sumptum
2947 1336 3002 1391 in
3033 1337 3136 1393 loci
3182 1349 3514 1394 structuram

1939 1429 2151 1487 Herode
2179 1440 2457 1502 erogante,
2489 1433 2690 1487 cincta.
2722 1431 2782 1484 lu
2823 1446 2883 1486 ea
2919 1431 3173 1490 Christus
3207 1434 3513 1508 interroga-

1939 1527 2016 1578 vit
2047 1525 2321 1596 apostolos
2349 1542 2362 1578 :
2398 1523 2564 1590 Quem
2598 1542 2678 1580 me
2699 1527 2879 1582 dicunt
2901 1528 3135 1583 homines
3161 1544 3273 1585 esse
3310 1529 3512 1585 Filium

1939 1618 2208 1672 hominis?
2273 1628 2330 1675 et
2357 1616 2575 1686 Petrus,
2629 1616 2708 1672 Tu
2744 1634 2798 1673 es
2834 1618 3076 1674 Christus
3130 1618 3308 1676 Filius
3338 1621 3430 1678 Dei
3466 1623 3510 1688 ',

1940 1707 2238 1776 respondit,
2275 1708 2454 1764 verbis
2502 1707 2592 1764 his
2620 1718 2813 1763 aestum
2844 1723 2956 1765 sua:
2989 1711 3277 1769 cbaritatis
3330 1724 3514 1768 osten-

1939 1799 2092 1856 dens.

2008 2081 2095 2134 51.
2141 2080 2506 2151 Subsequitur
2537 2099 2692 2140 mons
2739 2086 3049 2153 Carmelus,
3084 2089 3149 2144 de
3182 2092 3373 2159 quoin
3410 2093 3514 2147 Ve-

1940 2170 2039 2224 teri
2077 2169 2500 2243 Recentiorique
2555 2172 2836 2248 Scriptura
2891 2178 3156 2248 plurimus
3193 2195 3372 2238 sermo
3412 2192 3515 2237 est.

1936 2261 2166 2333 Jugatur
2207 2264 2388 2334 mons,
2437 2267 2506 2322 ab
2538 2267 2656 2338 ipso
2693 2271 2860 2324 maris
2909 2270 3057 2336 sinu,
3091 2273 3184 2342 qui
3208 2273 3355 2330 circa
3387 2274 3514 2330 Pto-

1940 2357 2227 2413 lemaidem
2262 2368 2315 2412 et
2337 2359 2596 2430 Caipbam
2630 2361 2981 2428 incurvatur,
3040 2363 3252 2420 initium
3284 2365 3514 2432 ducens,

1937 2461 1990 2504 et
2019 2451 2086 2506 ad
2114 2451 2348 2508 Galilazte
2391 2454 2527 2510 fines
2575 2459 2922 2524 perveniens.
2978 2459 3039 2513 lu
3064 2468 3309 2515 extrema
3361 2471 3518 2530 parte

1934 2541 2076 2613 jugi,
2119 2559 2224 2615 qua
2255 2559 2408 2604 mare
2481 2548 2728 2617 respicit,
2778 2553 3056 2621 prophetae
3095 2549 3231 2607 Elia
3258 2557 3517 2623 spelunca

1938 2648 2237 2712 spectatur,
2295 2641 2352 2698 in
2408 2657 2516 2712 qua
2546 2643 2851 2715 angelicam
2909 2647 3036 2704 vita
3077 2647 3344 2706 rationem
3393 2663 3515 2704 cum

1939 2733 2208 2801 exegisset
2249 2732 2514 2790 mirificus
2574 2735 2666 2792 ille
2696 2737 2802 2803 vir,
2844 2736 2898 2792 in
2949 2752 3076 2793 aera
3132 2739 3379 2794 sublatus
3411 2749 3515 2800 est.

1939 2824 2070 2883 Erat
2096 2842 2162 2882 eo
2196 2828 2298 2885 loci
2357 2830 2659 2900 antiquitus
2711 2831 3106 2889 monasterium
3142 2849 3424 2904 magnum,
3459 2844 3518 2889 ut

1939 2928 2336 2976 structurarum
2369 2923 2600 2994 vestigia
2631 2922 2699 2978 ad
2732 2926 2847 2981 haec
2869 2940 3042 2999 usque
3087 2933 3330 2998 tempora
3364 2943 3516 2984 com-

1942 3021 2291 3080 monstrant;
2321 3016 2418 3071 sed
2453 3016 2606 3083 illud,
2655 3026 2919 3088 tempore,
2955 3019 3099 3090 quod
3126 3022 3307 3075 omnia
3352 3020 3406 3075 in
3436 3035 3520 3078 se-

1942 3103 2090 3160 nium
2139 3107 2404 3175 impellit,
2459 3119 2517 3166 et
2561 3111 2802 3179 gentium
2852 3112 3016 3167 variis
3063 3113 3516 3181 excursionibus,

247 3197 509 3268 λείψανα,
540 3197 654 3253 ἀλλ’
691 3199 796 3252 ὑπὸ
831 3198 923 3252 τοῦ
953 3198 1170 3269 χρόνου,
1210 3198 1307 3252 τοῦ
1338 3198 1407 3252 τὰ
1445 3198 1625 3252 πάντα
1658 3196 1834 3267 γηρά-

1945 3198 2155 3268 penitus
2189 3199 2478 3261 abolitum.
2525 3198 2728 3256 Verum
2768 3212 2897 3258 ante
2927 3202 3133 3272 aliquot
3166 3218 3361 3271 annos,
3394 3204 3520 3275 quia

253 3308 510 3358 σκοντος,
553 3291 651 3344 καί⁸
690 3294 788 3362 τῆς
828 3291 934 3346 τῶν
970 3291 1184 3364 ἐχθρῶν
1236 3290 1648 3362 ἀλλεπαλλήλου
1709 3293 1834 3345 km-

261 3384 832 3456 δρομῆςηήφάνισται
869 3384 1075 3440 τέλεον.
1138 3385 1253 3455 Πρὸ
1308 3385 1367 3440 δέ
1426 3401 1590 3440 τινων
1625 3384 1835 3455 χρόνων

251 3476 401 3547 ἀνὴρ
443 3475 703 3548 μοναχδς,
736 3476 920 3549 ἱερεὺς
947 3475 1049 3548 τὴν
1091 3475 1274 3542 ἀξίαν,
1314 3475 1497 3538 πολιὸς
1525 3476 1620 3547 τήν
1646 3476 1832 3546 τρίχα,

251 3566 686 3639 Καλαυρηδόθεν
737 3566 1097 3638 ὁρμώμενος,
1161 3566 1221 3631 ἐξ
1280 3567 1680 3638 ἀποκαλύψεως
1741 3564 1834 3620 τοῦ

251 3661 542 3733 προφήτου
570 3661 647 3732 τῷ
669 3664 822 3734 τόπῳ
852 3661 1222 3733 ἐπιδημήσας,
1257 3663 1315 3715 ὲν
1342 3665 1454 3725 τοῖς
1477 3662 1666 3725 τόποις
1694 3661 1840 3715 ὲκεί-

251 3771 391 3820 νοις,
425 3754 458 3828 ἢ
500 3754 572 3819 ὡς
604 3758 661 3810 ὲν
696 3757 810 3818 τοῖς
840 3753 939 3827 τῆς
974 3755 1146 3825 μονῆς
1181 3754 1536 3827 καταλύμασι
1585 3753 1837 3826 θριγγίον

252 3845 440 3918 πήξας
473 3847 690 3916 μικρὸν,
741 3849 836 3900 καὶ
891 3846 1109 3917 πύργον
1141 3844 1531 3916 οἰκοδομήσας,
1562 3846 1656 3899 καὶ
1708 3846 1837 3898 ναὸν

253 3938 553 4011 ἀνεγείρας
580 3939 802 4011 μικρὸν,
831 3941 930 3993 καὶ
960 3939 1225 4008 ἀδελφοὺς
1246 3938 1381 3990 ώσεὶ
1409 3937 1541 3992 δέκα
1576 3938 1832 4004 συνάξας,

253 4030 351 4086 νῦν
383 4032 479 4085 τὸν
511 4035 671 4103 ἆγιον
699 4035 878 4106 χῶρον
904 4034 1112 4086 ἐκεῖνον
1141 4034 1305 4086 οἰκεῖ.

329 4126 438 4198 λβ’.
477 4128 745 4184 Ἐνταῦθα
781 4127 1088 4183 πεπαύοθω
1126 4127 1188 4180 τὸ
1231 4128 1328 4198 τῆς
1353 4125 1676 4196 ὲκῳρὰσεως
1706 4122 1837 4192 σύγ-

251 4241 524 4297 γραμμα,
557 4222 686 4278 ἔνθα
736 4239 826 4295 μοι
862 4222 958 4278 καί⁵
1007 4223 1034 4277 ὁ
1066 4221 1175 4278 τῶν
1212 4219 1373 4292 ἱερῶν
1411 4220 1593 4274 τόπων
1619 4215 1836 4281 δίαυλος

251 4333 380 4372 τετε
393 4315 718 4389 ρμάτισται.
754 4315 817 4369 Ei
888 4317 1074 4386 μέντοι
1110 4313 1256 4377 δόξει
1301 4313 1412 4376 τοῖς
1443 4310 1835 4381 ἂντυγχάνουσι

248 4411 413 4465 τουτὶ
457 4409 519 4463 τὸ
569 4409 791 4480 πόνημα
859 4409 1154 4479 χρήσιμον,
1189 4406 1321 4463 αὑτό
1367 4422 1459 4477 μοι
1491 4407 1551 4460 τὸ
1598 4402 1836 4476 πονηθὲν

253 4504 617 4575 ἀντάμειῲις,
651 4504 748 4557 καὶ
783 4499 950 4556 ἆθλον
998 4499 1272 4573 ἔμμισθον
1303 4500 1687 4569 λογισθήσεται
1726 4512 1742 4528 ·
1786 4498 1835 4549 εί

252 4599 311 4652 δὲ
372 4599 450 4669 μὴ
505 4596 689 4664 τοῦτο,
733 4596 872 4668 πρὸς
906 4596 1009 4667 ἐμὲ
1047 4595 1140 4649 τὸν
1200 4595 1431 4650 τεκόντα
1462 4595 1523 4648 τὸ
1570 4590 1834 4664 γεννηθὲν

252 4691 779 4764 ἑπαναστραφείτω,
817 4691 913 4746 καὶ
951 4691 1067 4755 τοῖς
1120 4689 1289 4744 αὑτοῦ
1330 4688 1652 4759 ψε).λισμοῖς
1697 4687 1833 4741 ὑπο-

257 4787 514 4859 μνηιζέτω
544 4788 653 4842 τῶν
682 4787 844 4843 θείων
869 4786 1051 4840 τόπων
1096 4782 1346 4849 ἐκείνων,
1386 4782 1454 4835 ἶν’
1481 4787 1538 4838 ἐν
1565 4781 1837 4854 φαντασίᾳ

252 4882 342 4938 διὰ
410 4883 511 4953 τῆς
572 4883 936 4955 ἀναμνήσεως
995 4879 1222 4934 ἐκείνων
1288 4879 1599 4949 γενόμενοι,
1664 4876 1834 4948 ἡδέως

256 4975 774 5051 ἐπευφραινώμεθα.

326 5165 349 5197 ⁸
378 5163 572 5220 Matth.
604 5178 714 5230 xw,
742 5160 928 5217 15-16.

1940 3292 2062 3346 dam
2093 3293 2416 3358 monachus,
2451 3293 2714 3365 dignitate
2742 3296 3022 3360 sacerdos,
3045 3296 3306 3368 capillitio
3335 3298 3514 3365 albus,

1938 3400 1969 3441 e
2016 3383 2268 3441 Calabria
2310 3387 2601 3454 oriundus,
2651 3403 2716 3443 ex
2755 3388 3032 3462 prophetae
3070 3389 3404 3448 revelatione
3457 3392 3516 3448 in

1941 3487 2178 3531 montem
2212 3476 2514 3545 appellans,
2548 3492 2611 3533 ea
2644 3477 2784 3545 loca,
2821 3479 3143 3536 monasterii
3173 3493 3367 3548 nempe
3427 3495 3515 3536 re-

1941 3567 2156 3636 liquias,
2184 3567 2329 3622 vallo
2357 3582 2624 3639 perparvo
2648 3570 2850 3637 cinxit,
2879 3580 2936 3627 et
2965 3570 3105 3627 turri
3151 3571 3513 3636 exaediﬁcata,

1941 3658 2249 3729 temploque
2325 3673 2431 3714 non
2507 3661 2711 3732 ingenti
2771 3671 3086 3731 exstructo,
3147 3661 3518 3734 fratribusque

1939 3749 2111 3806 ferme
2136 3751 2203 3805 ad
2243 3754 2430 3807 decem
2460 3752 2722 3820 collectis,
2753 3754 3054 3816 etiamnum
3086 3764 3336 3814 sanctum
3363 3756 3514 3815 illum

1940 3845 2202 3899 ambitum
2236 3841 2393 3900 colit.

2009 4133 2098 4190 52.
2127 4132 2192 4187 Et
2215 4131 2304 4187 hic
2338 4129 2723 4200 descriptionis
2752 4128 2978 4200 hujusce
3015 4129 3197 4187 exitus
3237 4139 3380 4197 esto,
3424 4130 3512 4185 ubi

1940 4238 2220 4280 sacrorum
2253 4225 2496 4281 locorum
2530 4221 2780 4276 circuitio
2834 4219 2994 4276 ﬁnem
3037 4219 3219 4278 habet.
3261 4219 3416 4286 Quod
3469 4221 3514 4275 si

1939 4318 2240 4390 legentibus
2289 4314 2441 4372 labor
2492 4315 2598 4372 iste
2641 4314 3071 4371 emolumentum
3115 4313 3310 4369 afferre
3368 4315 3517 4370 visus

1938 4412 2124 4479 fuerit,
2156 4424 2294 4480 opus
2325 4410 2502 4479 ipsum
2537 4421 2601 4463 ac
2628 4406 2783 4464 labor
2811 4407 3182 4476 compensatio
3217 4406 3350 4461 mihi
3393 4421 3512 4463 am-

1942 4507 2027 4578 pla
2052 4516 2106 4561 et
2129 4501 2477 4559 lucriﬁcabile
2497 4502 2777 4572 praemium
2801 4499 3175 4570 reputabitur:
3204 4498 3286 4553 sin
3311 4499 3512 4566 minus,

1944 4600 2011 4654 ad
2047 4608 2324 4668 parentem
2351 4595 2562 4661 redeat,
2592 4609 2620 4648 a
2657 4607 2763 4664 quo
2787 4600 2965 4648 ortum
2997 4591 3166 4656 ducit,
3199 4589 3511 4647 balbutien-

1944 4693 2124 4764 doque
2166 4702 2446 4746 sacrorum
2504 4687 2747 4742 locorum
2789 4684 3104 4740 memoriam
3162 4682 3399 4749 refricet,
3457 4693 3516 4739 ut

1945 4800 2042 4842 nos
2069 4799 2255 4839 eorum
2293 4780 2670 4836 recordatione
2695 4781 2748 4834 in
2786 4780 2965 4833 vivam
3001 4791 3188 4832 eorum
3221 4777 3512 4847 imaginem

1944 4889 2273 4944 remeantes,
2303 4873 2455 4931 suavi
2487 4872 2680 4932 solatio
2711 4872 2766 4928 in
2794 4870 2990 4943 gaudia
3023 4870 3397 4927 restituamur.
