4004 6206
508 394 612 456 967

512 511 662 565 Intus
697 510 892 563 decore
931 505 1180 560 radiante
1207 509 1261 556 et
1297 510 1449 554 extra
1483 497 1768 569 splendido

505 603 794 671 Aptissima
830 609 1121 656 structura.
1154 610 1317 666 opere
1343 592 1617 659 Mosaico;

505 697 573 748 At
602 694 759 748 modo
787 693 1161 763 Agarenorum
1202 701 1327 743 casa
1362 695 1446 740 est
1476 684 1800 740 foedissima.

506 787 683 841 Statio
713 786 870 856 prius
907 798 1030 838 cum
1057 790 1200 838 esset
1228 787 1563 834 sacratorum
1594 775 1815 847 pedum,

509 855 729 933 Pedum,
751 875 1103 943 profanorum
1139 855 1506 942 pavimentum
1545 867 1702 921 modo
1730 876 1836 920 est.

510 969 894 1026 Verumtamen
933 981 1039 1022 non
1069 974 1253 1020 cessat
1294 963 1530 1018 ambitus
1562 962 1761 1014 decens

511 1165 733 1228 llorum,
775 1171 835 1217 ut
862 1163 1027 1218 decus
1061 1163 1256 1215 mirum
1294 1165 1579 1213 exstruant
1605 1153 1976 1217 stndentium,

515 1254 582 1309 Ut
612 1271 794 1307 aream
826 1262 1071 1307 sternant
1103 1250 1298 1319 lapillis
1327 1248 1616 1303 marmoris

510 1350 589 1400 Ab
615 1346 906 1414 opillcibus
949 1353 1001 1399 et
1033 1359 1062 1398 a
1092 1342 1280 1411 peritis
1311 1340 1550 1405 latomis,

511 1437 673 1490 Multa
713 1435 1088 1489 ministrorum
1119 1432 1414 1503 peritorum
1443 1445 1629 1493 manu,

509 1529 674 1594 Queis
709 1536 1049 1582 menstruum
1077 1534 1337 1580 statutum
1377 1531 1495 1578 erat
1520 1520 1846 1591 stipendium

511 1621 748 1690 Equum
778 1633 1066 1675 numerum
1102 1627 1481 1687 argenteorum
1510 1624 1746 1682 quatuor
1778 1630 1792 1664 :

511 1712 735 1768 Videtur
767 1713 870 1768 hoc
904 1711 1040 1765 mira
1068 1710 1206 1764 inter
1240 1708 1395 1761 alma:
1431 1704 1693 1774 Virginis.

514 1805 660 1860 Pone
685 1804 846 1872 hujus
872 1803 1117 1861 tediscest
1151 1799 1297 1855 aliud
1332 1799 1462 1852 item
1493 1812 1734 1861 sacrum,

509 1897 591 1949 Ad
621 1896 762 1967 quod
797 1893 1056 1950 Dominus
1092 1903 1150 1948 ut
1175 1891 1322 1947 venit
1350 1891 1570 1944 indutus
1597 1891 1891 1953 hominem,

515 1991 723 2046 Sedens
745 1990 975 2045 docebat
1002 1987 1259 2058 populum
1290 1985 1356 2039 ad
1385 1998 1534 2037 aram
1570 1984 1888 2054 supplicem.

510 2081 584 2135 lbi
613 2091 806 2150 puteus
838 2079 1208 2134 miserationis
1239 2085 1321 2132 est
1353 2089 1525 2142 aquae.

513 2174 742 2229 Inferius
769 2173 856 2227 his
884 2173 1096 2228 illustre
1133 2173 1399 2242 templum
1425 2183 1508 2230 est
1533 2169 1762 2238 hOSpitis

512 2270 603 2325 Dei
630 2285 646 2337 ;
678 2283 976 2324 coruscans
1015 2266 1251 2336 undique
1277 2281 1307 2320 e
1333 2265 1550 2335 plumbo
1587 2273 1847 2331 estapex.

509 2365 634 2420 llaec
661 2366 972 2419 detinentur
999 2362 1163 2418 etiam
1197 2363 1264 2416 ab
1292 2361 1474 2430 impiis
1510 2361 1648 2415 loca.

509 2459 654 2512 intra
689 2456 944 2526 oppidum
980 2455 1230 2509 miranda
1261 2463 1384 2507 sunt
1410 2453 1525 2507 hzec
1551 2450 1786 2507 scilicet.

506 2549 668 2620 Atqui
705 2562 926 2603 necesse
976 2558 1059 2602 εει
1095 2545 1370 2616 persequi,
1397 2561 1518 2616 quae
1548 2554 1723 2612 extra,
1757 2555 1969 2613 quoque
1999 2561 2012 2596 :

509 2641 575 2694 Et
603 2641 668 2694 ab
702 2638 925 2695 Oriente
957 2639 1155 2693 ducere
1186 2637 1398 2691 initium
1433 2637 1607 2692 decet.

511 2729 660 2782 Mons
695 2737 779 2783 est
812 2726 1044 2797 pusillus
1061 2740 1220 2796 quem
1264 2724 1600 2794 abs.0liveto
1624 2728 1844 2790 vocant,

512 2820 628 2875 Non
664 2831 810 2874 recta
843 2821 909 2874 ad
940 2832 1214 2885 auroram,
1241 2820 1336 2872 sed
1357 2819 1574 2886 oblique
1617 2820 1756 2874 situs
1788 2833 1803 2872 :

514 2911 788 2967 Dimensio
815 2912 1010 2981 exigua
1051 2919 1157 2974 est,
1191 2921 1469 2980 petrosum
1499 2925 1562 2965 ac
1595 2911 1798 2966 solum.

510 3002 603 3058 Est
635 3003 835 3073 quippe
864 3000 1206 3071 longitudine
1239 3000 1404 3057 duum
1446 3001 1694 3057 millium.

508 3096 646 3150 Huic
677 3094 990 3150 rectilineus
1008 3102 1094 3150 est
1127 3108 1287 3164 apex,
1321 3108 1419 3148 nec
1443 3103 1636 3150 acutus
1660 3102 1766 3150 est.

510 3191 565 3245 lu
593 3198 744 3261 parte
769 3189 922 3259 cujus
955 3189 1021 3244 ad
1049 3187 1462 3258 aquilonemjest
1489 3187 1732 3252 Galilaza,

512 3283 625 3350 Qua
664 3291 1014 3338 transeuntes
1040 3284 1296 3338 viderunt
1326 3280 1606 3351 Christum
1632 3281 1727 3351 pii.

510 3379 588 3432 Ae
617 3377 850 3432 dirutum
885 3375 1142 3447 templum
1168 3383 1250 3432 est
1281 3375 1347 3430 ab
1376 3374 1617 3430 externis
1641 3372 1794 3438 viris,

510 3467 616 3521 Sed
654 3465 876 3521 arbores
902 3474 956 3521 et
993 3465 1244 3535 palmites
1271 3464 1482 3528 fructus
1510 3463 1734 3530 ferunt;

512 3561 592 3614 Ad
623 3559 867 3612 intimam
894 3558 1234 3628 mediamque
1262 3557 1584 3627 particulam
1612 3556 1750 3627 jugi,

512 3650 847 3705 Foecuuduut
882 3649 1140 3705 olivetum
1171 3664 1332 3721 supra
1366 3659 1572 3704 natura:
1605 3664 1778 3718 opus;

515 3745 715 3799 Saxum
747 3753 824 3806 et,
856 3741 1040 3797 docuit
1070 3745 1121 3796 in
1151 3757 1259 3811 quo
1287 3741 1482 3796 sedens
1512 3750 1717 3810 mystas
1741 3755 1876 3797 suos

511 3837 794 3900 Christus;
829 3835 1075 3904 silexque
1095 3833 1231 3888 alter
1255 3847 1443 3902 prepe,
1474 3832 1615 3886 unde
1644 3841 1961 3903 assumptus
1984 3843 2089 3893 est.

511 3930 588 3985 lbi
617 3937 822 3984 structa
852 3940 1005 3982 sacra
1029 3927 1191 3989 aedes,
1221 3932 1431 3980 retenta
1479 3923 1731 3979 barbaris
1756 3940 1770 3992 ;

513 4023 775 4077 Decorata
804 4019 1077 4089 praeclaris
1112 4016 1376 4072 columnis
1403 4025 1457 4070 et
1487 4016 1662 4086 stylis.

512 4116 594 4170 Ad
629 4116 875 4182 hancque
908 4111 1191 4183 Synagoga
1222 4117 1301 4164 est
1328 4109 1686 4181 coacta,(pro
1717 4107 1874 4168 daior
1904 4111 1948 4183 ι)

517 4205 600 4259 Ab
639 4219 763 4258 area
796 4203 908 4270 illa,
946 4203 1048 4258 sub
1083 4203 1172 4256 dio
1204 4200 1574 4270 statporticus

516 4295 681 4352 Tecta
708 4310 895 4366 prope,
929 4294 1017 4349 ubi
1051 4303 1134 4349 est
1166 4301 1367 4349 sanctze
1395 4292 1654 4349 feretrum
1689 4294 1944 4367 Pelagia).

514 4391 643 4447 llaec
670 4389 841 4458 Virgo,
874 4388 941 4442 ad
976 4403 1189 4442 omnem
1219 4387 1311 4456 qui
1349 4386 1567 4442 advenit
1592 4389 1852 4445 miracula

516 4483 708 4553 Magna
742 4482 856 4537 edit
887 4499 902 4536 :
936 4480 1138 4536 etenim
1168 4489 1322 4536 stans
1353 4481 1420 4535 ad
1454 4495 1638 4547 aequor
1665 4481 1929 4538 moenium

514 4574 710 4628 Erecta
733 4587 830 4642 per
855 4587 1147 4635 marmora,
1181 4571 1369 4641 procul
1399 4570 1588 4625 dissita
1618 4571 1756 4639 solo,

519 4667 764 4736 Spatium
792 4674 873 4719 est
899 4664 1277 4734 perexiguum,
1311 4678 1462 4718 mare
1492 4664 1630 4718 inter
1665 4666 1972 4736 mmniaque
2002 4684 2014 4721 :

517 4759 612 4814 Est
641 4773 769 4827 ergo
808 4771 924 4810 mos
955 4771 1018 4811 eo
1049 4757 1150 4810 loci
1179 4757 1563 4826 expetentibus

518 4848 796 4913 Transire,
833 4861 1025 4918 purum
1063 4847 1352 4901 criminum
1382 4846 1622 4900 omnium
1645 4848 1807 4904 edere

520 4941 827 5003 Narratum,
863 4949 919 4992 at
954 4939 1023 5002 id,
1060 4942 1104 4992 sl
1139 4938 1344 4993 abdens
1376 4954 1474 4992 sua
1498 4947 1700 5004 errata,
1735 4939 1919 5007 faciat,

521 5032 592 5087 Se
621 5046 749 5085 saxa
794 5030 1045 5099 copulant
1077 5030 1377 5098 prOpinqua
1407 5029 1702 5094 mcenibus,

517 5123 922 5179 Confessionem
957 5123 1130 5176 donec
1163 5121 1420 5177 extulerit
1448 5122 1615 5191 piam.

525 5217 682 5273 Unde
712 5227 794 5271 est
824 5229 1015 5271 vocata
1045 5222 1286 5269 sanctior
1304 5214 1596 5270 confessio.

517 5307 685 5363 Paulo
718 5307 943 5362 ulterius
974 5315 1057 5360 est
1098 5303 1429 5375 Bethphage,
1464 5313 1623 5361 notus
1654 5306 1843 5373 locus;

517 5399 560 5454 Α
584 5413 690 5467 quo
725 5398 981 5454 recedens
1009 5411 1180 5466 usque
1211 5397 1276 5449 ad
1305 5407 1540 5452 amotam
1577 5397 1811 5468 plagam,

517 5490 836 5545 Bethaniam
867 5498 952 5544 est
983 5489 1190 5551 videre,
1223 5488 1450 5557 patriam
1488 5487 1700 5554 Lazari,

519 5581 586 5636 Et
610 5596 780 5647 mare,
813 5581 954 5650 quod
989 5579 1172 5636 obruit
1194 5579 1365 5634 solum
1397 5577 1806 5645 Sodomiticum,

526 5675 842 5743 Undamque
879 5690 1140 5741 amaram,
1176 5673 1701 5741 infructuosamque,
1740 5684 1790 5728 et
1822 5675 1936 5742 pice

527 5769 904 5840 Spumantem,
934 5768 1000 5822 ab
1032 5766 1140 5822 alto
1171 5782 1291 5821 mox
1328 5780 1483 5821 sacer
1510 5763 1712 5819 Jordan
1742 5765 1877 5821 ﬂuit.

529 5861 629 5921 Est
654 5861 806 5920 collis
832 5876 863 5918 ε
883 5861 1102 5932 regione
1133 5861 1198 5915 ad
1225 5859 1392 5916 austri
1428 5856 1642 5913 ﬂamina
1666 5875 1681 5926 ;

1776 378 2127 443 PERDICAZ
2159 375 2493 439 EPHESlI.
3658 362 3754 431 968

2115 503 2158 553 Α
2201 488 2385 552 Ἐντὸς
2419 486 2813 557 ὠραῖζόμενος,
2848 483 3008 546 ἐκτὸς
3029 478 3557 553 λελαμπρυσμένος,²

2203 582 2292 635 Ἐν
2317 582 2638 648 ἀναγκαίοις
2672 579 2959 648 κτίσμασι,
2989 576 3189 651 ψηφίσι
3222 576 3316 630 καὶ
3338 573 3689 644 μαρμάροις,

2187 674 2268 727 Τὰ
2293 671 2387 726 νῦν
2413 672 2471 726 δὲ
2508 672 2616 724 τῶν
2646 669 2983 741 Σαρακηνῶν
3015 667 3310 737 συναγωγὴ
3346 663 3659 734 τυγχάνων,

2190 766 2365 820 Ὅπου
2405 765 2467 817 τὸ
2518 763 2648 834 πρὶν
2691 760 2936 832 διαγωγὴ
2989 758 3166 817 ποδῶν
3198 759 3309 813 τῶν
3343 757 3759 827 παναχράντων,

2189 860 2349 928 Ἀρτι
2385 855 2566 912 ποδῶν
2609 853 2724 910 τῶν
2775 852 3072 924 βδελυρῶν,
3126 848 3306 910 ποδῶν
3341 845 3759 920 μεμιασμένων.

2189 951 2336 1022 Πλὴν
2376 951 2470 1002 καὶ
2512 947 2641 1018 πρὸς
2682 945 2890 999 τούτων
2940 946 3228 998 ἄπαυστον
3276 940 3627 1011 εὐπρέπειαν
3675 937 3758 989 εὑ-

3429 1031 3693 1104 [ρίσκων,

2189 1134 2282 1196 Εἰς
2301 1132 2501 1194 κάλλος
2524 1129 2681 1199 ἄγειν
2701 1127 3014 1200 θαυμαστὸν
3039 1126 3223 1179 πᾶσαν
3248 1121 3486 1196 σπουδὴν
3506 1120 3762 1192 ἐχόντων,

2199 1227 2286 1288 Ὠς
2320 1227 2463 1279 ὅιπαν
2498 1222 2558 1276 τὸ
2586 1221 2881 1293 περίαυλον
2912 1219 3245 1289 στρωννύειν
3281 1218 3340 1268 ὲν
3384 1214 3703 1286 μαρμάροις

2187 1317 2265 1368 Δι’
2305 1314 2596 1385 ὑπουργῶν
2621 1316 2715 1367 καὶ
2747 1311 3023 1376 λαξευτῶν
3048 1309 3259 1363 πολλῶν
3283 1306 3697 1376 ἐπιστημόνων,

2199 1409 2463 1481 Ἐχόντων
2487 1408 2567 1472 είς
2596 1407 2894 1476 ἀπόταγμα
2932 1404 3055 1458 καθ’
3084 1402 3319 1458 ἕκαστον
3346 1401 3437 1459 τὸν
3477 1400 3630 1471 μῆνα

2201 1503 2557 1568 Ἐκατοστίας
2606 1502 2875 1571 τέτταρας
2902 1497 3148 1570 ἀργύρου
3177 1497 3551 1567 νομισμάτων,

2190 1594 2310 1648 Τῶν
2332 1595 2388 1648 δὲ
2416 1594 2714 1664 θαυμάτων
2735 1591 3022 1662 φαίνεσθαι
3045 1590 3142 1644 καὶ
3161 1587 3320 1644 τοῦτο
3334 1589 3432 1657 τῆς
3459 1584 3766 1652 υανάγνου,

2196 1685 2462 1740 Ὄπισθεν
2492 1687 2650 1740 τοῦδε
2680 1685 2774 1739 τοῦ
2806 1683 2936 1741 ναοῦ
2968 1684 3062 1736 καὶ
3088 1682 3235 1752 ἱερὸν
3262 1680 3552 1751 τυγχάνει,

2205 1783 2318 1850 Ἐφ’
2345 1776 2389 1850 ᾧ
2421 1780 2870 1851 παραγενόμενος
2905 1774 3298 1848 βροτοπρεπῶς
3331 1770 3617 1841 Δεσπότης

2121 1847 2158 1900 Β
2193 1847 2519 1943 Καθήμενος-
2543 1847 2794 1923 ἐδίδασκε
2823 1847 2951 1931 τούς
2979 1865 3315 1936 ἐρχομένους
3342 1859 3556 1930 ὄχλους,

2201 1967 2290 2018 Ἐν
2317 1961 2398 2026 οἷς
2426 1964 2520 2016 καὶ
2544 1962 2723 2033 φρέαρ
2756 1958 2952 2021 ὓδατος
2973 1959 3069 2009 τοῦ
3103 1952 3339 2024 ὲλεγμοῦ
3375 1950 3641 2020 πεφύκει.

2193 2057 2453 2112 Κάτωθεν
2483 2058 2692 2110 τούτων
2727 2049 3095 2123 πανλαμπρὸς
3125 2047 3251 2111 ναὸς
3283 2045 3376 2100 τοῦ
3408 2043 3669 2114 θεοδόχου

2191 2149 2467 2203 nemo“
2505 2147 2989 2220 λαμπρυνάμενος,
3035 2144 3146 2196 κάκ
3191 2138 3508 2213 μολιϐδίνης
3544 2140 3767 2206 στέγης,

2193 2241 2304 2297 Kal
2318 2237 2489 2307 οὗτος
2520 2240 2889 2312 κατεχόμενος
2927 2236 3058 2308 παρ’
3089 2233 3326 2298 ἀσεϐῶν,
3355 2231 3430 2296 ῶς
3463 2230 3668 2283 πάντα.

2190 2336 2298 2386 Καὶ
2327 2334 2504 2389 ταῦτα
2535 2334 2632 2403 μὲν
2654 2333 2723 2385 τὰ
2766 2329 3060 2401 θαυμαστὰ
3085 2327 3185 2398 τῆς
3234 2327 3444 2386 πόλεως
3471 2322 3540 2376 τὰ
3595 2320 3764 2374 ἔνδον.

2201 2425 2355 2479 Ἐπεὶ
2378 2424 2434 2478 δὲ
2460 2426 2554 2477 καὶ
2578 2425 2647 2477 τὰ
2673 2420 2872 2487 ἔξωθεν
2907 2422 3126 2489 ἀνάγκη
3145 2414 3480 2488 διηγεῖσθαι,

2207 2517 2299 2571 Ἐκ
2327 2517 2425 2588 τῆς
2456 2516 2597 2588 ἑῴας
2645 2515 2865 2586 ἔναρξιν
2897 2509 3230 2582 ποιήσασθαι
3255 2507 3553 2580 προσῆκον.

2195 2613 2360 2683 Ὄρος
2385 2611 2586 2681 μικρὸν
2617 2605 2930 2678 ἀνεστηκὼς
2956 2607 3076 2658 ἐστι
3102 2602 3197 2656 τοῦ
3228 2601 3512 2669 ὲλαιῶνος,

2205 2701 2529 2773 Ἐγκάρσιον
2553 2699 2654 2753 οὐκ
2693 2696 2875 2771 ὄρθιον
2900 2694 3158 2766 κείμενον
3187 2692 3324 2765 πρὸς
3355 2692 3453 2759 τὴν
3478 2690 3576 2756 ἐω,

2204 2794 2417 2862 Ὀλίγον
2453 2792 2551 2862 τὴν
2576 2791 2893 2861 διάμετρον,
2929 2786 3135 2856 γεῶδες
3164 2786 3261 2839 καὶ
3290 2781 3593 2854 πετρῶδες,

2196 2886 2271 2940 Τὸ
2315 2889 2490 2957 μῆκος
2522 2883 2582 2937 οὑ
2625 2882 2985 2954 μακρότερον,
3013 2878 3152 2932 ἀλλὰ
3183 2877 3377 2949 μιλίων
3416 2874 3536 2940 δύο,

2193 2978 2601 3048 Εὑθύγραμμον
2640 2977 2742 3044 τὴν
2774 2973 3024 3044 κορυφὴν
3078 2970 3224 3042 ἔχον,
3259 2969 3374 3023 ἀλλ’
3429 2969 3532 3022 οὐκ
3559 2967 3760 3032 ὀξεῖαν.

2193 3067 2376 3142 Οὖπερ
2415 3073 2472 3123 ὲν
2509 3070 2666 3140 μέρει
2702 3068 2838 3137 πρὸς
2863 3065 3068 3136 βορρᾶν
3093 3065 3243 3116 ἐστιν
3272 3063 3306 3132 η
3334 3061 3622 3127 Γαλιλαία,

2112 3197 2159 3260 C
2204 3166 2293 3218 ‘Ev
2397 3162 2698 3233 δραμόντες
2732 3158 2967 3228 ἔϐλεψαν
2999 3158 3052 3210 οἱ
3091 3156 3336 3228 μαθηταὶ
3371 3155 3462 3210 τὸν
3497 3154 3760 3227 κτίστην.

2205 3257 2262 3311 '0
2287 3257 2342 3310 δὲ
2377 3257 2502 3318 ναὸς
2535 3251 2902 3324 καταῦληθεὶς
2937 3252 3043 3304 ὑπὸ
3068 3251 3177 3305 τῶν
3208 3248 3548 3318 ἀλλοφύλων,

2192 3351 2272 3402 Τὰ
2304 3347 2496 3418 δένδρα
2526 3348 2583 3401 δὲ
2616 3347 2708 3399 καὶ
2736 3347 2992 3416 κλήματα
3022 3342 3096 3405 ὡς
3130 3343 3447 3412 θαυμαστὸν
3471 3339 3761 3412 καρπεύει,

2192 3442 2340 3514 Πρὸς
2368 3441 2423 3494 δέ
2456 3457 2519 3508 γε
2551 3440 2610 3492 τὸ
2641 3437 2968 3509 μεσαίτατον
3026 3435 3192 3505 μέρος
3221 3434 3317 3487 τοῦ
3354 3434 3516 3505 ὅρους
3550 3434 3759 3500 τούτου,

2207 3535 2266 3588 '0
2293 3532 2490 3587 ἐλαιῶν
2523 3531 2890 3600 κατάκαρπος
2919 3527 3065 3599 ὑπὲρ
3086 3527 3185 3597 τὴν
3217 3525 3380 3595 φύσιν
3416 3528 3586 3590 ὅντως
3606 3543 3622 3558 ο

2191 3628 2302 3681 Καὶ
2357 3624 2504 3687 λίθος
2555 3616 2710 3693 ᾧπερ
2741 3620 3034 3682 καθεσθεὶς
3068 3618 3316 3673 ἐδίδασκε
3363 3621 3486 3682 τοὺς
3533 3620 3756 3689 μύστας,

2193 3720 2304 3774 Kal
2335 3718 2526 3770 τούτου
2555 3716 2785 3787 θάτερος
2812 3713 3003 3782 ἐγγὺς,
3044 3713 3139 3781 ἀφ’
3165 3707 3338 3783 οὗπερ
3374 3701 3684 3783 ἀνελήφθη*

2196 3812 2374 3866 Ἔνθα
2399 3810 2524 3874 ναὸς
2554 3808 2852 3880 ἀφίδρυται
2885 3805 3262 3879 κρατούμενος
3291 3807 3384 3860 ὑπ’
3407 3806 3616 3869 ἔθνους.

2192 3906 2290 3958 Atii
2313 3903 2584 3977 λαμπρῶν
2612 3901 2906 3972 ὠραῖσθεὶς
2934 3901 3249 3970 κτισμάτων
3289 3901 3380 3952 καὶ
3407 3899 3619 3965 κιόνων,

2194 3999 2303 4051 Kal
2320 3997 2456 4067 πρὸς
2473 3994 2637 4049 αὑτὸν
2657 3992 2952 4064 συναγωγὴ
2969 3993 3277 4062 τυγχάνων.
3294 3992 3397 4044 Φεῦ
3411 3991 3506 4045 τού
3526 3991 3722 4053 πάθους
3742 3992 3754 4043 l

2193 4093 2265 4146 Τὸ
2297 4089 2342 4145 δ’
2373 4089 2469 4145 ἀπ’
2521 4087 2733 4142 ἐκείνου
2768 4085 3036 4158 ὕπαιθρος
3080 4088 3176 4140 καὶ
3214 4085 3452 4160 ἄϐροχος
3488 4088 3751 4158 τηρεῖται.

2197 4182 2671 4254 Ἔγγιστατούτου
2701 4181 2795 4234 καὶ
2825 4180 2983 4249 σορὸς
3013 4179 3167 4243 όσίας
3186 4179 3481 4248 Πελαγίας,

2195 4279 2338 4348 Πρὸς
2374 4278 2556 4330 πάντα
2599 4277 3046 4347 προσερχόμενον
3089 4273 3278 4346 θαῦμα
3321 4275 3548 4330 ποιοῦσα
3594 4278 3756 4349 μέγα,

2194 4371 2305 4424 Kal
2340 4371 2449 4442 γὰρ
2479 4368 2606 4438 περὶ
2646 4371 2706 4421 τὸ
2733 4367 2964 4436 πλάγιον
3004 4366 3100 4421 τοῦ
3123 4369 3338 4440 τείχους
3370 4369 3650 4439 ἱσταμένη,

2195 4463 2293 4514 Διὰ
2331 4462 2638 4533 μαρμὰρων
2663 4461 2737 4524 ῶς
2769 4459 2942 4513 πολλὰ
2966 4460 3070 4530 τῆς
3106 4463 3211 4532 γῆς
3243 4462 3578 4532 ἀνεστηκυῖα

2115 4552 2168 4611 Β
2209 4554 2420 4623 Ὀλίγον
2455 4556 2517 4607 τὸ
2543 4553 2812 4624 διάχωρον
2839 4552 2944 4606 ὑπὸ
2976 4552 3071 4606 τοῦ
3101 4553 3317 4625 τείχους
3347 4555 3484 4626 ἔχει.

2197 4648 2360 4709 Ἔθος
2391 4646 2522 4716 γοῦν
2559 4647 2709 4699 ἐστιν
2742 4648 2800 4700 ὲν
2834 4644 2984 4716 αὐτῷ
3023 4647 3154 4709 τοὺς
3185 4647 3415 4706 διελθεῖν
3454 4651 3746 4721 ὁρμῶντας,

2197 4743 2425 4813 Πρῶτον
2458 4741 2735 4794 ποιεῖσθαι
2767 4739 3018 4811 καθαρὰν
3051 4741 3274 4795 πάντων
3303 4743 3602 4814 ἐξαγορίαν.

2194 4837 2257 4889 El
2293 4834 2348 4885 δέ
2383 4849 2449 4901 γε
2472 4834 2607 4904 παρ’
2636 4833 2956 4904 ὐποκρυὸὴν
2988 4832 3098 4886 τῶν
3145 4833 3523 4904 ὲπταισμένων
3548 4836 3744 4906 δράσει,

2196 4927 2486 4997 Συνέχουσι
2527 4928 2596 4979 τὰ
2634 4927 2905 4996 μάρμαρα
2931 4925 3009 4994 τῷ
3029 4926 3194 4995 τοίχῳ
3223 4929 3543 4994 γειτνιῶντα

2198 5021 2296 5082 ’Ἐς
2329 5019 2463 5084 τ’κᾶν
2491 5018 2881 5087 ἐξομολόγησιν
2919 5019 3184 5089 εἱλικρινῆ
3220 5022 3443 5091 ποιήσῃ.

2195 5113 2358 5165 Ὅθεν
2389 5111 2777 5181 ἐξομολόγησις
2807 5112 2938 5177 ἁγία
2961 5110 3285 5182 ὠνομάσθη,

2195 5204 2401 5258 Τούτου
2435 5203 2631 5275 μικρὸν
2661 5202 2718 5255 δὲ
2756 5202 3030 5273 παρεκτὸς
3057 5205 3155 5256 καὶ
3190 5204 3478 5275 Βεθφαγῆς
3511 5207 3537 5258 ὁ
3567 5207 3735 5269 τόπος,

2209 5295 2328 5365 Ἀφ’
2355 5290 2525 5365 οὗπερ
2549 5296 2578 5347 ό
2617 5295 2928 5362 ίστάμενος,
2957 5294 3032 5357 ὡς
3057 5294 3117 5360 ἐξ
3146 5293 3395 5349 ἀπόπτου
3420 5300 3578 5350 τόπου

2195 5389 2305 5458 Τὴν
2341 5384 2612 5456 Βηθανίαν
2641 5385 2881 5454 καθορᾷν
2916 5385 3153 5456 πατρίδα
3182 5385 3278 5440 τοῦ
3308 5387 3578 5456 Λαζάρου,

2195 5482 2310 5535 Kal
2326 5481 2424 5547 τὴν
2456 5477 2933 5533 καταποντίσασαν
2967 5477 3250 5534 θάλασσαν
3281 5481 3387 5549 γῆν
3414 5482 3670 5554 Σοδόμων,

2199 5576 2384 5643 ’Υδωρ
2416 5573 2612 5644 μικρὸν
2642 5573 2737 5625 καὶ
2772 5574 3043 5642 ᾶκαρπον,
3067 5575 3163 5626 xa‘t
3197 5574 3403 5628 πίσσαν
3433 5573 3729 5647 ὲπαφρίζον.

2201 5665 2444 5719 Ἀνωθεν
2471 5665 2526 5716 δὲ
2558 5664 2884 5734 κατέρχεται
2918 5665 2944 5717 ὁ
2973 5664 3114 5730 θεῖος
3153 5666 3450 5737 Ἰορδάνης.

2199 5759 2402 5812 Τούτου
2433 5757 2526 5810 τοῦ
2559 5757 2719 5828 ὄρους
2747 5757 2979 5828 ἀντικρὺ
3003 5759 3140 5829 πρὸς
3164 5760 3342 5814 νότιον
3365 5761 3425 5813 τὸ
3455 5760 3627 5831 μέρος.

2202 5855 2311 5910 Καὶ
2333 5857 2366 5924 ἡ
2401 5853 2500 5924 τὴν
2530 5853 2650 5907 όνον
2677 5852 2853 5920 iliaca
2883 5854 2977 5909 καὶ
3006 5852 3182 5910 πῶλον
3211 5855 3420 5928 σμικρὰ
3451 5854 3621 5927 κώμη.
