3816 6204
3247 102 3787 179 ῃ

489 348 599 413 971
1399 347 1748 411 ΡΕΒΒΙΟᾸΞ
1833 347 1933 406 ΕΓ

2184 345 2283 406 DE
2335 344 2550 407 LOCIS
2583 345 2914 408 SANCTIS.
3625 349 3701 417 972

493 461 591 517 illa
622 469 726 528 est,
760 460 849 517 ubi
885 459 1155 531 discipuli,
1194 457 1542 514 Hebraeorum
1581 468 1748 521 metu,

498 549 616 606 Una
656 549 947 606 manebant
987 550 1178 617 clausi,
1211 548 1481 619 Jesusque
1505 550 1677 604 astitit

493 643 554 698 lu
591 642 791 708 medio,
821 651 875 696 ct
907 641 988 697 his
1019 656 1226 711 pacem,
1257 650 1310 696 et
1344 641 1502 697 ﬁdem
1538 641 1758 696 Thomm
1791 641 1960 696 dedit.

498 734 599 788 Hic
637 741 721 788 est
753 734 882 788 item
923 734 1064 804 regis
1105 735 1378 804 prophetae
1419 748 1550 786 urna
1584 731 1788 802 Lyrici,

496 825 809 881 Salomoatis
839 834 892 880 et
920 825 1070 880 valde
1102 827 1209 879 cati
1243 825 1584 878 vatis-ducis.

496 917 670 972 Trans
701 917 1206 988 occidentalemque
1231 917 1504 987 regionem
1536 926 1721 985 patent

492 1010 694 1065 Prisca:
730 1010 1062 1078 leprosorum
1093 1010 1488 1064 imbecillorum
1515 1009 1730 1070 domus,

496 1101 561 1156 Et
591 1113 776 1172 postea
805 1102 948 1158 aedes
981 1104 1232 1173 martyris
1268 1103 1490 1173 Procopi
1523 1115 1699 1168 sacra,

499 1196 602 1261 Qui
625 1195 894 1265 quoddam
925 1197 1123 1248 avitum
1154 1195 1487 1250 domicilium
1522 1195 1589 1248 ibi
1625 1203 1928 1264 paraverat.

497 1282 635 1336 Tum
673 1284 864 1337 visitur
889 1285 1040 1338 vinea
1073 1283 1317 1340 Nabuthe
1351 1286 1640 1355 pullulans.

495 1372 630 1428 Tum
658 1375 938 1445 aequabilis
970 1377 1120 1430 locus
1159 1378 1212 1430 in
1247 1378 1451 1446 patenti
1477 1385 1528 1430 et
1557 1375 1713 1444 plano
1739 1389 1888 1448 agro,

488 1465 552 1522 In
581 1466 687 1538 quo
710 1466 894 1524 ferunt
915 1485 946 1524 a
978 1469 1193 1525 fidicine
1216 1471 1458 1524 occisum
1495 1469 1731 1525 Goliath.

489 1563 608 1628 Qua
643 1562 861 1632 publica
885 1561 993 1618 itur
1025 1565 1092 1618 ad
1123 1562 1397 1619 Bethleem
1424 1565 1681 1634 oppidum

491 1656 740 1713 Cisterna
770 1655 1073 1725 comparet,
1106 1656 1420 1714 cruentatus
1453 1659 1622 1725 lucus,

488 1745 547 1802 In
582 1765 689 1820 qua
716 1750 988 1805 Abraham
1015 1757 1262 1816 manens,
1291 1749 1491 1805 relictis
1510 1751 1759 1817 servulis,

487 1841 759 1909 Cucurrit,
792 1851 851 1898 ut
881 1852 1144 1898 mactaret
1164 1844 1474 1899 adamatum
1502 1842 1674 1899 Isaac.

484 1933 599 1991 Nec
630 1935 787 2008 longe
819 1939 976 1993 abest
1004 1937 1198 1994 domus
1223 1938 1390 1994 Helia:
1427 1928 1563 1993 vatis
1602 1945 1779 1994 sacra.

484 2030 617 2087 Inde
639 2030 870 2102 profecti
896 2033 963 2088 ad
994 2032 1272 2088 civitatem
1301 2032 1600 2100 Bethleem,

485 2125 884 2198 Templumque
913 2129 980 2183 ad
1009 2136 1294 2200 augustum
1328 2127 1669 2184 ambulantes
1702 2126 1962 2200 VirginiS.

484 2219 653 2276 Nobis
681 2219 996 2275 videbamur
1023 2222 1133 2290 jam
1166 2221 1232 2275 ad
1265 2232 1411 2275 astra
1439 2221 1750 2275 ascendere.

481 2313 733 2374 Vidimus
762 2317 890 2374 item
910 2332 1152 2389 specum,
1183 2315 1363 2388 polum
1410 2315 1549 2372 velut
1586 2317 1845 2383 alterum,

480 2410 656 2477 Quem
689 2425 813 2467 cum
835 2411 1029 2481 pudica
1065 2410 1294 2481 contigit
1328 2409 1670 2481 virguncula,

484 2503 702 2574 Peperit
727 2502 888 2558 modo
917 2503 1202 2558 Dominum
1235 2502 1498 2558 ineffabili

481 2592 728 2650 Decoris.
767 2591 1050 2649 Thronum
1083 2593 1247 2648 alium
1277 2593 1620 2662 inspeximus
1648 2593 1930 2665 praesepii;

485 2683 746 2740 Miracula
778 2684 920 2740 unde
939 2685 1247 2739 scaturiunt
1280 2684 1533 2740 ﬁdelibus

481 2777 728 2835 Cunctis.
759 2775 1024 2848 Laplllum
1063 2777 1185 2831 hinc
1211 2776 1256 2832 si
1279 2775 1403 2847 quis
1435 2785 1530 2831 aut
1553 2775 1917 2848 pulvisculum

483 2867 694 2938 Capiat,
724 2865 992 2922 medelam
1019 2864 1382 2920 calamitatum
1416 2867 1706 2925 invenerit.

485 2960 569 3016 Ad
597 2961 712 3016 haec
743 2969 964 3030 puteum
999 2956 1316 3016 ineﬂossum
1350 2959 1546 3016 ibidem
1582 2961 1917 3032 aspeximus,

489 3054 558 3109 Et
589 3063 780 3125 suapte
813 3053 993 3110 fusum
1039 3061 1252 3126 sponte,
1285 3067 1407 3109 cum
1447 3053 1634 3109 vivens
1673 3067 1816 3124 aqua

481 3147 580 3204 Est
614 3148 842 3221 mystice
872 3157 1136 3204 evacuata
1165 3146 1314 3202 fonte
1349 3147 1493 3203 haud
1531 3148 1775 3218 cognito,

483 3242 528 3299 E
556 3258 665 3316 quo
687 3243 876 3300 bibere
903 3243 1171 3313 percupiit
1203 3244 1316 3313 ipse
1353 3241 1826 3314 Hymnographu's.

484 3337 543 3394 lu
574 3351 681 3408 quo
706 3334 986 3409 Magorum
1013 3337 1166 3391 stella
1192 3337 1295 3390 dux
1335 3337 1453 3402 viae,
1490 3335 1636 3390 haud
1663 3335 1782 3391 sine

480 3429 770 3497 Miraculo,
802 3429 870 3485 ad
899 3429 1139 3492 natalem
1169 3425 1295 3482 Iesu
1332 3428 1633 3499 praemicat.

482 3525 741 3581 Sanctum
776 3523 951 3579 locum
996 3523 1129 3587 vidi.
1165 3523 1378 3576 cruoris
1403 3524 1457 3576 et
1485 3536 1654 3590 capax

480 3618 737 3687 Marmor,
769 3615 1006 3674 ministri
1037 3630 1158 3672 cum
1196 3622 1380 3669 truces
1422 3613 1654 3668 Herodis
1687 3613 1738 3666 in

481 3709 674 3768 Partes
699 3725 891 3781 specus
915 3711 1160 3765 membra
1198 3712 1478 3778 amputata
1507 3705 1799 3761 infantium

479 3804 690 3871 Jecere,
727 3819 824 3859 ceu
851 3802 1092 3874 piacula;
1118 3812 1175 3857 at
1209 3801 1315 3856 alio
1351 3801 1403 3854 iit
1436 3815 1602 3872 specu

481 3901 615 3954 Atro
643 3895 818 3968 puella
840 3895 952 3952 sola
982 3895 1269 3950 Dominum
1297 3907 1408 3962 quo
1438 3895 1620 3949 l’ereus

482 3990 840 4057 Occuluerat;
878 3987 1036 4044 lactis
1067 3987 1209 4044 sacri
1242 3989 1366 4042 dum
1401 4002 1488 4042 ros
1521 3985 1655 4053 ﬂuit,

485 4081 555 4139 Ut
585 4098 776 4139 caseus
808 4085 1047 4138 candens
1085 4081 1235 4137 locus
1262 4081 1355 4148 sit,
1390 4091 1448 4135 ut
1478 4079 1682 4137 ferunt.

482 4176 622 4232 llinc
639 4173 878 4242 lanium,
912 4189 1136 4245 prorsus
1157 4181 1404 4236 carentes
1441 4170 1602 4239 laete,
1635 4173 1678 4228 si

481 4269 848 4325 Pulvisculum
880 4275 1117 4330 sontant,
1151 4266 1328 4336 rigant
1351 4265 1438 4320 lac
1461 4265 1512 4319 vi
1540 4265 1699 4322 nova.

479 4363 604 4428 Aio,
631 4375 794 4416 omne
824 4362 1084 4432 templum
1118 4371 1281 4429 atque
1314 4357 1588 4428 regimtem
1617 4361 1916 4430 proximam

479 4454 620 4523 (Nisi
650 4467 816 4525 prava
856 4466 987 4524 gens
1023 4451 1283 4508 incoleret
1312 4451 1382 4506 ob
1404 4451 1616 4521 culpam
1654 4454 1851 4524 meam)

483 4548 734 4603 Potuisse
765 4547 898 4603 dare
928 4545 1313 4601 miraculorum
1347 4544 1596 4602 ﬂumina.

480 4639 685 4695 Natura
717 4654 842 4695 nam
868 4640 1082 4696 videtur
1121 4640 1359 4696 inanima
1393 4641 1490 4696 sub
1522 4640 1651 4712 jugo

483 4735 556 4791 Ut
584 4751 734 4792 more
758 4737 943 4792 servili
970 4737 1146 4806 capita
1172 4735 1284 4790 sint
1315 4734 1560 4803 subdita,

483 4830 753 4886 Nimirum
779 4830 1051 4887 olivarum
1085 4845 1150 4885 ex
1183 4841 1314 4900 agro
1346 4828 1698 4894 Bethlemico,

480 4925 686 4980 Planta:
711 4932 769 4979 ut
792 4923 1016 4979 novella:
1047 4934 1230 4977 ament
1257 4922 1349 4976 Dei
1382 4923 1586 4977 cultum
1619 4923 1787 4994 pium.

477 5015 560 5072 ιιι
593 5014 769 5072 ilicem
794 5028 919 5070 cum
954 5015 1201 5070 venerint
1227 5014 1353 5068 boni
1381 5015 1632 5084 hospitis,

479 5109 719 5166 Putealis
747 5119 907 5181 atque
932 5107 1146 5178 Irigida:
1178 5108 1463 5179 dulcisque
1485 5113 1642 5180 aquae

479 5202 776 5258 Abrahami
810 5201 976 5274 prisci
1001 5197 1181 5256 Patris
1206 5201 1524 5270 iustissimi,

471 5295 608 5367 Ejus
636 5296 881 5365 sepulcro
913 5295 1279 5366 liberumque,
1305 5308 1358 5350 et
1395 5296 1530 5353 visis
1555 5301 1719 5365 casis,

478 5390 775 5451 Occursum
806 5392 872 5447 ad
909 5392 1067 5450 alma:
1103 5391 1391 5449 Trinitatis
1421 5393 1590 5459 obvii,

477 5485 747 5550 Solatinm
780 5488 1052 5545 dictorum
1097 5488 1168 5544 ibi
1205 5491 1598 5550 invenerimus.

2098 465 2140 519 Α
2175 455 2698 527 Συγκεκλεισμένων
2725 456 2961 528 ἕστηκεν
2987 456 3238 529 όΊησοῦς
3266 459 3324 512 ἐν
3361 457 3527 528 μέσῳ,

2171 549 2279 602 Kai.
2305 549 2404 620 τὴν
2426 550 2652 622 εἰρήνην
2689 551 2858 604 ἔδωκε
2885 551 3056 623 Θωμᾷ
3088 552 3531 623 πληροφορήσας.

2171 642 2312 712 Πρὸς
2341 642 2396 693 δὲ
2422 642 2517 694 καὶ
2541 642 2988 714 προφητάνοντος
3012 643 3166 714 σορὸς
3203 641 3298 696 τοῦ
3318 642 3699 717 ψαλμογράφου,

2169 737 2277 788 Καὶ
2310 736 2657 804 Σολομῶντος
2695 735 2792 790 τοῦ
2835 736 3000 806 σοεροῦ
3026 738 3310 810 προφήτου
3346 737 3615 808 βασιλέως,

2170 826 2416 895 Πέραθεν
2448 827 2505 882 δὲ
2535 829 2902 898 τυγχάνουσιν
2933 832 3033 900 τῆς
3067 830 3204 900 πρὸς
3234 828 3448 898 δυσμὰς
3479 827 3699 896 πλατείας

2170 919 2616 990 Λελεπρωμὲνων
2641 921 2885 976 ἀσθενῶν
2914 923 3144 992 ἀρχαῖαι
3175 922 3477 986 κατοικίαι,

2169 1011 2280 1065 Καὶ
2307 1011 2444 1082 μετά
2472 1012 2677 1080 ταύτας
2711 1013 2992 1085 μάρτυρος
3023 1014 3151 1077 ναὸς
3185 1013 3280 1067 τοῦ
3304 1016 3622 1086 Προκοπίου.

2171 1104 2283 1158 Καὶ
2309 1105 2591 1172 γονικόθεν
2621 1107 2841 1178 οίκησιν
2866 1106 3048 1161 ὲκεῖσε
3085 1109 3454 1178 κεκτημένου.

2169 1197 2281 1250 Καὶ
2311 1199 2451 1267 μετὰ
2470 1197 2661 1254 τοῦτον
2688 1199 2956 1272 ἁμπελὼν
2990 1200 3085 1256 τοῦ
3137 1202 3388 1256 Ναδουθὲ
3431 1202 3700 1278 καρπεύων.

2170 1288 2305 1344 Εἶτα
2335 1291 2431 1346 καὶ
2457 1291 2624 1356 τόπος
2647 1293 2851 1364 ὁμαλὸς
2876 1294 3194 1366 εὐρύχωρον
3234 1295 3436 1364 πεδίον,

2183 1385 2272 1439 Ἐν
2303 1377 2347 1452 ᾧ
2384 1385 2716 1440 καταλαὸεῐν
2755 1403 2890 1457 φασι
2927 1387 3021 1443 τὸν
3052 1388 3094 1442 Γ
3096 1388 3249 1443 ολιάθ
3275 1391 3567 1462 χορὰρχην.

2168 1479 2282 1550 Τῆς
2310 1476 2592 1552 λεωφόρου
2626 1481 2794 1553 μέσον
2825 1481 2884 1536 δὲ
2911 1481 3052 1555 πρὸς
3083 1483 3335 1555 Βηθλεὲμ
3362 1484 3618 1554 ἀγούσης,

2169 1571 2451 1645 Δεξαμένη
2493 1574 2836 1647 καθέστηκεν
2861 1576 3205 1650 ἡγιασμένος
3246 1577 3439 1642 τόπος,

2182 1665 2270 1718 Ἐν
2406 1667 2641 1732 καθίσας
2679 1658 2938 1741 Ἀϐραὰμ
2987 1668 3310 1726 καταλιπὼν
3342 1673 3469 1734 τοὺς
3498 1669 3700 1737 δούλους,

2115 1829 2118 1833 ἴ
2173 1760 2278 1812 Τὸν
2311 1760 2563 1814 ποθεινὸν
2601 1760 2909 1833 ἀνέδραμεν
2944 1761 3061 1816 υίὸν
3086 1759 3180 1817 τοῦ
3215 1761 3494 1820 θυσιάσαι.

2093 1838 2135 1894 Β
2164 1847 2320 1903 Μετὰ
2348 1851 2546 1920 μικρὸν
2581 1850 2675 1904 καὶ
2715 1849 2897 1906 Ἠλιοῦ
2931 1852 3212 1925 προφήτου
3249 1851 3392 1916 θεῖος
3424 1851 3600 1923 δόμος.

2165 1933 2302 1994 Εἶτα
2335 1941 2778 2013 παραγενόμενοι
2818 1939 2959 2016 πρὸς
3000 1942 3250 2014 Βηθλεὲμ
3277 1942 3378 2014 τὴν
3418 1944 3594 2009 πόλιν,

2163 2033 2274 2087 Καὶ
2303 2033 2396 2088 τὸν
2427 2035 2554 2089 ναδν
2597 2035 2950 2108 πατήσαντες
2990 2037 3085 2090 τὸν
3119 2036 3262 2090 θεῖον
3300 2037 3398 2108 τῆς
3434 2038 3703 2105 Παρθένον,

2163 2125 2259 2190 Εἰς
2287 2127 2520 2201 οὐρανὸν
2549 2129 2815 2199 ἐδόξαμεν
2843 2129 3107 2199 ἄντικρυς
3131 2130 3364 2186 ἀνιέναιι

2163 2220 2396 2291 Είδομεν
2423 2221 2532 2294 γὰρ
2557 2221 2620 2275 τὸ
2646 2221 2913 2293 σπήλαιον
2945 2221 3038 2277 τδν
3065 2221 3300 2296 οὐρανὸν
3325 2223 3418 2276 τὸν
3449 2222 3619 2290 ἄλλον,

2176 2315 2293 2384 Ἐφ’
2319 2307 2470 2388 ᾧπερ
2495 2317 2527 2387 ἡ
2561 2317 2911 2388 πανάμωμος
2933 2315 3335 2387 καταφυγοῦσα
3354 2317 3532 2390 Κόρη,

2175 2404 2625 2475 ’Δνερμηνεύτως
2657 2405 2848 2460 τέτοκε
2879 2404 2976 2460 τὸν
3005 2405 3215 2479 Κύριον
3243 2406 3345 2478 τῆς
3384 2405 3564 2478 δόξης.

2165 2496 2396 2568 Ἕτερον
2423 2496 2618 2566 θρόνον
2644 2498 2861 2571 εἴδομεν
2899 2497 3002 2571 τὴν
3041 2498 3255 2571 φάτνην
3284 2499 3385 2571 τὴν
3412 2500 3595 2569 ἁγίαν.

2162 2589 2243 2642 Τὰ
2275 2587 2533 2660 θαύματα
2560 2588 2877 2661 πηγάζοντα
2908 2593 3044 2645 πᾶσι
3079 2593 3298 2655 πιστοῖς
3331 2589 3603 2661 ἀφθόνως,

2175 2680 2264 2748 Ἐξ
2294 2673 2370 2735 ὧν
2391 2683 2440 2735 εί
2473 2680 2621 2734 λίθον
2654 2680 2795 2754 λάϐῃ
2825 2699 2913 2748 τις
2943 2683 2978 2754 ἢ
3007 2683 3163 2739 κόνιν
3206 2681 3310 2756 τὴν
3337 2683 3624 2756 τυχοῦσαν,

2175 2772 2523 2846 Ἀπαλλαγὴν
2547 2774 2853 2846 εὑρήσηται
2896 2776 3116 2830 πάντων
3143 2775 3252 2830 τῶν
3280 2777 3564 2834 ἐναντίων.

2161 2867 2268 2922 Σὺν
2287 2865 2501 2932 τούτοις
2525 2869 2584 2921 δὲ
2614 2869 2941 2940 κατείδομεν
2969 2870 3272 2942 άνόρυκτον
3301 2873 3364 2924 τὸ
3394 2871 3591 2943 φρέαρ,

2174 2959 2458 3015 Ἀναδοθὲν
2487 2959 2821 3032 αὐτόματον,
2850 2962 3013 3034 ἡνίκα
3042 2962 3153 3028 ζῶν
3177 2964 3236 3017 τὸ
3267 2962 3415 3034 ὕδωρ

2173 3049 2510 3124 Ἐξεκενώθη
2537 3053 2824 3124 μυστικῶς
2864 3055 3056 3126 πηγῆς
3084 3056 3456 3125 άδιανοίκτου,

2085 3189 2131 3252 C
2175 3139 2498 3252 ‘Atp"obsr¢p
2531 3144 2851 3219 ἐπεθύμησε
2887 3153 3032 3205 πιεῖν
3054 3152 3082 3204 ό
3121 3151 3554 3224 Ψαλμογράφος.

2174 3238 2265 3293 Ἐν
2297 3230 2343 3307 ᾧ
2377 3240 2472 3294 καὶ
2501 3240 2710 3310 Μάγων
2743 3241 2936 3313 δδηγὺς
2969 3243 3148 3315 ἀστὴρ
3178 3245 3206 3297 ό
3245 3248 3399 3318 παρὰ
3423 3247 3599 3316 φύσιν,

2173 3327 2262 3382 Ἐν
2283 3328 2361 3402 τῷ
2390 3328 2571 3401 καιρῷ
2601 3332 2696 3384 καὶ
2723 3332 2965 3403 μάλιστα
3010 3335 3122 3388 τῶν
3168 3335 3469 3404 γενεθλίων
3511 3337 3715 3406 λάμπει.

2163 3422 2399 3494 Είδομεν
2428 3423 2594 3477 τόπον
2614 3423 2776 3493 ἅγιον
2805 3426 2903 3480 καὶ
2933 3425 3085 3481 λίθον
3113 3429 3425 3498 αίμοδόχον,

2172 3516 2261 3568 Ἐν
2297 3509 2380 3580 οἷς
2423 3515 2665 3588 Ἡρώδου
2690 3516 2972 3588 τύραννοι,
3005 3521 3448 3592 καρατομοῦντες
3481 3521 3666 3593 βρέφη,

2158 3609 2250 3661 Ἐν
2273 3610 2387 3672 τοῖς
2421 3608 2688 3679 σπηλαίου
2721 3612 2915 3682 μέρεσι
2945 3615 3327 3685 παρέρριπτον
3349 3613 3427 3678 ὡς
3465 3616 3592 3686 ἄγῃ.

2163 3702 2315 3754 Ἀλλ’
2346 3703 2404 3754 ἐν
2431 3702 2604 3776 ἑτέρῳ
2640 3705 2912 3777 σποτεινῷ
2943 3706 3198 3778 σπηλαίῳ
3230 3707 3370 3781 κόρη
3412 3711 3574 3780 μόνη,

2161 3796 2266 3850 Τὸν
2297 3796 2504 3868 Κύριον
2537 3795 2884 3867 βαστάζουσα
2917 3800 3014 3852 καὶ
3056 3800 3593 3873 παρυποκρυεοῦσσ,

2161 3890 2269 3942 Καὶ
2295 3889 2388 3942 τοῦ
2419 3889 2603 3960 τιμίου
2632 3890 2903 3958 γάλακτος
2933 3891 3324 3958 σταλάξαντος,
3357 3894 3432 3958 ὼς
3463 3895 3639 3963 λόγος.

2161 3983 2515 4047 Κατάλευκος
2551 3983 2689 4038 ὡσεὶ
2718 3987 2893 4056 τυρὸς
2920 3985 2947 4037 ό
2979 3985 3151 4050 τόπος
3174 3987 3452 4057 ἐγεγόνει,

2173 4075 2266 4141 Ἐξ
2295 4070 2355 4133 οὗ
2387 4079 2652 4146 γυναῖκες
2679 4077 2951 4147 γάλακτος
2983 4077 3219 4150 πάμπαν
3243 4082 3633 4153 ἐστερημέναι,

2159 4169 2298 4232 Χοος
2332 4169 2860 4242 μεταλαμϐάνουσαι
2895 4171 3187 4244 βλύζουσιν
3216 4173 3358 4244 ὑπὲρ
3393 4174 3576 4244 φύσιν.

2159 4265 2319 4332 Λέγω
2343 4262 2404 4317 δὲ
2436 4264 2617 4318 πάντα
2651 4264 2741 4318 τὸν
2766 4265 2896 4320 ναὸν
2932 4268 3029 4320 καὶ
3057 4267 3226 4321 τόπον
3261 4270 3357 4322 τὸν
3395 4270 3594 4335 ἐκεῖσε,

2163 4358 2222 4410 El
2259 4358 2335 4430 μὴ
2365 4358 2428 4412 τὸ
2451 4359 2603 4422 ἔθνος
2632 4357 2702 4432 ἦν
2728 4359 2933 4419 οἰκοῦν.
2969 4361 3109 4431 ἐμὰς
3140 4361 3210 4416 δι’
3240 4363 3540 4435 ἁμαρτίας,

2173 4448 2418 4515 ἰεὶξαίσια
2447 4449 2514 4504 τὰ
2551 4450 2810 4523 θαύματα
2842 4452 3158 4524 ποταμηδδν
3189 4455 3427 4527 ὲκχέειν.

2087 4543 2132 4599 D
2158 4545 2412 4598 Φαίνεται
2448 4543 2554 4616 γὰρ
2586 4546 2685 4602 καὶ
2718 4545 2926 4618 ἄψυχος
2957 4547 3119 4617 φύσις
3141 4547 3508 4620 ύποταγεῖσα,

2169 4638 2259 4702 '0;
2290 4640 2556 4706 δουλικῶς
2583 4643 2684 4706 τὰς
2707 4642 2958 4714 κορυφὰς
2998 4642 3142 4715 ἔχειν
3173 4644 3594 4708 ὑποκλινούσας,

2156 4733 2268 4797 Τὰς
2297 4737 2356 4788 ὲν
2379 4735 2457 4805 τῷ
2484 4736 2638 4808 τόπῳ
2669 4735 2912 4808 Βεθλεὲμ
2943 4736 3136 4802 ἐλαίας
3169 4737 3230 4803 ἐξ
3256 4739 3489 4804 ἐκείνου,

2155 4825 2412 4894 Στέργειν
2440 4826 2608 4880 δὲκαὶ
2637 4827 2874 4898 νεόφυτα
2900 4827 2962 4881 τὸ
2993 4828 3130 4901 πρὸς
3158 4829 3251 4883 τὸν
3270 4829 3510 4901 κτίστην
3536 4828 3715 4890 σέὗας⁶

2166 4920 2308 4973 Ἀλλ’
2338 4923 2396 4974 ἐν
2433 4924 2556 4993 δρυὶ
2584 4924 2867 4994 γενόμενοι
2892 4924 2957 4996 τῇ
2992 4924 3090 4996 τῆς
3120 4923 3449 4995 φιλοξενίας,

2159 5012 2270 5065 Καὶ
2304 5015 2564 5083 φρεατίου
2597 5013 2788 5080 ὓδατος
2815 5015 3030 5088 ψυχροῦ
3066 5033 3125 5071 τε
3158 5019 3257 5071 καὶ
3281 5019 3518 5088 ποτίμου

2166 5105 2384 5169 [Ιιόντες
2408 5105 2502 5159 τού
2531 5106 2872 5179 προπάτορος
2907 5109 3160 5182 ⁹Δσραάμ
3191 5110 3286 5164 τοῦ
3311 5111 3548 5177 δικαίου,

2160 5197 2270 5249 Καὶ
2300 5196 2399 5261 τὰς
2427 5199 2596 5252 αὑτοῦ
2626 5201 2720 5254 καὶ
2751 5200 2861 5256 τῶν
2887 5200 3052 5256 αὐτοῦ
3087 5202 3284 5274 σοροὺς
3314 5205 3406 5258 καὶ
3442 5201 3719 5263 κατοικίας

2170 5289 2412 5356 Ἰδόντες,
2443 5292 2536 5346 καὶ
2567 5293 2930 5366 προαπαντὴν
2966 5294 3202 5366 Τριάδος
3241 5296 3342 5366 τῆς
3372 5293 3538 5365 ἁγίας

2154 5382 2427 5454 Δευτέραν
2469 5383 2567 5457 τὴν
2612 5383 2899 5458 ἀναψυχὴν
2951 5383 3206 5459 εὕρωμεν
3265 5387 3370 5443 τῶν
3401 5384 3716 5458 λεχθέντων.
