4004 6206
502 344 3090 385 Μη-
3096 344 3506 348 ἠὴρ-ᾔ
3517 344 3569 348 ᾖ

333 316 3605 398 ’

1502 498 2446 640 ΑΝΩΝΥΜΟΥ

1803 734 2166 795 ΔΠΟΔΕΙΞῙΣ

1248 911 1516 1007 ΠΕΡΙ
1584 907 1821 999 ΤΩΝ
1892 898 2737 997 ΙΕΡΟΣΟΛΥΜΩΝ..

1588 1257 2392 1386 ANONYMUS

1025 1507 1181 1604 DE
1257 1503 1606 1603 LOCIS
1675 1497 2948 1598 HIEROSOLYMITANIS.

420 1870 495 1920 α’.
543 1859 770 1932 Ἐπειδὴ
818 1859 967 1916 κατὰ
1017 1858 1117 1932 τὴν
1167 1855 1387 1928 ἀγαθήν
1439 1869 1534 1907 σου
1583 1849 1938 1924 προαίρεσιν,

2117 1846 2170 1902 Ι.
2204 1844 2308 1901 Pro
2347 1844 2490 1901 bona
2522 1843 2693 1900 animi
2727 1843 2805 1901 tui
2831 1844 3104 1902 sententia
3137 1842 3278 1916 petis
3310 1853 3340 1896 a
3375 1853 3464 1896 me
3502 1852 3636 1894 nar-

361 1959 462 2012 καὶ
496 1955 730 2028 ζήτησιν
757 1955 889 2028 περὶ
932 1951 1042 2008 τῶν
1079 1950 1256 2021 ἁγίων
1286 1947 1492 2013 τόπων,
1541 1945 1610 2016 ἢν
1645 1941 1946 2014 ἑπεριεπά-

331 2061 434 2107 ’τει
459 2054 488 2107 ὀ
512 2051 754 2122 Χριστὸς
781 2049 882 2105 καὶ
915 2050 948 2121 ἡ
979 2047 1269 2112 Θεοτὸκος,
1313 2044 1411 2098 καὶ
1445 2043 1494 2097 οἱ
1526 2040 1676 2110 ἇγιοι
1703 2038 1946 2095 ἀπόστο-

349 2149 455 2206 λοι.
487 2147 584 2200 καὶ
632 2147 682 2200 οἱ
722 2144 1027 2216 προφῆται,
1061 2139 1156 2194 καὶ
1182 2137 1232 2192 οἱ
1285 2135 1466 2190 λοιποὶ
1514 2132 1685 2201 ἅγιοι,
1721 2132 1946 2199 ἀγαπη-

347 2242 436 2296 τοὶ
469 2239 716 2308 ἀδελφοὶ,
746 2235 815 2292 νά
857 2235 1059 2307 μάθετε
1091 2231 1224 2304 περὶ
1260 2228 1362 2301 τῆς
1405 2226 1570 2297 ἁγίας
1600 2225 1812 2288 πόλεως
1852 2221 1950 2277 ἰε-

352 2334 663 2410 ροοσαλὴμ,
695 2329 994 2400 ἐξαιρέτως
1040 2328 1099 2384 δὲ
1151 2324 1222 2381 τὰ
1282 2325 1455 2390 Ἅγια
1483 2320 1595 2376 τῶν
1643 2318 1840 2388 ἁγίων,

350 2408 714 2500 Γεθσημανὴ,
769 2425 832 2479 τὺ
876 2423 1006 2494 ὅρος
1062 2421 1174 2475 τῶν
1219 2417 1477 2473 Ἐλαιῶν.
1524 2411 1847 2486 Ἀρξώμεθα

350 2499 610 2578 ἐντεῦθέν
643 2519 754 2575 άπδ
775 2517 873 2573 τοῦ
906 2514 1180 2586 ζωοδόχου
1210 2512 1388 2583 τάφου
1433 2505 1526 2563 τοῦ
1556 2503 1765 2576 Κυρίου
1789 2499 1952 2574 ἡμῶν

365 2616 548 2688 Ἰησοῦ
607 2611 875 2688 Χριστοῦ.
918 2611 980 2665 '0
1043 2609 1146 2681 μὲν
1191 2607 1318 2671 ναὸς
1379 2603 1473 2658 τοῦ
1517 2599 1705 2669 Ἀγίου
1761 2595 1952 2664 Τάφου

356 2710 602 2784 ὑπάρχει
651 2703 1134 2780 στρογγυλοειδὴς,
1191 2699 1343 2754 ἐστιν
1395 2699 1454 2753 ὲν
1510 2694 1590 2768 τῷ
1652 2693 1806 2765 μέσῳ
1854 2689 1956 2762 τῆς

358 2783 528 2872 ἁγίας
566 2799 776 2863 πόλεως
817 2795 1200 2870 Ἰερουσαλὴμ,
1232 2793 1329 2849 καὶ
1390 2790 1506 2862 ἔχει
1539 2787 1810 2862 τρούλλας
1835 2783 1952 2839 δύο.

365 2893 531 2962 Ἔχει
587 2888 683 2944 καὶ
736 2885 1134 2960 καμπανάριον
1172 2881 1513 2956 ὡραιότατον
1554 2877 1956 2948 κεκολλημένον

375 2980 520 3054 μετὰ
546 2979 639 3035 τὸν
692 2978 853 3047 άγιον
884 2976 1034 3041 ναὸν,
1071 2975 1170 3029 καὶ
1220 2973 1509 3044 φαίνονται
1541 2968 1652 3024 άπὸ
1679 2967 1958 3040 μακρόθεν

362 3075 447 3140 εἰς
497 3072 670 3127 τύπον
721 3072 822 3142 τῆς
855 3068 1020 3140 ἁγίας
1049 3065 1304 3140 Τριάδος.
1362 3063 1426 3118 Ἦ
1482 3061 1539 3116 δὲ
1573 3063 1674 3133 μία
1725 3057 1960 3131 τρούλλα

363 3163 505 3221 ὀποῦ
534 3158 677 3219 εἶναι
701 3160 891 3216 sativa)
921 3158 1019 3214 τοῦ
1056 3158 1216 3225 ἁγίου
1260 3157 1437 3227 τάφου
1479 3156 1602 3209 έναι
1635 3153 1958 3208 ἀνασκέπα-

2051 1939 2321 1996 rationem
2379 1940 2446 1994 de
2499 1937 2636 1996 locis
2665 1937 2893 2004 sanctis,
2944 1952 3042 2009 per
3093 1952 3216 2008 quae
3259 1934 3534 2011 Christus,
3581 1940 3637 1986 ct

2050 2033 2306 2104 Dcipara,
2341 2042 2398 2089 et
2425 2031 2600 2089 sancti
2642 2030 2896 2102 apostoli,
2945 2038 3000 2085 et
3026 2028 3325 2100 prophetae,
3357 2036 3413 2082 et
3441 2024 3636 2094 reliqui

2053 2128 2253 2193 sancti,
2284 2126 2730 2183 obambularnnt.
2764 2124 2968 2180 Morem
3000 2138 3210 2193 geram.
3247 2122 3474 2177 Fratres
3505 2119 3641 2174 chao

2052 2219 2283 2283 rissimi,
2319 2216 2525 2280 audite,
2560 2232 2682 2287 quae
2709 2216 2958 2272 dicturus
3009 2229 3132 2271 sum
3179 2214 3248 2270 de
3277 2221 3464 2269 sancta
3503 2212 3641 2268 urbe

2050 2307 2376 2374 Jerusalem,
2419 2317 2476 2362 et
2520 2305 2865 2377 potissimum
2917 2308 2984 2361 de
3036 2302 3256 2359 Sanctis
3291 2311 3639 2368 sanctorum,

2051 2399 2429 2466 Gethsemani,
2487 2393 2545 2454 et
2581 2406 2769 2454 monte
2809 2395 3117 2453 Olivarum.
3168 2394 3251 2450 Sit
3279 2408 3410 2449 vere
3441 2402 3644 2448 nostra

2054 2494 2385 2552 narrationis
2420 2493 2637 2548 initium
2673 2509 2703 2548 a
2748 2493 2966 2548 viviﬁco
2997 2490 3251 2561 sepulcro
3283 2487 3496 2544 Domini
3543 2501 3646 2543 nov

2055 2589 2153 2647 stri
2178 2588 2312 2645 Jesu
2332 2587 2564 2646 Christi.
2590 2586 2874 2658 Templum
2901 2587 3077 2644 sancti
3102 2585 3339 2657 sepulcri
3360 2591 3442 2640 est
3469 2581 3646 2637 forma

2055 2683 2312 2750 rotunda,
2348 2681 2402 2737 in
2435 2682 2610 2737 media
2645 2689 2833 2736 sancta
2858 2682 3080 2736 civitate
3107 2679 3413 2736 Jerusalem
3449 2679 3646 2739 situm,

2057 2777 2271 2833 duabus
2323 2774 2500 2830 trullis
2557 2773 2944 2844 conspicuum.
2984 2771 3160 2828 [labet
3207 2771 3310 2828 sibi
3370 2784 3648 2826 annexum

2058 2868 2362 2941 campanile
2406 2867 2857 2940 pulcherrimum.
2908 2865 3041 2933 Qum
3092 2867 3256 2935 longe
3305 2865 3514 2920 dissitis
3565 2870 3652 2935 ty-

2059 2979 2190 3036 pum
2256 2962 2617 3020 sanctissimae
2681 2960 2900 3017 Triadis
2951 2968 3367 3029 repraesentant.
3425 2957 3649 3025 Trulla,

2060 3073 2227 3129 super
2260 3065 2512 3114 sanctum
2555 3054 2868 3125 sepulcrum
2915 3054 3187 3117 eminens,
3240 3053 3387 3108 nullo
3451 3051 3654 3122 tegitur

2066 3162 2247 3219 tecto;
2305 3150 2448 3221 quod
2516 3148 2642 3204 inde
2703 3147 3066 3203 descenderet
3121 3157 3368 3202 sanctum
3428 3145 3679 3222 lumcnz‘

365 3276 497 3331 ατη,
528 3259 615 3314 δτι
646 3256 851 3312 direxti
878 3220 1175 3309 κατέϐαινε
1200 3249 1263 3304 τὸ
1302 3220 1459 3321 ἅγιον
1483 3247 1597 3319 φῶς
1626 3263 1642 3283 ⁸
1675 3247 1710 3319 ἡ
1737 3246 1796 3302 δὲ
1822 3244 1958 3316 ἄλλη

2069 3245 2171 3300 alia
2205 3244 2429 3316 plumbo
2459 3241 2787 3312 contegitur,
2811 3247 2867 3296 et
2894 3239 3040 3295 intus
3069 3245 3346 3295 structura
3385 3237 3560 3309 lignea
3585 3237 3655 3292 ad

361 3351 604 3426 τρούλλα
659 3345 1111 3418 ὲνεσκεπασμένη
1153 3343 1297 3415 μετὰ
1332 3339 1626 3414 μολύϐδου,
1675 3340 1772 3395 καὶ
1815 3338 1963 3393 ἰσω-

370 3449 470 3505 θεν
505 3443 778 3516 ὲνδυμένη
824 3437 1173 3512 μετασκευὴν
1204 3436 1426 3508 ξυλίνην
1464 3434 1572 3498 ῑως
1601 3431 1672 3487 τὰ
1717 3431 1962 3504 ζωνάρια

369 3539 471 3595 τοῦ
503 3536 717 3610 τοίχου.
749 3534 860 3590 Καὶ
891 3533 1001 3588 ἀπὸ
1023 3531 1126 3604 τὴν
1155 3530 1337 3600 ζώνην
1362 3528 1458 3582 καὶ
1491 3525 1647 3580 κάτω
1674 3522 1819 3578 εἶναι
1842 3540 1964 3578 στο-

373 3632 612 3709 ρισμινη
676 3627 819 3703 μετὰ
876 3627 1087 3701 μωσίου
1139 3622 1346 3698 χρυσοῦ
1407 3622 1521 3676 ὅλοι
1568 3621 1618 3674 οἱ
1660 3618 1963 3691 προφῆται,

371 3728 474 3784 καὶ
499 3728 531 3781 ὁ
559 3725 751 3795 Μέγας
781 3721 1218 3784 Κωνσταντῖνος,
1247 3716 1343 3772 καὶ
1370 3718 1405 3789 ἡ
1433 3714 1568 3786 ἁγία
1609 3712 1822 3785 Ἑλένη.
1853 3710 1967 3765 Καὶ

372 3820 488 3878 ἀπὸ
511 3820 667 3876 κάτω
697 3817 811 3873 τῶν
838 3814 1144 3887 προφητῶν
1187 3807 1331 3867 εἶναι
1387 3812 1660 3883 μάρμαρα
1697 3801 1968 3882 πορφυρᾶ

376 3910 761 3984 κεκολλημένα
803 3910 886 3974 είς
916 3907 1009 3960 τὸν
1047 3907 1228 3978 τοῖχον
1266 3906 1370 3976 τῆς
1412 3903 1683 3972 ἱστορίας,
1710 3898 1812 3958 καὶ
1867 3899 1968 3969 γύ-

376 4006 559 4084 ρωθεν
619 3999 763 4059 εἶναι
822 4002 894 4056 τὰ
953 3997 1346 4073 κατηχούμενα
1401 3997 1499 4052 τοῦ
1547 3994 1705 4065 ἁγίου
1766 3993 1964 4064 τάφου.

389 4099 710 4174 Ὕπάρχουν
744 4095 844 4151 xui.
885 4093 1138 4156 κολόναις
1191 4091 1607 4164 μαρμαρεΐναις
1652 4087 1822 4153 ὀκτὼ,
1873 4089 1969 4143 καὶ

378 4193 620 4265 ποδάρια
660 4188 808 4246 ὀκτὼ
852 4188 912 4255 ἐξ
953 4187 1065 4244 ἀπὸ
1093 4188 1162 4242 τὰ
1193 4185 1421 4253 στάολα,
1455 4184 1552 4238 καὶ
1585 4183 1737 4239 κάτω
1764 4182 1966 4255 ἔδαφος

378 4290 501 4344 έναι
540 4286 793 4350 κολόναις
835 4279 935 4348 ις’,
989 4282 1088 4337 καὶ
1131 4280 1337 4334 κιονίον
1381 4276 1601 4349 χοντρό.
1645 4277 1755 4330 Καὶ
1790 4275 1872 4340 είς
1905 4273 1969 4329 τὸ

383 4384 554 4456 μέσον
584 4383 685 4452 τῆς
712 4377 983 4451 τρούλλας
1014 4377 1093 4440 είς
1123 4376 1186 4429 τὺ
1219 4373 1415 4443 ἔδαφος
1439 4372 1538 4441 τῆς
1569 4373 1671 4442 γῆς
1694 4369 1812 4424 έναι
1842 4386 1970 4424 κου-

380 4476 638 4532 6ούκλιον
670 4475 928 4545 πέτρινον
969 4470 1334 4542 ὡραιότατον,
1386 4465 1481 4526 καὶ
1517 4467 1687 4535 μέσον
1709 4463 1804 4518 τοῦ
1837 4479 1965 4518 κου-

382 4568 642 4626 ϐουκλίου
673 4567 791 4622 έναι
819 4567 848 4620 ὀ
881 4564 1039 4635 ἆγιος
1070 4561 1245 4631 τάφος
1285 4558 1380 4613 τοῦ
1415 4556 1624 4628 Κυρίου
1659 4556 1819 4627 ἡμῶν
1862 4557 1970 4628 Ἰηο
2000 4583 2045 4648 c

384 4663 484 4719 σοῦ
523 4660 790 4734 Χριστοῦ.
840 4659 951 4712 Καὶ
986 4655 1332 4727 ίιμπένοντας
1371 4651 1431 4705 τὸ
1479 4650 1655 4723 πορτὴ
1686 4648 1781 4703 τοῦ
1812 4649 1969 4719 ἁγίου

379 4761 562 4828 τάφου
618 4755 799 4808 κεῖται
832 4752 862 4804 ὁ
908 4747 1059 4813 λίθος
1098 4748 1128 4801 ὁ
1158 4743 1551 4808 ἀποκυλισθεὶς
1592 4745 1658 4799 ἐκ
1698 4741 1794 4796 τοῦ
1833 4743 1972 4814 μνή-

388 4868 592 4924 ματος,
631 4847 823 4920 ὥσπερ
881 4843 1016 4916 ἁγία
1064 4840 1342 4912 τράπεζα,
1396 4837 1568 4910 λευκὴ
1615 4837 1971 4908 ὡραιότατος.

386 4946 502 5002 Καὶ
539 4947 568 4999 ὁ
601 4943 756 5011 ἅγιος
783 4938 953 5010 τάφος
1008 4936 1128 4992 έναι
1189 4933 1569 5008 μαρμαρέῖνος
1603 4930 1972 5002 ὡραιότατος⁹

392 5041 491 5096 καὶ
510 5039 718 5095 ἄνωθεν
751 5035 847 5089 τοῦ
881 5036 1038 5104 ἁγίου
1092 5031 1265 5100 τάφου
1297 5026 1637 5100 κρεμοῦνται
1676 5024 1971 5096 κανδήλαις

393 5140 508 5204 λς’,
553 5134 652 5190 καὶ
697 5132 793 5188 δύο
850 5131 945 5186 καὶ
980 5125 1356 5200 φωταγωγοῡν
1390 5123 1563 5180 νύκτα
1597 5123 1690 5174 καὶ
1727 5120 1969 5191 ἡμέραν,

393 5226 550 5287 Εἶναι
576 5227 673 5282 καὶ
728 5225 1064 5298 ίστορημένη
1113 5222 1148 5294 ἡ
1202 5218 1532 5289 Λαζάρωσις
1570 5214 1664 5269 τοῦ
1705 5209 1972 5284 Χριστοῦ,

392 5324 492 5381 καὶ
509 5324 545 5395 ἡ
565 5317 910 5381 ’Δνάστασις,
933 5314 1028 5369 καὶ
1048 5315 1081 5384 ἡ
1099 5311 1415 5384 ’Λνάληψις.
1451 5310 1560 5364 Καὶ
1587 5308 1666 5372 είς
1699 5305 1790 5358 τὸν
1810 5303 1980 5375 γῦρον

392 5418 491 5475 τοῦ
512 5416 686 5484 τάφου
721 5411 1006 5482 ὑπάρχουν
1046 5408 1317 5481 μάρμαρα
1349 5402 1733 5474 κεκολλημένα
1775 5402 1857 5463 είς
1885 5397 1980 5452 τὸν

395 5518 600 5587 τοῖχον.
635 5511 748 5566 Καὶ
793 5510 873 5573 είς
905 5507 967 5562 τὸ
1016 5505 1216 5576 ἔδαφος
1250 5501 1381 5573 παρ’
1430 5496 1597 5556 αὐτοῦ
1636 5495 1818 5566 ὀλίγον
1855 5492 1982 5548 ὅσον

400 5613 447 5686 β’
478 5613 704 5686 βήματα
733 5603 913 5661 ποδῶν
936 5603 1054 5659 ἕναι
1083 5603 1112 5656 ὁ
1144 5600 1292 5666 λίθος
1318 5595 1457 5654 ὀποῦ
1487 5594 1746 5654 ἐκάθισεν
1769 5591 1797 5647 ὁ
1818 5589 1986 5662 ἄγγε-

474 5777 494 5810 ¹
520 5769 718 5834 Matth.
751 5782 948 5839 ιχνιιι,
981 5765 1037 5838 5,
1070 5765 1129 5824 6.

2066 3336 2344 3408 cingulum
2381 3335 2525 3390 muri
2556 3331 3028 3391 circumvestitur.
3065 3333 3109 3386 Α
3133 3331 3374 3404 cingulo,
3407 3340 3462 3386 et
3490 3329 3656 3399 inira,

2068 3431 2281 3487 ιιιυείνο
2333 3443 2499 3484 aureo
2549 3443 2740 3483 omnes
2788 3426 3089 3496 prophetae,
3139 3433 3193 3480 et
3237 3440 3470 3496 magnus
3515 3423 3660 3480 Con-

2071 3524 2369 3586 stantinus,
2399 3531 2454 3577 et
2479 3530 2664 3576 sancta
2700 3519 2922 3584 llelena,
2963 3517 3166 3588 depicti
3208 3527 3356 3573 sunt.
3394 3516 3506 3573 Sub
3535 3532 3662 3587 pro-

2070 3618 2250 3689 plietis
2294 3630 2568 3687 purpurea
2623 3623 2896 3669 marmora
2954 3626 3110 3667 muro
3161 3611 3505 3683 inﬁguntur:
3554 3610 3664 3667 cir.

2069 3728 2194 3768 cum
2248 3721 2499 3767 sanctum
2558 3709 2870 3778 sepulcrum
2937 3708 3452 3762 catechumenornm
3515 3707 3661 3762 aedes
3747 3707 3750 3711 ’

2072 3808 2497 3878 amplectuntur.
2548 3801 2688 3860 Sunt
2738 3811 2792 3858 et
2839 3802 3108 3857 columnae
3150 3815 3469 3856 marmoreae
3511 3810 3658 3866 octo,

2070 3913 2224 3957 extra
2256 3899 2521 3956 stationes
2561 3913 2577 3954 :
2613 3907 2668 3956 et
2715 3897 2765 3951 in
2818 3897 3132 3968 pavimento
3169 3895 3435 3951 columnae
3465 3895 3661 3951 si-xde-

2071 3997 2200 4063 cim,
2238 4004 2291 4051 et
2337 3993 2579 4049 cioninm
2617 4005 2888 4047 crassum.
2927 3987 2982 4042 in
3025 3987 3186 4044 trulla
3221 3987 3401 4042 media
3450 3995 3505 4042 et
3548 3987 3663 4057 ipso

2073 4091 2394 4164 pavimento
2459 4085 2706 4142 cernitur
2767 4081 3020 4138 cubiculo
3071 4097 3288 4138 sacrum
3345 4082 3661 4151 sepulcrum

2075 4180 2291 4238 Domini
2332 4179 2507 4235 nostri
2549 4177 2678 4234 Jesu
2708 4175 2940 4233 Christi.
2983 4174 3121 4231 Cum
3149 4183 3360 4245 portam
3412 4173 3664 4243 ingrede-

2072 4276 2170 4343 ris,
2204 4275 2358 4331 vides
2390 4272 2458 4329 ibi
2491 4271 2766 4343 iacentem
2819 4269 3054 4338 lapidem
3098 4269 3192 4339 qui
3233 4268 3506 4323 revolutus
3537 4267 3656 4324 fne-

2073 4381 2158 4424 rat
2207 4383 2238 4425 e
2280 4373 2657 4428 monumento,
2697 4363 2860 4418 veluti
2895 4371 3139 4417 sanctam
3175 4374 3438 4429 mensam,
3477 4360 3664 4416 candi-

2073 4463 2222 4526 dam,
2253 4470 2306 4515 et
2351 4456 2799 4530 pulcherrimam.
2841 4454 3016 4524 Supra
3049 4461 3304 4509 sanctum
3352 4455 3662 4522 sepulcrum

2079 4554 2312 4627 pendent
2347 4552 2567 4623 triginta
2600 4566 2692 4606 sex
2720 4549 3024 4619 lampades,
3069 4561 3301 4617 quarum
3335 4549 3456 4600 dum
3497 4558 3661 4603 noctu

2081 4649 2278 4718 diuque
2339 4644 2606 4703 continue
2661 4643 2875 4697 ardent.
2941 4641 3197 4710 Depictus
3260 4650 3344 4696 est
3387 4640 3658 4712 Christus,

2084 4750 2422 4797 mortuorum
2478 4735 2809 4793 indumentis
2864 4737 3093 4788 amictus
3127 4751 3141 4791 :
3179 4741 3288 4787 tum
3347 4734 3515 4803 ipsius
3554 4735 3661 4791 Rc-

2082 4832 2370 4897 surrectio,
2414 4843 2467 4886 et
2499 4827 2787 4886 Ascensio.
2818 4827 3038 4881 Circum
3074 4826 3384 4895 sepulcrum
3415 4828 3665 4885 ambiunt

2087 4941 2357 4983 marmora
2393 4922 2587 4996 parieti
2619 4923 2722 4978 ﬁxa
2748 4939 2763 4988 ;
2794 4921 2924 4977 etin
2961 4921 3272 4988 pavimento
3305 4939 3470 4994 penes
3497 4925 3673 4995 ipsum

2085 5031 2163 5078 est
2199 5021 2338 5075 alius
2370 5019 2527 5088 lapis,
2564 5018 2616 5072 in
2650 5032 2759 5088 quo
2795 5014 2935 5071 sedit
2960 5015 3211 5085 angelus,
3232 5028 3285 5070 et
3310 5019 3446 5072 dixit
3477 5018 3670 5073 mulie—

2087 5117 2236 5171 ribus
2275 5133 2289 5168 :
2336 5113 2479 5180 Quid
2537 5112 2782 5184 quaeritis
2825 5109 3005 5165 Jesum
3064 5107 3452 5168 Nazarenam?
3503 5129 3676 5167 κιαι-ο

2089 5209 2266 5274 rexit;
2293 5224 2395 5262 non
2419 5217 2493 5263 est
2537 5207 2623 5260 hic
2648 5206 2691 5260 '.
2725 5205 2906 5276 Super
2929 5206 3167 5277 lapidem
3199 5207 3434 5278 pendent
3467 5206 3676 5274 lampa-

2085 5303 2183 5358 des
2213 5310 2468 5372 quatuor.
2504 5300 2679 5370 Supra
2719 5310 2967 5356 sanctum
2994 5299 3302 5371 sepulcrum
3329 5307 3412 5356 est
3442 5314 3673 5371 parvum

2083 5399 2281 5465 cubile,
2342 5397 2562 5470 plumbo
2595 5405 2944 5464 contectum;
2975 5403 3029 5451 et
3073 5411 3103 5451 a
3141 5394 3426 5451 duodecim
3467 5393 3674 5449 colum-

2090 5497 2179 5552 nis
2212 5492 2501 5566 purpureis
2551 5498 2608 5548 et
2640 5491 2823 5547 aureis
2853 5490 3104 5562 capitulis
3136 5493 3458 5556 sustinetur,
3504 5487 3674 5543 inusi-

2091 5603 2270 5661 voque
2297 5599 2466 5663 aureo
2500 5584 2740 5658 undique
2782 5584 2966 5644 varias
3022 5584 3286 5658 imagines
3319 5582 3504 5643 refert.
3546 5581 3676 5637 Inde
