4004 6206
409 335 516 398 975

1860 315 2204 382 ANONYMI

3547 314 3654 384 976

413 447 688 504 descendit
719 457 960 501 sanctum
996 446 1176 500 lumen
1205 455 1394 501 sancto
1431 454 1485 500 et
1519 458 1712 516 magno
1739 441 1978 498 Sabbato

2105 454 2194 505 .oc,
2238 435 2334 491 καὶ
2368 433 2492 491 εἶπε
2525 436 2645 502 ταῖς
2672 431 2910 506 γυναιξὶ,
2952 435 3013 490 Τί
3036 432 3257 506 ζητεῖτε
3296 428 3532 498 Ἰησοῦν
3555 431 3662 483 τόν

414 542 547 594 hora
582 539 913 608 vespertina,
948 547 1000 592 et
1032 538 1095 591 ad
1132 548 1379 592 sanctum
1436 536 1640 591 Christi
1675 535 1979 602 sepulcrum

414 648 538 687 sese
562 631 814 702 applicat.
842 631 1138 699 statimque
1165 629 1466 700 lampades,
1516 629 1713 684 ibidem
1741 629 1985 699 penden~

416 734 517 790 tes,
549 723 947 779 accenduntur.
985 721 1158 790 Prope
1190 722 1447 789 templum
1484 721 1680 775 sacella
1704 719 1985 789 possiden-

413 826 504 868 tur
535 815 602 870 ab
629 814 918 877 hmreticis,
954 812 1226 877 Armeniis,
1264 811 1544 877 Jacobilis,
1590 812 1753 876 ludis,
1784 811 1980 865 Nesto-

411 907 606 962 rianis.
654 905 763 962 Nos
811 905 1120 960 universum
1167 904 1413 961 ecclesiae
1479 919 1674 974 corpus
1721 915 1982 960 tenemus.

412 1000 559 1053 later
594 998 726 1053 duas
784 997 971 1052 trullas
1027 997 1206 1051 fornix
1244 997 1353 1051 lata
1405 997 1742 1060 extenditur,
1785 998 1837 1051 in
1879 1010 1986 1063 qua

413 1091 626 1147 musivo
682 1090 895 1160 depicta
963 1089 1160 1146 visitur
1217 1089 1466 1145 ascensio
1538 1089 1747 1143 Domini
1812 1088 1985 1141 nostri

412 1182 539 1238 Jesu
572 1181 798 1249 Christi,
835 1191 889 1237 et
931 1182 1273 1237 annuntiatio
1316 1181 1677 1237 sanctissimae
1710 1178 1981 1249 Virginis;

411 1276 716 1346 pendetque
760 1289 865 1328 una
919 1273 1150 1344 lampas.
1205 1273 1317 1328 Sub
1367 1272 1525 1327 trulla
1593 1271 1649 1327 in
1705 1287 1990 1342 pavnnen-

412 1378 470 1424 to
520 1378 600 1424 est
655 1367 942 1422 umbilicus
991 1375 1168 1432 terrae,
1201 1367 1349 1422 orbis
1403 1377 1669 1421 terrarum
1717 1365 1983 1428 medium;

411 1461 720 1532 pendetque
771 1458 1206 1530 polycandelum.
1259 1456 1398 1512 Sunt
1442 1469 1495 1512 et
1534 1458 1707 1513 cionia
1750 1456 1989 1511 maxima

387 1559 668 1621 .quatuor.
699 1549 810 1603 Sub
839 1549 1025 1603 eadem
1054 1546 1211 1602 trulla
1241 1557 1320 1602 est
1349 1545 1511 1600 Bema
1553 1547 1758 1613 templi,
1796 1549 1849 1601 in
1884 1561 1993 1616 quo

387 1641 695 1696 orthodoxi
749 1640 946 1696 missas
983 1639 1279 1695 celebrant.
1324 1638 1532 1693 Musivo
1576 1638 1841 1704 depictum
1885 1647 1988 1700 est,

406 1749 521 1804 equo
549 1736 673 1789 item
709 1733 955 1802 depictus
995 1730 1248 1786 Christus
1279 1731 1469 1786 afﬁxus
1499 1732 1866 1802 conspicitur;
1903 1731 1990 1784 in-

2087 527 2430 600 Ναζαρηνόν
2446 546 2466 595 ;
2494 528 2737 600 ἠγέρθη,
2767 531 2877 584 οὐκ
2906 524 3016 583 εἴγ’
3045 521 3182 582 ὦδε.
3203 527 3312 580 Kal
3335 522 3540 580 ἄνωθεν
3566 519 3660 575 τοῦ

2087 623 2241 677 λίθου
2272 623 2608 693 κρεμοῦνται
2636 621 2902 692 κανδήλια
2927 619 2991 676 δ’.
3021 620 3132 674 Kal
3158 621 3354 672 άπάνω
3383 614 3482 670 τοῦ
3506 615 3661 684 ἁγίου

2088 715 2259 783 τάφου
2296 710 2439 768 εἶναι
2486 714 2812 768 κουσούκλιν
2861 711 3059 784 μικρὸν
3109 707 3664 783 μολιϐδοσκέπαστον,

2091 807 2503 878 βασταζόμενον
2535 806 2639 860 61:6
2664 806 2873 861 δώδεκα
2909 805 3118 859 στόλων
3155 803 3437 876 πορφυρδν
3467 819 3668 872 χρυσο-

2088 899 2346 970 κέφαλον,
2383 895 2523 953 εἶναι
2555 899 2652 952 καὶ
2687 899 3072 970 ίστορισμένον
3122 898 3264 969 μετὰ
3306 895 3404 950 τοῦ
3437 893 3669 966 μουσίου

2088 990 2314 1065 χρυσοῦ.
2361 990 2606 1045 Ἐκεῖθεν
2638 990 2961 1044 καταϐαίνει
3003 990 3066 1044 τὸ
3095 989 3251 1058 ἅγιον
3277 989 3393 1059 φῶς
3421 986 3502 1059 τῷ
3530 986 3671 1055 ἁγίῳ

2088 1085 2185 1138 καὶ
2216 1083 2440 1154 μεγάλῳ
2471 1082 2743 1153 Σαϐϐάτῳ
2782 1081 2905 1153 ὥρᾳ
2941 1080 3258 1155 ὲσπερινοῦ,
3302 1079 3400 1136 καὶ
3431 1095 3674 1152 προσεγ-

2089 1176 2231 1246 γίζει
2258 1175 2354 1229 τοῦ
2396 1175 2556 1245 ἁγίου
2591 1176 2767 1245 τάφου
2801 1175 2894 1229 τοῦ
2944 1174 3208 1247 Χριστοῦ,
3257 1173 3354 1228 καὶ
3389 1173 3556 1236 εὒοὺς
3610 1170 3674 1224 ἆ-

2090 1286 2317 1322 πτουσιν
2364 1271 2424 1324 αί
2455 1269 2752 1340 κανδήλαις
2800 1267 2896 1322 τοῦ
2928 1269 3087 1338 ἁγίου
3131 1268 3326 1338 τάφου.
3363 1263 3518 1320 Εἶναι
3551 1266 3673 1318 Πα-

2093 1360 2366 1430 ρακλήσια
2399 1361 2508 1412 τῶν
2556 1358 2878 1430 αίρετικῶν,
2943 1359 3275 1430 Ἀρμενίων,
3315 1355 3675 1417 Ίακωὸιτῶν,

2105 1453 2397 1517 Ἰνδιανῶν,
2430 1453 2819 1524 Νεστοριανῶν
2847 1469 2928 1508 τε.
2979 1454 3044 1506 Οἱ
3073 1451 3130 1504 δὲ
3173 1453 3335 1522 ἡμεῖς
3371 1451 3570 1520 ἔχομεν
3619 1448 3681 1499 τὸ

2094 1541 2381 1598 καθολικδν
2409 1541 2504 1595 τοῦ
2547 1540 2700 1597 ναοῦ.
2750 1543 2863 1596 Kal
2907 1541 3182 1612 ἀναμέσον
3218 1539 3327 1594 τῶν
3349 1540 3443 1592 δύο
3467 1537 3680 1609 τρούλ-

2093 1635 2201 1690 λων
2230 1635 2347 1706 ἔχει
2372 1635 2602 1705 καμάρα
2633 1635 2883 1706 μηγάλη,
2909 1637 3006 1689 xal
3026 1634 3145 1688 έναι
3177 1634 3512 1704 στορισμένη
3538 1634 3684 1703 μετὰ

2098 1728 2322 1799 μουσίου
2370 1728 2404 1800 ἡ
2435 1727 2706 1798 ἀνάληψις
2751 1726 2846 1784 τοῦ
2894 1726 3100 1800 Κυρίου
3135 1725 3292 1799 ἡμῶν
3331 1725 3512 1797 Ἰησοῦ
3541 1724 3683 1797 Χρι-

415 1828 638 1894 cisaque
666 1834 796 1880 sunt
821 1824 1034 1879 litteris
1063 1821 1228 1876 verba
1259 1839 1274 1875 :
1303 1819 1596 1876 Nobiscum
1623 1821 1801 1886 Deus;
1826 1796 1991 1890 agno;

2105 1796 2207 1888 τοῦ,
2245 1819 2341 1874 καὶ
2393 1796 2800 1892 εὐαγγελισμδς
2849 1821 2954 1893 τῆς
2984 1796 3328 1894 ’ὑπεραγίας
3380 1796 3681 1884 Θεοτόκου,

414 1919 568 1984 scite,
600 1925 797 1986 genter,
828 1926 876 1970 et
924 1915 1109 1970 cedite.
1142 1913 1417 1969 Ambitum
1448 1913 1685 1970 Bematis
1724 1924 1991 1984 occupant

411 2009 680 2062 columna:
727 2006 1012 2062 duodecim
1063 2023 1078 2061 :
1117 2020 1387 2077 supraque
1423 2007 1664 2076 pendent
1717 2005 1992 2076 lampades

415 2111 670 2169 quatuor.
713 2099 789 2155 lbi
842 2110 926 2156 est
971 2099 1126 2154 sedes
1169 2098 1569 2170 patriarchalis.
1606 2099 1816 2154 Ardent
1866 2111 1994 2157 ante

410 2199 660 2248 sanctam
698 2205 939 2245 mensam
975 2189 1259 2258 lampades
1293 2189 1537 2260 triginta,
1572 2206 1691 2259 quae
1723 2201 1866 2245 tenta
1900 2206 1994 2244 va-

415 2284 498 2340 ria
531 2285 745 2354 depicta
779 2284 1072 2352 obtegitur.
1097 2282 1236 2337 .Post
1276 2281 1440 2337 Bema
1479 2292 1567 2338 est
1596 2297 1785 2338 carcer
1831 2283 1990 2341 Chri-

411 2377 507 2440 sti,
539 2376 701 2444 pedes
730 2374 1038 2444 quindecim
1067 2389 1095 2427 a
1144 2389 1304 2429 sacro
1330 2373 1552 2451 Bemate
1589 2375 1914 2445 disjunctus.

2095 1915 2193 1968 καὶ
2245 1915 2515 1986 κρέμαται
2564 1914 2662 1987 μία
2717 1914 2981 1986 κανδήλα.
3034 1912 3148 1968 Kal
3196 1913 3307 1968 ἀπὸ
3373 1915 3530 1967 κάτω
3581 1912 3688 1980 τῆς

2097 2006 2366 2078 τρούλλας
2415 2009 2496 2071 είς
2523 2008 2585 2060 τὸ
2612 2008 2810 2078 ἔδαφος
2856 2007 2974 2062 ἐναι
3003 2008 3032 2061 6
3081 2005 3324 2077 ὀμφαλὸς
3355 2005 3452 2076 τῆς
3489 2005 3622 2073 γῆς.
3651 2005 3684 2074 ἡ

2096 2100 2240 2171 μέση
2297 2098 2393 2154 τοῦ
2461 2098 2696 2171 κόσμου,
2762 2099 2860 2153 καλ⁸
2919 2098 3192 2171 κρέμεται
3249 2096 3684 2166 πολυκάνδηλον.

2103 2191 2416 2264 ’Υπάρχουν
2464 2194 2563 2247 καὶ
2612 2193 2793 2247 κιόνια
2839 2192 3076 2264 μεγίστα
3115 2188 3179 2246 δ’.
3223 2191 3316 2254 El;
3361 2189 3537 2260 αὐτὴν
3587 2188 3688 2259 τὴν

2089 2284 2357 2354 τροῦλλαν
2388 2281 2531 2340 εἶναι
2555 2284 2616 2338 τὸ
2641 2284 2792 2356 βῆμα
2817 2281 2914 2337 τοῦ
2943 2280 3096 2348 ναοῦ,
3142 2281 3279 2335 ὀποῦ
3311 2278 3683 2352 λειτουργοῦν

2090 2379 2140 2431 οί
2180 2377 2481 2451 ὀρθόδοξοι.
2506 2374 2665 2432 Είναι
2692 2377 2786 2432 καὶ
2823 2374 3205 2448 ίστορισμένον
3251 2375 3392 2445 μετὰ
3432 2374 3686 2445 μουσίου,

413 2469 510 2523 καὶ
550 2469 846 2542 όΧριστδς
891 2467 1312 2540 ἐσταυρωμένος
1365 2469 1506 2538 μετὰ
1558 2469 1811 2539 μουσίου.
1884 2469 2042 2524 "Eva:
2080 2472 2176 2526 καὶ
2228 2472 2535 2544 γράμματα
2603 2471 2988 2542 γεγραμμένα,
3035 2470 3177 2525 Μεθ’
3225 2467 3397 2538 ἡμῶν
3453 2469 3488 2522 ὀ
3517 2466 3686 2531 Θεός’

406 2567 618 2639 γνῶτε,
645 2567 814 2636 ἔθνη,
849 2566 948 2619 καὶ
1002 2563 1286 2635 ἡττᾶσθε.
1319 2566 1429 2618 Kal
1458 2565 1706 2638 γύρωθεν
1739 2565 1834 2620 τοῦ
1887 2567 2146 2640 Βὴματος
2207 2567 2322 2641 ἔχει
2381 2568 2636 2631 κολόναις
2669 2566 2754 2640 ιβ’,
2819 2569 2917 2622 καὶ
2984 2568 3251 2622 ἀποπάνω
3292 2565 3590 2638 κανδήλαις
3625 2567 3687 2628 δ’,

411 2661 592 2715 Ἐκείν
623 2654 764 2712 εἶναι
794 2659 823 2712 6
857 2656 1047 2728 Θρόνος
1075 2655 1170 2712 τοῦ
1203 2657 1570 2729 πατριάρχου.
1627 2659 1872 2727 Φέγγουν
1943 2657 2042 2713 καὶ
2095 2659 2310 2733 ὀμπρός
2358 2663 2437 2727 είς
2481 2660 2580 2732 τὴν
2620 2661 2784 2728 ἁγίαν
2832 2659 3116 2732 τράπεζαν
3149 2658 3448 2729 κανδήλαις
3493 2657 3563 2722 λ’,
3597 2655 3692 2711 καὶ

412 2755 450 2826 ἡ
488 2754 616 2823 ἁγία
649 2751 900 2823 τράπεζα
959 2751 1075 2806 έναι
1115 2752 1464 2823 σκεπασμένη
1513 2752 1582 2823 μὶ
1635 2753 1800 2808 τέντα
1851 2754 2187 2827 πλουμιστῆ.
2234 2754 2499 2810 Ὀπισθεν
2563 2753 2659 2808 τοῦ
2711 2753 2864 2824 ἁγίου
2916 2754 3162 2825 βήματος
3192 2748 3332 2807 εἶναι
3369 2755 3408 2827 η
3467 2749 3694 2824 φυλακὴ

413 2848 509 2904 τοῦ
540 2843 781 2918 Χριστοῦ
828 2842 1022 2914 ἀπέχει
1055 2842 1162 2897 ἀπὸ
1179 2844 1239 2896 τὸ
1260 2843 1414 2912 ἅγιον
1432 2844 1584 2914 βῆμα
1603 2846 1761 2898 πόδια
1791 2842 1877 2900 ιε’.

473 2967 547 3021 .2.
609 2964 784 3020 Distat
826 2977 857 3015 a
898 2968 1101 3016 sancto
1159 2960 1429 3030 sepulcro,
1467 2961 1746 3017 meridiem
1775 2977 1990 3032 versus,

2171 2962 2237 3034 β’.
2267 2965 2362 3028 Είς
2395 2964 2584 3019 στάδια
2613 2963 2658 3018 δ’
2681 2964 2789 3018 ἀπὸ
2819 2965 2910 3019 τὸν
2939 2929 3100 3033 ἆγιον
3125 2965 3301 3035 τάφον
3333 2966 3694 3038 μεθημερινὰ

420 3060 620 3117 domus
655 3054 819 3110 David
843 3051 1033 3109 stadiis
1064 3062 1296 3121 quatuor
1322 3067 1336 3117 ;
1365 3061 1448 3106 est
1479 3052 1645 3107 turris
1673 3069 1833 3123 quam
1883 3072 2000 3108 ma-

422 3153 591 3214 xima,
628 3150 681 3203 in
713 3162 817 3217 qua
846 3145 1189 3200 concinnavit
1215 3143 1551 3214 psalterium.
1579 3144 1720 3201 Dicit
1751 3157 1942 3202 auctor
1983 3165 1999 3203 :

417 3245 496 3301 «In
532 3245 685 3298 domo
713 3239 882 3294 David
907 3247 1070 3292 metu:
1097 3237 1298 3307 ingens,
1327 3245 1379 3291 et
1404 3237 1530 3292 alibi
1558 3255 1572 3291 ι
1602 3238 1880 3293 Terribilia
1909 3239 2003 3309 ﬁni

399 3338 742 3399 .Jraduntur,
775 3343 829 3388 et
857 3347 976 3402 quae
1005 3340 1331 3400 sequuntur.
1364 3329 1416 3384 In
1448 3345 1509 3384 ea
1543 3331 1793 3386 Christus
1821 3347 2001 3387 sessu-

427 3424 532 3485 ειιέ
549 3437 653 3492 est,
696 3435 749 3481 et
783 3423 1046 3479 mundum
1089 3421 1456 3491 iudicaturus,
1496 3428 1549 3474 et
1585 3419 1776 3490 igneus
1810 3419 2006 3476 ﬂuvius

399 3533 716 3591 “pinnarum
749 3514 1050 3570 ellluxurus
1085 3527 1101 3568 :
1138 3512 1367 3581 ideoque
1417 3511 1572 3566 vallis
1616 3511 2004 3581 Lacrymarum

427 3618 783 3682 nuncupatur
815 3624 829 3661 :
861 3607 1037 3676 justos
1061 3603 1230 3667 enim,
1261 3617 1398 3673 quos
1428 3601 1497 3657 de
1530 3602 1693 3659 rebus
1719 3601 1858 3658 actis
1884 3618 2006 3675 pte-

417 3705 616 3768 .nituit,
652 3701 873 3758 vocabit
912 3701 966 3754 in
1013 3713 1241 3769 regnum
1275 3696 1572 3764 caelorum;
1607 3697 1659 3751 in
1695 3708 2009 3765 peccatores

413 3798 571 3868 .ignis
610 3792 920 3873 ell‘undetur
979 3805 1012 3845 e
1063 3790 1222 3844 domo
1270 3787 1464 3852 David,
1509 3799 1564 3842 et
1607 3802 1704 3844 eos
1726 3788 2006 3844 amburet.

429 3889 550 3943 Non
590 3886 819 3940 multum
873 3882 941 3937 ab
975 3895 1036 3936 ea
1072 3879 1238 3934 distat
1267 3879 1657 3935 monasterium
1689 3877 2010 3949 .sanctiJa-

414 3980 549 4038 τοοὺὶ
579 3976 960 4048 Adclphotbei.
988 3975 1224 4029 Tenetur
1243 3973 1313 4027 ab
1329 3972 1602 4028 Armeuis.
1637 3972 1872 4044 Indeque
1902 3988 2008 4029 non

434 4074 604 4128 multo
647 4070 928 4126 intervallo
957 4075 1261 4138 sequuntur
1292 4063 1682 4121 mdeshannis
1708 4065 1963 4138 Theologi
1992 4085 2007 4122 :

427 4181 536 4220 nec
563 4165 732 4219 multo
761 4172 880 4232 post
905 4159 1185 4229 templum,
1214 4156 1608 4212 exaediﬁcatum
1631 4172 1661 4212 a
1695 4159 2008 4226 Salomone,

428 4270 620 4313 sancta
654 4255 807 4319 Sion,
831 4263 1003 4306 mater
1033 4251 1416 4304 Ecclesiarum.

2103 3051 2244 3111 εἶναι
2267 3057 2300 3108 ό
2331 3052 2483 3120 οἰκος
2528 3055 2621 3111 τοῦ
2656 3056 2822 3111 Δαόίδ
2845 3074 2862 3090 ο
2897 3057 3017 3112 ἐστι
3061 3056 3120 3112 δὲ
3154 3057 3519 3129 παμμέγεθος
3548 3058 3695 3129 πύρ-

2103 3166 2201 3218 γος
2231 3147 2325 3202 τοῦ
2356 3150 2522 3202 Δαυῖδ
2540 3167 2554 3182 ο
2584 3149 2682 3204 καὶ
2710 3151 3055 3222 ὲκεῖῆρμοσε
3079 3149 3142 3203 τὸ
3167 3149 3466 3220 ψαλτήριον
3491 3166 3507 3183 ’
3536 3151 3694 3220 λέγε-ι

2105 3242 2200 3295 καὶ
2223 3243 2250 3295 6
2288 3242 2543 3313 ποιητὴς,
2578 3242 2708 3296 Ἐπί
2737 3237 2906 3297 οἶκον
2937 3240 3117 3296 Δαυῒδ
3137 3243 3327 3311 φόϐος
3347 3241 3561 3313 μέγας,
3593 3244 3694 3298 καὶ

2104 3334 2336 3405 ἀλλαχοῦ
2374 3334 2553 3402 λέγει·
2594 3337 2670 3390 Τὰ
2690 3336 2912 3404 φοϐερὰ
2936 3336 3465 3405 τελεσιουργεῖται,
3502 3336 3600 3391 καὶ
3624 3338 3692 3391 τὰ

2107 3427 2261 3496 ἑξῆς.
2293 3429 2404 3480 Kal
2426 3429 2526 3482 ἀπ’
2550 3427 2718 3482 αὑτοῦ
2758 3428 2945 3499 μέλλει
2978 3429 3204 3483 καθίσαι
3237 3432 3266 3482 6
3295 3430 3552 3500 Χριστὸς,
3594 3431 3693 3485 καὶ

2107 3521 2296 3590 κρίναι.
2335 3520 2429 3575 τὸν
2458 3520 2687 3591 κόσμον.
2720 3521 2832 3575 Kal
2859 3518 2971 3575 ἀπὸ
3002 3519 3135 3584 τοὺς
3171 3521 3342 3584 πόδας
3380 3537 3474 3575 του
3499 3522 3571 3576 va
3600 3520 3695 3586 ζυ-

2108 3614 2271 3684 χήσει
2308 3616 2336 3668 6
2381 3614 2610 3687 πύρινος
2649 3615 2896 3685 ποταμὸς
2930 3615 3033 3686 τῆς
3067 3614 3346 3680 κολάσεως
3393 3616 3488 3669 καὶ
3524 3619 3695 3670 κοντα

2110 3709 2193 3772 εἰς
2224 3707 2318 3761 τὸν
2350 3704 2503 3761 οἶκον
2536 3707 2633 3762 τοῦ
2658 3708 2827 3761 Δαυῒδ
2863 3703 3006 3762 εἷναι
3042 3709 3076 3778 ἡ
3119 3707 3349 3763 κοιλάδα
3381 3707 3475 3762 τοῦ
3511 3709 3694 3763 Κλαυ-

2111 3797 2354 3867 θμῶνος.
2381 3800 2495 3854 Kal.
2520 3799 2608 3854 διὰ
2634 3798 2797 3853 τοῦτο
2840 3798 3061 3868 λέγεται
3089 3800 3286 3865 οὕτως,
3320 3801 3402 3854 ότι
3436 3803 3560 3864 τοὺς
3595 3802 3692 3870 μὲν

2109 3887 2355 3953 δικαίους
2394 3890 2616 3944 καλέσει
2659 3893 2743 3953 είς
2796 3893 3095 3960 μετάνοιαν
3145 3892 3227 3955 είς
3265 3891 3365 3961 τὴν
3407 3892 3690 3963 βασιλείαν

2109 3980 2221 4033 τῶν
2253 3980 2540 4054 οὐρανῶνο
2579 3984 2662 4046 είς
2696 3981 3059 4052 ἁμαρτωλοὺς
3095 3982 3154 4035 δὲ
3187 3981 3300 4054 πῦρ
3323 3983 3686 4054 ἐκχυθήσεται

2112 4072 2223 4126 ἀπὸ
2250 4074 2343 4128 τὸν
2385 4070 2538 4128 οἷκον
2575 4074 2761 4140 Δαυ⁴ἰδ⁹
2814 4075 2901 4129 ἵνα
2945 4074 3288 4129 κατακαύσει
3331 4075 3556 4138 αὐτούς·
3597 4075 3688 4128 καὶ

2115 4165 2421 4236 παρακάτω
2472 4166 2656 4235 ὀλίγον
2692 4162 2836 4220 εἶναι
2878 4167 2940 4220 τὸ
2995 4170 3362 4239 μοναστήριον
3394 4168 3490 4221 τοῦ
3530 4167 3686 4236 ἁγίου

2127 4256 2388 4312 Ἰακώϐου
2416 4257 2508 4311 τοῦ
2541 4257 2916 4327 Ἀδελφοθέου.
2937 4258 3044 4311 Ka‘:
3063 4258 3220 4328 ἔχουν
3243 4276 3304 4313 το
3331 4259 3683 4330 οίἈρμένιοι.

436 4352 547 4405 Kal
575 4351 810 4418 παρεκεῐ
853 4344 1034 4412 ὀλίγον
1080 4338 1222 4396 εἶναι
1277 4344 1345 4398 τὰ
1378 4344 1568 4398 σπίτια
1600 4345 1695 4399 τοῦ
1748 4345 1997 4402 Ἰωάννου
2037 4345 2132 4401 τοῦ
2175 4348 2465 4418 Θεολόγου.
2497 4351 2606 4405 Kal
2664 4353 2900 4422 παρεκεῐ
2955 4350 3137 4421 ὀλίγον
3163 4346 3304 4407 εῖναι
3331 4354 3509 4416 ὀναὸς
3557 4353 3683 4407 ὀποῦ

435 4449 654 4502 ἔκτισεν
697 4446 725 4496 ὀ
779 4441 1070 4512 Σολωμὼν,
1133 4439 1167 4510 ἡ
1219 4439 1348 4508 ἁγία
1388 4437 1548 4507 Σιὼν,
1594 4442 1628 4511 ἡ
1682 4442 1864 4512 μήτηρ
1900 4442 2012 4497 τῶν
2062 4443 2419 4518 Ἐκκλησιῶν.

505 4563 561 4618 ὅ.
591 4561 646 4614 ln
675 4561 814 4614 dicta
846 4556 1011 4612 Sioue
1040 4556 1229 4611 visitur
1267 4556 1508 4626 Deiparae
1559 4568 1614 4614 et
1644 4561 1815 4615 sancti
1849 4559 1999 4615 Joan-

2188 4570 2259 4633 γ’.
2318 4565 2495 4619 Αὑτοῦ
2543 4567 2624 4630 εἰς
2652 4567 2753 4639 τὴν
2806 4566 2968 4636 ἁγίαν
3001 4567 3142 4620 Σιὼν
3189 4564 3326 4622 εἶναι
3358 4568 3388 4621 6
3414 4564 3560 4632 οίκος
3589 4568 3683 4637 τῆς

437 4661 527 4716 nis
555 4659 596 4712 Τ
605 4655 815 4724 heologi
857 4656 1066 4710 domus.
1094 4653 1175 4707 .lbi
1218 4652 1456 4709 Joannes
1491 4655 1691 4723 recepit
1731 4655 2011 4724 Deiparam

445 4758 497 4808 in
534 4769 650 4807 sua.
691 4751 747 4802 lu
804 4750 962 4802 demo
1003 4745 1232 4815 Virginis
1285 4745 1422 4800 facta
1467 4756 1551 4801 est
1580 4761 1732 4802 cmna
1765 4751 2013 4819 mystica,

436 4858 498 4901 et
531 4845 831 4905 lavacrum,
879 4848 935 4892 et
972 4839 1250 4892 descendit
1291 4837 1529 4908 Spiritus
1563 4852 1786 4894 sanctus
1819 4843 2014 4910 linguis

444 4939 617 5008 igneis
647 4935 699 4988 in
733 4940 950 4986 sanctos
977 4930 1273 5000 apostolos.
1301 4929 1376 4985 lbi
1404 4930 1632 4999 Deipara
1666 4931 2013 5000 obdormivit,

442 5047 497 5091 et
534 5036 903 5088 convenerunt
957 5026 1212 5094 apostoli,
1259 5043 1423 5097 super
1477 5030 1649 5084 nubes
1688 5029 1918 5091 devecti,
1965 5039 2020 5084 el.

444 5123 795 5184 Gethsemani
833 5121 993 5175 funus
1024 5129 1298 5174 curarunt.
1329 5119 1531 5175 Ibidem
1569 5132 1744 5176 exstat
1791 5132 1842 5175 et
1883 5123 2020 5177 alius

443 5216 649 5272 Christi
710 5226 918 5267 carcer.
964 5211 1163 5264 Ibidem
1228 5212 1562 5282 paralyticus
1603 5223 1706 5277 est,
1748 5213 1839 5281 qui
1876 5213 2020 5265 cola-

448 5311 615 5379 phum
650 5305 865 5360 Christo
924 5304 1166 5373 impegit.
1221 5301 1358 5357 Tum
1396 5305 1697 5374 sepulcrum
1734 5304 2021 5374 propheta-

440 5418 590 5465 rum,
637 5398 858 5452 Davidis
894 5406 947 5452 et
982 5395 1310 5463 Salomonis,
1359 5405 1411 5449 et
1455 5397 1682 5451 senioris
1722 5396 2018 5460 Simeonis,

446 5489 946 5563 tat-protomartyris
979 5488 1261 5558 Stephani.
1291 5487 1604 5558 Visiturque
1633 5489 1829 5543 ibidem
1859 5489 2018 5558 lapis,

437 5600 609 5655 quem
661 5581 884 5652 angelus
931 5595 965 5636 e
1022 5590 1206 5635 tuente
1262 5582 1394 5637 Sina
1451 5581 1686 5636 devexit.
1709 5579 1881 5650 Lapis
1937 5591 2021 5637 est

450 5675 748 5746 nigricans,
783 5671 1100 5734 versicolor,
1133 5680 1391 5743 tantaque
1423 5675 1814 5744 magnitudine,
1849 5688 2021 5742 quan-

453 5780 568 5825 tam
620 5772 778 5824 homo
810 5765 952 5821 ulnis
1004 5767 1260 5834 expansis
1306 5766 1549 5833 amplecti
1609 5765 1804 5821 valeat.
1851 5766 2019 5822 Distat

2120 4657 2410 4724 Θεοτόκου,
2464 4660 2693 4714 καὶτοῦ
2744 4661 2901 4729 ἁγίου
2947 4660 3199 4714 Ἰωάννου
3255 4661 3349 4713 τοῦ
3403 4662 3679 4730 Θεολόγου.

2120 4751 2296 4804 Αὑτοῦ
2343 4751 2682 4822 ὲπαρέλαὸεν
2725 4757 2826 4822 τὴν
2856 4752 3118 4807 Θεοτὸκον
3161 4755 3187 4807 6
3225 4754 3478 4822 Ἰωάννης
3509 4758 3586 4818 είς
3623 4757 3684 4808 τὰ

2123 4846 2250 4900 ίδια.
2285 4845 2483 4910 Καθὼς
2523 4847 2675 4915 λέγει
2717 4847 2746 4899 6
2803 4846 3241 4914 Εὐαγγελιστὴςο
3274 4848 3485 4913 Γύναι,
3539 4849 3625 4902 ἴδε
3657 4851 3685 4900 ό

2122 4939 2250 5004 υἱός
2282 4953 2400 4992 σου
2424 4954 2437 4968 ⁸
2492 4939 2693 5006 ὁμοίως
2723 4939 2818 4990 καί
2860 4938 2952 4990 τὸν
2985 4936 3239 5009 μαθητήν
3266 4955 3280 4970 ·
3323 4939 3468 4993 Ἰδοὺ
3503 4940 3540 5008 ἠ
3581 4939 3684 5010 μή-

2111 5045 2232 5096 τηρ
2264 5045 2408 5084 σου.
2462 5030 2570 5083 Kal
2622 5028 2814 5081 ἐλαϐεν
2861 5029 3034 5098 αὐτὴν
3083 5031 3164 5093 είς
3202 5031 3270 5084 τά
3309 5030 3434 5085 ἴδια.
3473 5033 3562 5094 Εἰς
3597 5034 3684 5100 τὴν

2122 5121 2287 5188 ἁγίαν
2350 5119 2514 5184 Σιὼν,
2549 5122 2630 5183 είς
2687 5120 2779 5172 τὸν
2814 5117 2963 5173 οἷκον
3008 5121 3106 5189 τῆς
3166 5120 3432 5176 Θεοτόκου
3483 5124 3684 5194 ὲγίνηό

2118 5213 2332 5274 δεῖπνος
2353 5215 2378 5265 ὀ
2407 5213 2671 5283 μυστικὸς
2705 5213 2800 5264 καὶ
2845 5213 2871 5265 6
2922 5215 3216 5283 νιπτῆρας.
3249 5212 3424 5266 Αὐτοῦ
3456 5213 3682 5282 ἐκατέόη

2119 5305 2182 5359 τὸ
2232 5306 2387 5374 ἅγιον
2449 5306 2672 5375 Πνεῦμα
2724 5305 2816 5357 ἐπὶ
2849 5308 2974 5366 τοὺς
3025 5305 3214 5373 ἁγίους
3257 5305 3592 5369 ἀποστόλους
3632 5309 3684 5359 ὲν

2127 5401 2384 5470 πυρίναις
2443 5399 2740 5467 γλώσσαις.
2803 5396 2977 5451 Αὑτοῦ
3021 5397 3290 5468 ἐκοιμήθη
3337 5401 3370 5469 ἡ
3405 5400 3681 5463 Θεοτὸκος,

2125 5494 2220 5545 καὶ
2282 5493 2658 5563 ὲσυνάχθησαν
2712 5493 2763 5547 oi
2816 5491 3104 5545 ἀπόστολοι
3145 5491 3251 5544 ὑπὸ
3293 5492 3555 5560 νεφελῶν,
3598 5493 3679 5544 καὶ

2125 5582 2425 5652 ἐκήδευσαν
2453 5584 2512 5635 τὸ
2537 5583 2706 5653 αὐτῆς
2731 5584 2886 5652 σῶμα
2917 5583 2996 5645 εἰς
3026 5580 3355 5653 Γεθσημανῆ
3381 5581 3443 5634 τὸ
3473 5586 3681 5654 χωρίον.

2123 5674 2299 5727 Αὑτοῦ
2343 5677 2423 5736 εἰς
2465 5674 2564 5744 τὴν
2593 5675 2757 5739 ἁγίαν
2790 5673 2929 5728 Σιὼν
2969 5672 3091 5725 έναι
3139 5673 3306 5745 ἑτέρα
3351 5673 3566 5744 φυλακὴ
3596 5673 3682 5725 τοῦ

2121 5768 2378 5841 Χριστοῦ.
2434 5768 2611 5823 Αὑτοῦ
2665 5768 2781 5823 Eva:
2834 5769 2861 5820 6
2919 5765 3237 5838 Παράλυτος
3297 5767 3546 5839 ῥάπισμα
3595 5765 3678 5820 τοῦ
