4004 6206
373 343 480 412 977

1640 354 1737 416 DE
1767 351 1981 418 LO'CIS
2019 355 2104 416 SA
2118 355 2290 417 NCTI
2302 358 2364 420 S.

3524 358 3643 420 973‘

373 465 615 532 Χριστου
643 484 656 498 ·
687 467 851 522 αὐτοῦ
890 468 1008 524 έναι
1046 472 1074 524 6
1114 486 1285 541 ταφος
1323 468 1432 524 τῶν
1465 471 1765 542 προφητῶν
1795 473 1961 527 Δαυὶδ

2073 473 2196 528 Sion
2249 491 2275 526 a
2313 487 2468 526 sacro
2500 469 2750 540 sepulcro
2800 467 2943 543 mille
2991 484 3197 540 passus.
3251 467 3392 524 infra
3441 470 3637 526 stadiis

377 559 476 612 καὶ
510 558 786 632 Σολομὼν,
837 562 932 615 καὶ
963 563 1059 616 τοῦ
1100 563 1410 634 πρεσϐύτου
1443 563 1694 636 Συμεῶν,
1734 564 1829 618 καὶ
1859 564 1951 618 τοῦ

376 652 851 724 πρωτομάρτυρος
895 656 1196 725 Στεφάνου.
1233 655 1410 710 Αὐτοῦ
1458 655 1578 710 Eva:
1621 656 1768 721 λίθος
1812 655 1952 712 ὀποῦ

376 744 474 796 τὸν
523 743 718 814 ἔφερεν
748 748 778 800 6
821 745 1056 817 ἄγγελος
1104 748 1211 803 ἀπὸ
1241 749 1334 803 τοῦ
1390 749 1521 803 Σινᾶ
1568 749 1752 820 ὅρους,
1784 751 1880 804 καὶ
1918 752 1951 820 ἡ

375 833 518 905 δχρα
567 837 668 906 τῆς
724 838 928 908 πέτρας
981 835 1124 894 εἶναι
1186 840 1413 914 κυνωπῆ
1475 842 1822 914 πλουμιστῆ⁸
1861 843 1957 897 καὶ

376 922 523 980 εἶναι
579 928 792 1001 μεγάλη
843 926 986 984 ὥστε
1034 933 1100 987 νά
1132 934 1233 1004 τὴν
1278 933 1601 1004 ἁναμανίσει
1641 935 1954 1006 ἄνθρωπος.

391 1016 612 1087 Ἀπέχει
645 1019 752 1073 ἀπὸ
782 1020 873 1074 τὸν
904 1022 1059 1090 ἅγιον
1084 1023 1256 1094 τάφον
1288 1026 1474 1096 ἠὰγία
1496 1025 1635 1080 Σιὼν
1668 1027 1848 1096 μίλιον
1875 1032 1946 1081 a'.

388 1108 518 1161 Ἀπ’
539 1110 705 1164 αὐτοῦ
734 1116 830 1167 καὶ
862 1114 1112 1169 κάτωθεν
1141 1120 1331 1171 στάδια
1357 1116 1420 1185 δ’,
1462 1118 1579 1173 Eva:
1599 1121 1626 1173 6
1657 1119 1826 1188 ἁγρδς
1860 1117 1953 1172 τοῦ

385 1200 694 1272 Κεραμέως
717 1203 797 1267 είς
825 1205 1003 1276 ταφὴν
1030 1208 1144 1270 τοῖς
1175 1206 1348 1275 ξένοις
1369 1222 1384 1238 ⁸
1412 1209 1508 1263 καὶ
1539 1211 1658 1262 ἐκεῖ
1688 1209 1956 1263 θάπτουσι

373 1293 505 1356 τοὺς
531 1295 864 1368 καλογέρους
891 1299 1056 1370 μέχρι
1097 1302 1361 1371 σήμερον,
1398 1302 1494 1356 καὶ
1523 1303 1605 1367 είς
1637 1302 1819 1373 κρίσιν
1853 1301 1958 1356 οὐκ

377 1384 657 1456 ἔρχονται.
703 1389 928 1461 Ἀπέχει
960 1395 1069 1447 ἀπὸ
1127 1393 1222 1446 τοῦ
1257 1393 1413 1462 ἁγίου
1448 1394 1623 1463 τάφου
1677 1392 1855 1462 μίλιον
1887 1390 1958 1447 α’.

384 1478 700 1548 Παρακάτω
718 1477 858 1538 εἶναι
890 1483 950 1536 τὸ
985 1485 1203 1557 πηγάδη
1231 1486 1325 1539 τοῦ
1356 1486 1568 1540 δικαίου
1616 1482 1738 1538 ’1ώῦ
1763 1499 1777 1513 ⁸
1811 1501 1959 1554 παρ-

2065 574 2300 638 quatuor
2323 574 2408 622 est
2436 579 2565 636 ager
2605 562 2800 634 Figuli,
2841 564 2934 633 qui
2975 563 3295 632 sepeliendis
3337 564 3636 633 peregrinis

2064 657 2300 713 deservit
2336 672 2351 710 :
2390 655 2444 710 in
2474 670 2648 725 eoque
2702 655 2769 710 ad
2797 655 2942 710 hunc
2969 653 3109 709 diem
3156 653 3449 708 monachos
3479 666 3634 723 sepeo

2068 749 2224 814 liunt,
2262 757 2318 804 et
2369 748 2422 804 in
2457 747 2721 819 Iudicium
2758 763 2864 803 non
2902 747 3141 802 veniunt.
3184 746 3409 801 Distata
3442 754 3635 800 sancto
3722 779 3725 784 ι

2064 842 2319 914 sepulcro
2348 842 2497 899 mille
2527 858 2738 912 passus.
2777 840 2921 897 lnl‘ra
2968 849 3052 896 est
3077 839 3208 911 justi
3245 837 3365 895 Jobi
3419 845 3632 907 puteus,

2061 934 2332 1006 pauloque
2383 950 2570 1005 supra,
2615 949 2807 990 versus
2842 931 3179 994 Jerusalem,
3219 931 3365 1001 jacet
3409 929 3637 986 Siloami

2061 1027 2290 1097 piscina,
2326 1027 2390 1082 ad
2437 1042 2597 1095 quam
2653 1041 2849 1081 caecum
2901 1025 3138 1080 lavatum
3184 1023 3331 1078 misit
3364 1022 3638 1088 Christus,

2059 1132 2180 1172 cum
2224 1118 2402 1172 dixit:
2434 1118 2554 1183 Abi,
2600 1128 2649 1173 et
2679 1117 2855 1174 lavare
2896 1119 2952 1174 in
2983 1117 3188 1173 Siloam
3215 1117 3272 1183 ²;
3305 1123 3383 1180 et,
3424 1131 3548 1171 cum
3583 1129 3641 1169 se

2064 1207 2307 1272 lavisset,
2337 1208 2487 1264 vidit.
2517 1208 2694 1265 Distat
2719 1225 2748 1263 a
2784 1224 2942 1265 sacro
2973 1207 3222 1280 sepulcro
3256 1203 3402 1260 mille
3426 1219 3641 1274 passus.

2065 1296 2133 1352 Et
2159 1315 2342 1369 supra,
2379 1301 2574 1356 stadiis
2608 1310 2865 1371 quatuor,
2920 1301 3116 1358 visitur
3147 1298 3332 1356 Jacobi
3365 1297 3638 1364 Adelphov

2069 1391 2177 1446 thei
2213 1403 2646 1460 monumentum,
2694 1409 2854 1465 quem
2889 1393 3082 1460 Judaei,
3119 1408 3151 1449 e
3178 1389 3468 1463 pinnacnlo
3506 1397 3641 1444 tem-

2067 1481 2139 1550 pli
2173 1483 2492 1553 projectum,
2519 1487 2856 1543 occiderunt.
3617 1475 3620 1478 ’

375 1573 577 1627 απάνω
631 1573 798 1628 αὑτοῦ
850 1576 989 1646 πρὸς
1035 1577 1136 1648 τὴν
1199 1578 1556 1648 Ἰερουσαλὴμ
1615 1576 1732 1632 Eva:
1793 1574 1887 1629 τοῦ
1959 1574 2181 1647 Σιλωὰμ
2239 1577 2272 1646 ἡ
2343 1577 2721 1651 κολυμϐήθρα,
2776 1583 2912 1634 ὅπου
2974 1579 3352 1634 άπέστειλενδ
3399 1575 3637 1648 Χριστὸς

376 1663 472 1716 τὸν
502 1664 723 1731 τυφλὸν,
751 1666 847 1720 καὶ
891 1663 1070 1735 εἶπεν,
1128 1665 1383 1738 ’Υπαγε,
1434 1671 1608 1738 νίψαι
1666 1670 1754 1733 εὶς
1788 1664 1894 1720 τὸν
1937 1665 2199 1736 Σιλωὰμ,
2249 1669 2341 1722 καὶ
2385 1667 2682 1741 νιψάμενος
2741 1671 3074 1740 ἀπέϐλεψεν.
3121 1671 3344 1742 Ἀπέχει
3413 1669 3520 1722 ἀπὸ
3547 1667 3640 1720 τδν

380 1761 540 1829 ἆγιον
571 1763 739 1832 τάφον
770 1765 952 1833 μίλιον
986 1764 1059 1821 α’.
1088 1767 1407 1836 Παραπάνω
1451 1767 1644 1822 στάδιοι
1668 1766 1708 1818 δ’
1739 1763 1856 1818 Eva:
1893 1762 1956 1816 :6
2001 1767 2269 1835 μνημεῖον
2330 1767 2425 1821 τοῦ
2460 1767 2721 1824 Ἰακώϐου
2753 1769 2846 1823 τοῦ
2912 1767 3292 1839 ’Ᾱδελφοθέου,
3337 1765 3521 1830 καθὼς
3547 1765 3640 1822 τὸν

380 1859 616 1931 ἔρριψαν
656 1861 705 1914 0i
738 1861 986 1917 Ἰουδαῖοι
1017 1864 1126 1918 ἀπὸ
1168 1865 1228 1919 :6
1266 1865 1556 1935 πτερύγιον
1591 1863 1685 1919 τοῦ
1723 1860 1895 1932 ἱεροῦ,
1936 1859 2032 1912 καὶ
2079 1861 2410 1919 ἀπέκτειναν
2438 1866 2620 1922 αὐτόν.

455 1950 522 2006 δ’.
567 1952 630 2006 'H
657 1955 713 2008 δὲ
748 1955 889 2010 κατὰ
919 1958 1191 2023 ἀνατολὰς
1213 1958 1308 2012 τοῦ
1331 1959 1491 2028 ἁγίου
1520 1960 1694 2030 τάφου
1729 1959 1834 2025 ἔξω
1860 1960 1960 2027 τῆς

2132 1957 2186 2013 4.
2221 1957 2386 2014 Extra
2417 1961 2632 2024 urbem,
2662 1977 2856 2018 versus
2877 1962 3145 2018 orientem
3174 1961 3348 2018 sancti
3383 1961 3642 2030 sepulcri,

384 2045 597 2110 πολέως
628 2042 768 2102 εἶναι
796 2049 856 2102 :6
887 2050 1238 2124 Γεθσημανῆ,
1277 2053 1411 2108 ὀποῦ
1453 2053 1570 2109 έναι
1606 2057 1634 2110 6
1660 2054 1833 2123 τάφος
1860 2056 1962 2124 τῆς

2073 2057 2146 2103 est
2171 2047 2556 2115 Gethsemane,
2615 2054 2665 2107 in
2718 2069 2826 2123 quo
2879 2066 2963 2110 est
3010 2053 3318 2125 sepulcrum
3378 2053 3640 2120 Deiparm,

383 2139 674 2196 Θεοτὸκου.
705 2143 818 2197 Καὶ
847 2144 874 2196 6
899 2144 1024 2207 ναὸς
1056 2143 1171 2200 Eva:
1212 2145 1280 2218 μὲ
1308 2150 1370 2202 :6
1398 2148 1560 2221 δόμα,
1586 2151 1681 2204 καὶ
1722 2151 1756 2221 ἠ
1782 2150 1964 2223 ὡραία

2073 2142 2272 2199 habens
2323 2147 2466 2200 mdes
2516 2163 2780 2204 annexas.
2831 2149 2987 2203 Porta
3043 2150 3288 2218 speciosa
3335 2147 3500 2202 habet
3548 2163 3641 2201 cu-

386 2230 536 2302 ’πύλη
579 2231 692 2304 ἔχει
725 2234 974 2301 κολόναις
1008 2240 1422 2310 μαρμαρεῖναις
1464 2239 1537 2312 η’,
1576 2242 1672 2296 καὶ
1701 2242 1965 2298 κατεϐαί-

2073 2233 2280 2292 lumnas
2312 2253 2644 2295 marmoreas
2673 2250 2820 2304 octo,
2865 2251 2940 2306 et,
2974 2256 3096 2296 cum
3127 2241 3480 2296 descenderis
3516 2254 3641 2307 gra-

385 2340 486 2389 νης
521 2324 675 2377 κάτω
703 2325 963 2381 σκαλόνια
995 2335 1109 2401 μην,
1142 2330 1238 2384 κοιλ⁸
1267 2331 1532 2403 εὐρίσκης
1562 2332 1653 2387 τὸν
1683 2333 1834 2397 ναὸν,
1866 2335 1964 2389 καὶ

386 2418 470 2478 εἰς
505 2417 566 2471 :6
612 2419 777 2488 μέσον
805 2421 899 2473 τοῦ
936 2423 1064 2476 ναοῦ
1120 2418 1262 2478 εἶναι
1299 2425 1652 2481 κουόούκλιον
1684 2427 1961 2499 πέτρινον,

389 2509 488 2562 καὶ
517 2510 683 2580 μέσον
713 2512 806 2566 τοῦ
841 2515 1196 2570 κουσουκλίου
1234 2514 1379 2571 εἶναι
1415 2521 1444 2572 6
1475 2520 1629 2588 ἅγιος
1669 2523 1839 2592 τάφος
1866 2526 1964 2595 τῆς

390 2600 660 2655 Ηεοτόκου
735 2606 1109 2676 μαρμαρέῖνος
1171 2607 1382 2673 λευκὸς,
1435 2611 1802 2681 ὠραιώτατος.
1856 2617 1966 2669 Καὶ

389 2694 727 2764 κρέμουνται
776 2697 1070 2769 κανδήλαες
1109 2706 1201 2770 ιη’.
1229 2702 1406 2756 Αὑτοῦ
1441 2704 1554 2775 ἔχει
1599 2706 1728 2774 μίαν
1758 2707 1965 2780 πόρταν

387 2786 777 2859 κεκλεισμένη.
813 2791 923 2844 Καὶ
949 2794 1014 2863 τῇ
1048 2793 1280 2867 δευτέρᾳ
1314 2797 1588 2869 παρουσίᾳ
1629 2799 1722 2852 τοῦ
1756 2802 1964 2871 Κυρίου

2066 2327 2167 2382 dus
2219 2330 2574 2400 quadraginta
2607 2342 2754 2395 octo,
2792 2333 3046 2403 templum
3100 2331 3327 2401 reperis,
3361 2341 3415 2385 et
3447 2331 3499 2384 in
3533 2345 3646 2383 me-

2067 2417 2159 2471 dio
2193 2419 2390 2489 templo
2419 2421 2725 2477 cubiculum
2759 2424 3046 2493 lapideum,
3097 2433 3150 2478 et
3197 2422 3252 2477 in
3287 2421 3466 2476 medio
3493 2420 3646 2475 cubi-

2070 2508 2192 2561 culo
2253 2518 2499 2564 sanctum
2541 2512 2851 2580 sepulcrum
2918 2512 3187 2583 Deiparas,
3251 2525 3642 2576 marmoreum,

2068 2601 2379 2669 candidum,
2404 2605 2829 2673 pulcherrimum
2864 2625 2879 2661 :
2917 2608 3258 2677 pendentque
3304 2606 3358 2661 in
3402 2621 3468 2660 eo
3505 2605 3641 2659 lam-

2069 2696 2232 2761 pades
2268 2697 2587 2753 octodecim.
2623 2699 2828 2753 Ibidem
2864 2699 3071 2768 adjacet
3119 2699 3286 2769 janua
3340 2698 3545 2760 clausa.
3578 2713 3640 2752 ex

2069 2801 2198 2855 qua,
2231 2790 2471 2845 secundo
2503 2790 2702 2845 Christi
2754 2776 3009 2857 adventu,
3048 2792 3191 2848 foras
3224 2806 3537 2847 emersurus
3564 2801 3647 2844 est

389 2880 581 2949 μέλλει
611 2881 676 2935 νά
723 2884 865 2955 ῥυγῇ
901 2885 930 2938 6
985 2886 1214 2957 πύρινος
1253 2891 1502 2960 ποταμὸς
1529 2892 1618 2946 διὰ
1652 2894 1780 2959 τοὺς
1813 2897 1965 2964 αἱρε-

2073 2881 2262 2950 igneus
2313 2881 2507 2938 ﬂuvius
2555 2885 2816 2940 adversus
2862 2886 3145 2944 haereticos
3186 2896 3240 2940 et
3307 2894 3644 2954 peccatores,

384 2975 599 3041 τικοὺς,
663 2976 760 3031 καὶ
813 2979 1196 3050 ἁμαρτωλοὺς,
1247 2983 1394 3047 ὅπως
1445 2986 1545 3056 τὴν
1583 2986 1964 3058 βλασφημοῦν.

2073 2975 2162 3042 qui
2210 2987 2324 3027 eam
2361 2974 2622 3030 conviciis
2683 2985 2739 3031 et
2769 2977 3069 3033 maledictis
3121 2978 3380 3032 lacerant.
3410 2977 3484 3032 lbi
3521 2992 3648 3047 pro-

387 3068 566 3121 Αὐτοῦ
617 3071 889 3141 συμπλίον
927 3074 1046 3126 έναι
1115 3074 1179 3127 :6
1232 3075 1506 3146 Σπήλαιον
1555 3079 1688 3132 ὅπου
1747 3077 1879 3150 ἦτον
1941 3086 1965 3136 6

2073 3082 2137 3136 pe
2174 3076 2251 3122 est
2285 3068 2560 3138 spelunca,
2595 3072 2647 3124 in
2700 3086 2859 3141 quam
2895 3087 2954 3126 se
2991 3071 3239 3127 Christus
3281 3087 3401 3125 cum
3444 3071 3649 3124 sanctis

387 3160 628 3228 Χριττὸς
675 3163 743 3232 μὲ
773 3164 900 3228 τοὺς
948 3166 1138 3234 ἁγίους
1191 3168 1523 3236 ἀποστόλους
1559 3175 1965 3245 κεκρυμμένος,

2073 3161 2334 3230 apostolis
2362 3163 2585 3231 abdidit,
2624 3174 2679 3218 et
2727 3175 2884 3220 nocte
2911 3166 3002 3220 illa
3035 3167 3263 3222 secessit
3313 3166 3363 3219 in
3404 3165 3644 3230 hortum,

391 3255 490 3307 καὶ
528 3257 594 3325 τῇ
637 3258 793 3310 νυκτὶ
851 3259 1035 3331 ἐκείνῃ
1099 3260 1308 3332 ἐπῆγεν
1336 3265 1415 3326 εἰς
1444 3264 1536 3319 τὸν
1582 3267 1780 3334 κῆπον,
1821 3270 1965 3321 κοιὶὸ

391 3346 422 3364 Ol
478 3344 524 3363 ’δ
628 3350 640 3364 ο
790 3349 842 3364 κο
977 3352 999 3364 α
1200 3354 1210 3364 ι
1408 3358 1415 3364 .
1591 3359 1614 3364 μ
1696 3359 1731 3364 -_
1810 3361 1823 3364 _
1882 3362 1889 3364 _

2073 3263 2128 3309 et
2178 3253 2343 3310 Iudas
2389 3259 2632 3327 proditor
2676 3258 2856 3311 attulit
2893 3257 3171 3313 cohortem
3218 3255 3529 3312 Judmorutn
3578 3257 3642 3310 ad

389 3344 591 3409 Ἰούδας
617 3350 646 3402 6
676 3349 947 3420 προδότης
976 3352 1141 3423 ἔφερε
1161 3354 1261 3424 τὴν
1293 3358 1522 3426 σπείραν
1548 3359 1656 3412 τῶν
1696 3359 1965 3415 Ἰουδαίων

2073 3345 2394 3411 capiendum
2429 3347 2750 3410 Dominum;
2782 3357 2834 3399 et
2859 3347 3134 3400 osculatus
3163 3361 3282 3400 eum
3316 3346 3453 3400 dixit
3482 3345 3645 3411 :Ave,

393 3437 494 3490 καὶ
522 3437 760 3494 ἐπίασιν
789 3442 879 3495 τὸν
911 3444 1140 3513 Κύριον,
1165 3447 1260 3500 καὶ
1311 3447 1550 3519 φιλήσας
1574 3449 1760 3517 αὑτὸν,
1792 3451 1966 3522 εἶπεν,

392 3529 587 3597 Χαῖρε,
608 3530 810 3602 Ῥασὴ,
835 3534 865 3588 6
885 3533 1140 3607 λέγεται,
1162 3539 1498 3596 Διδάσκαλε
1515 3560 1530 3573 ·
1560 3544 1653 3597 καὶ
1681 3545 1967 3600 άπλώσαν-

389 3640 482 3687 τες
532 3627 578 3679 οἱ
621 3625 864 3682 Ἰουδαῖοι
901 3631 999 3694 τὰς
1030 3633 1220 3702 χεῖρας
1274 3635 1576 3691 συνέλαϐον
1608 3639 1701 3692 τὸν
1739 3640 1965 3708 Κύριον,

392 3718 491 3769 καὶ
543 3718 808 3789 δήσαντες
841 3721 1006 3775 αὐτὸν
1048 3724 1338 3794 ἀπήγαγον
1387 3730 1467 3792 είς
1520 3723 1647 3794 τοῦς
1694 3733 1971 3804 ἀρχιερεῖς

392 3811 601 3869 αὐτῶν.
641 3813 876 3885 Ἐκοψεν
906 3816 934 3869 6
969 3817 1183 3889 Πέτρος
1225 3818 1285 3873 :6
1317 3819 1476 3875 ὠτίον
1517 3824 1759 3896 Μάλχου.
1791 3829 1970 3897 Παρε-

396 3906 487 3956 κεί
520 3905 700 3974 ὀλίγον
730 3909 894 3962 τόπον
919 3906 1062 3964 εἶναι
1088 3913 1115 3965 6
1144 3912 1327 3978 τόπος,
1355 3916 1490 3969 ὀποῦ
1517 3919 1915 3990 ὲπροσεῦχετον
1945 3923 1971 3976 6

396 4001 655 4071 Χριστός.
684 4003 922 4074 Παρεκεῖ
940 4004 1122 4075 ὀλίγον
1145 4003 1285 4062 εἶναι
1315 4009 1343 4061 6
1373 4009 1522 4075 λίθος
1553 4011 1686 4065 ὀποῦ
1716 4014 1972 4070 ἐκάθισεν

393 4098 490 4148 καὶ
509 4095 703 4150 ἔϐλεπε
720 4097 819 4170 τὴν
834 4097 1213 4172 Ἰερουσαλὴμ,
1230 4101 1323 4155 καὶ
1341 4098 1494 4157 εἶπεν
1518 4122 1532 4137 ·
1552 4105 1966 4177 Ἰερουσαλὴμ,

403 4187 827 4261 Ἰερουσαλὴμ,
855 4192 892 4261 ἡ
915 4193 1325 4248 ἀποκτείνασα
1354 4196 1497 4262 τοὺς
1511 4201 1842 4268 προφήτας,
1874 4206 1972 4258 καὶ

392 4287 799 4343 λιθοϐολοῦσα
839 4287 979 4354 τοὺς
1004 4289 1519 4360 ἀπεσταλμένους,
1550 4294 1807 4362 ποσάκις
1834 4299 1973 4366 ἠθέ-

393 4383 562 4447 λησα
581 4380 948 4451 συναγαγεῖν
976 4381 1045 4436 τὰ
1069 4382 1254 4438 τέκνα
1283 4399 1400 4438 σου
1424 4402 1443 4452 ,'
1463 4385 1558 4441 καὶ
1585 4389 1746 4442 πάλιν
1772 4385 1926 4444 εἶπεν
1955 4410 1968 4426 ·

408 4472 566 4528 Ἰδοὺ
580 4472 817 4544 ἀφίεται
837 4469 1041 4541 deinec
1058 4473 1229 4544 ὑμῶν
1245 4475 1482 4546 ἕρημος,
1505 4479 1602 4532 καί
1632 4481 1704 4535 οὐ
1721 4479 1808 4549 μὴ
1825 4484 1974 4552 μίνᾳ

394 4568 571 4633 λίθος
598 4566 698 4621 ἐπὶ
734 4567 928 4622 λίθον.
987 4568 1208 4640 Ἀπέχει
1258 4571 1293 4643 ἡ
1345 4570 1676 4645 Γεθσημανὴ
1727 4575 1836 4628 ἀπὸ
1878 4579 1971 4630 τὸν

393 4661 553 4729 ἆγιον
584 4659 755 4729 τάφον
781 4659 955 4728 μιλίον
976 4657 1046 4716 α’.

464 4761 530 4808 ε’.
563 4755 672 4808 Καὶ
703 4754 898 4807 άπάνω
933 4754 1030 4823 τῆς
1061 4753 1423 4827 Γεθσημανῆς
1458 4755 1574 4812 έναι
1603 4759 1664 4812 :6
1705 4759 1832 4832 ὅρος
1862 4762 1971 4817 τῶν

404 4847 654 4915 Ἐλαιῶν,
699 4847 837 4901 ὀποῦ
866 4847 1139 4920 ἀνελήφθη
1193 4847 1219 4899 6
1255 4848 1491 4918 Χριστὸς
1519 4853 1600 4915 εἰς
1641 4854 1767 4916 τοὺς
1799 4856 1967 4924 οὖρα-

391 4942 539 5008 νοῦς.
576 4943 686 4996 Καὶ
733 4942 848 5012 ἔχει
880 4941 1006 4994 ναὸν
1053 4941 1408 5014 παμμεγέθη.
1445 4945 1552 4997 Καὶ
1584 4947 1664 5008 είς
1708 4949 1771 5000 :6
1807 4950 1970 5016 μέσον

390 5035 491 5089 τοῦ
536 5035 665 5090 ναοῦ
707 5032 850 5090 εἶναι
899 5034 1251 5089 κουὸοῦκλιον
1288 5036 1544 5106 πέτρινον
1591 5038 1967 5108 ὠραιὼτατον,

393 5129 493 5183 καὶ
521 5126 635 5197 ἔχει
667 5127 917 5188 κολόναις
956 5127 1361 5197 μαρμαρεῖναις
1399 5124 1480 5193 ιε’,
1517 5129 1612 5182 καὶ
1639 5132 1719 5192 είς
1748 5131 1974 5201 τῆν’μέ-

396 5237 502 5288 σην
534 5217 629 5272 τοῦ
661 5216 1018 5271 κουϐουκλίου
1054 5217 1172 5271 έναι
1198 5218 1259 5271 :6
1292 5218 1522 5288 πάτημα
1566 5219 1659 5272 τοῦ
1710 5222 1970 5291 Χριστοῦ,

397 5310 775 5385 βουλλωμένον
824 5313 902 5374 εἰς
949 5312 1046 5381 τὴν
1099 5313 1338 5381 πέτραν,
1390 5315 1524 5366 ὀποῦ
1557 5315 1849 5385 ἐπάτησε-ι,
1880 5319 1974 5368 καὶ

399 5403 682 5475 ἀνελήφθη
717 5405 795 5467 είς
821 5405 945 5467 τοὺς
974 5405 1260 5474 οὐρανοὺς,
1301 5408 1394 5459 καὶ
1418 5408 1752 5477 κρεμοῦνται
1777 5409 1975 5479 κανδή-

399 5500 523 5561 λαις
547 5495 586 5550 δ’
617 5498 955 5568 άκοιμήταις
977 5514 990 5526 ’
1033 5500 1465 5563 καταϐαίνοντας
1505 5502 1655 5556 κάτω
1687 5504 1880 5558 σκαλία
1907 5502 1971 5569 λ’,

403 5594 522 5646 {vat
551 5590 770 5658 ὁτάιρος
805 5588 906 5658 τῆς
943 5588 1103 5658 ἁγίας
1140 5592 1431 5658 Πελαγίας.
1472 5593 1581 5647 Κάὶ
1620 5593 1794 5646 λείπει
1821 5597 1847 5647 6
1879 5595 1973 5648 τά-

414 5700 513 5754 φος
540 5680 650 5736 ἀπὸ
681 5681 773 5734 τὸν
812 5682 988 5751 τοῖχον
1015 5683 1211 5752 ἡμισὲν
1243 5682 1466 5753 χοάριον
1497 5684 1809 5756 ἀνθρώπου.
1841 5685 1974 5741 Ἀπὸ

2075 3439 2282 3506 Rubbi;
2305 3445 2444 3512 qumi
2475 3454 2643 3508 notat,
2677 3441 2931 3512 Magister
2958 3442 3000 3496 ³.
3025 3441 3085 3495 Et
3110 3442 3350 3496 extensis
3377 3441 3645 3504 manilius,

2071 3532 2241 3589 Judaei
2271 3536 2800 3603 comprehenderunt
2845 3535 3155 3599 Dominum,
3204 3533 3490 3603 ligatisque
3534 3548 3652 3587 mad-

2076 3627 2234 3682 nibus
2264 3627 2601 3680 adduxerunt
2654 3642 2777 3682 eum
2823 3627 2888 3680 ad
2933 3625 3199 3696 principes
3255 3626 3595 3680 sacerdotum
3630 3642 3644 3658 υ

2074 3720 2146 3774 ibi
2183 3718 2372 3775 Petrus
2402 3719 2700 3774 auriculam
2750 3718 2943 3774 Malehi
2974 3719 3228 3775 abscidit.
3275 3719 3386 3773 Nec
3418 3719 3644 3773 multum

2073 3812 2238 3867 distat
2266 3811 2436 3877 locus,
2484 3812 2536 3866 in
2567 3827 2674 3882 quo
2717 3813 2967 3867 Christus
3011 3813 3185 3866 oravit
3214 3829 3228 3866 :
3260 3810 3647 3881 paululumque

2074 3913 2197 3973 post
2232 3905 2478 3973 sequitur
2508 3903 2661 3975 lapis,
2693 3919 2856 3972 super
2889 3919 2995 3974 quo
3028 3903 3185 3968 sedit,
3229 3904 3523 3972 vidensque
3553 3902 3646 3957 ,ιε’

2075 3996 2333 4062 rusalem,
2367 3995 2503 4052 dixit
2536 4013 2553 4052 :
2595 3995 2914 4057 Jerusalem,
2949 3993 3267 4060 Jerusalem,
3295 4011 3409 4064 qua:
3455 3994 3650 4047 occidis

2073 4093 2434 4158 prophetas,et
2459 4090 2662 4160 .‘opidas
2687 4092 2872 4144 missos
2902 4090 3143 4152 :quoties
3176 4089 3314 4143 votui
3338 4104 3650 4158 congregare

2073 4186 2211 4254 ﬁlios
2240 4195 2356 4238 tuos
2381 4182 2436 4238 δι
2466 4193 2520 4239 et
2552 4185 2679 4238 item
2705 4184 2840 4237 dixit
2880 4201 2893 4238 :
2943 4183 3095 4244 Ecce,
3126 4183 3442 4252 relinquetur
3464 4184 3648 4234 domus

2073 4289 2242 4332 vestra
2269 4277 2554 4340 deserta,et
2575 4293 2678 4332 non
2706 4277 2990 4331 remanebit
3021 4276 3154 4344 lapis
3179 4292 3334 4345 super
3358 4275 3582 4343 lapidem
3605 4278 3646 4330 ⁵.

2075 4372 2250 4429 Distat
2302 4371 2654 4425 Gctbseuiani
2711 4384 2741 4424 a
2801 4385 2959 4427 sacro
3015 4369 3262 4439 sepulcro
3325 4369 3471 4424 mille
3527 4383 3652 4438 pas-

2075 4483 2190 4526 505.

2151 4755 2204 4809 5.
2240 4751 2415 4822 Super
2445 4751 2797 4808 Gethsemani
2828 4760 2911 4805 est
2945 4765 3096 4803 mons
3126 4748 3422 4816 Olivarum,
3454 4764 3518 4803 ex
3546 4764 3653 4818 quo

2079 4845 2329 4901 Christus
2361 4846 2410 4896 in
2467 4844 2661 4897 (celum
2697 4851 3004 4909 assumptus
3026 4851 3129 4904 cst,
3174 4842 3408 4894 maximo
3455 4844 3651 4910 temp'o

2079 4940 2425 5009 conspicuus.
2474 4940 2532 4990 ln
2584 4937 2759 4992 medio
2806 4936 3003 5004 templo
3037 4943 3120 4990 est
3155 4917 3470 4989 cubiculum
3512 4935 3650 5002 lapi-

2079 5036 2240 5089 deum
2315 5033 2734 5101 pulcherrimum
2798 5046 2918 5084 cum
2997 5030 3264 5083 columnis
3331 5028 3651 5081 marmoreis

2076 5125 2406 5197 quindecim,
2440 5133 2488 5178 et
2534 5124 2584 5176 in
2613 5122 2790 5176 medio
2818 5121 3065 5176 cubiculo
3102 5132 3182 5174 est
3215 5119 3406 5187 plantae
3443 5118 3649 5174 Christi

2079 5220 2384 5289 vestigium,
2442 5218 2599 5285 lapidi
2650 5217 2914 5272 inﬁxum.
2965 5230 3127 5282 quem
3181 5215 3268 5267 ille
3320 5215 3648 5276 ealcaverat,

2079 5327 2198 5366 cum
2238 5322 2611 5365 assuuietctnr
2663 5309 2714 5362 iu
2766 5308 2962 5362 εωίιιιιι
2995 5325 3009 5360 :
3047 5317 3100 5360 et
3149 5309 3382 5374 pendent
3414 5316 3650 5371 quatuor

2076 5403 2351 5475 lampades
2384 5403 2749 5457 iuexstinctm.
2800 5400 2943 5453 lul’ra
2992 5400 3190 5469 gradus
3229 5399 3446 5468 triginta
3476 5400 3651 5452 cerni-

2080 5511 2164 5554 tur
2191 5508 2392 5552 sancta:
2416 5496 2639 5566 Pelagia:
2668 5493 2997 5560 sepulcrum,
3029 5506 3058 5546 a
3090 5507 3240 5545 muro
3268 5493 3440 5546 media
3468 5493 3646 5560 planta

2079 5591 2297 5646 humani
2348 5588 2495 5659 pedis
2542 5592 2878 5659 sejunctum;
2919 5589 2962 5641 si
2997 5590 3118 5656 quis
3163 5586 3214 5640 iu
3242 5587 3473 5655 spatium
3520 5589 3658 5642 illud

2077 5686 2220 5742 inter
2261 5699 2475 5740 murum
2512 5692 2564 5737 et
2595 5681 2899 5752 sepulcrum
2935 5679 3256 5750 ingreditur,
3284 5681 3460 5733 statim
3499 5693 3648 5731 com-

482 5828 502 5859 ⁹
529 5823 682 5881 Joan.
711 5836 785 5887 ιι.
817 5823 868 5878 7.
947 5821 968 5854 ³
991 5823 1178 5879 Matth.
1214 5840 1362 5891 nrt,
1405 5824 1492 5880 49.
1572 5826 1590 5856 ⁸
1623 5824 1747 5880 Luc.
1786 5841 1901 5883 xm.
1936 5825 1965 5878 75

2103 5826 2122 5858 ³
2157 5823 2347 5880 Matth.
2380 5838 2534 5878 uttt.
2571 5821 2660 5875 38.
