3816 6204
140 357 218 427 981
1380 366 1480 430 DE
1524 366 1743 431 LOCIS
1772 367 2112 432 SANCTIS.

3246 363 3356 431 982

140 475 313 547 θρόνος,
343 472 467 528 ’Λπ⁹
504 473 672 532 αὖτοῦ
706 476 805 532 καὶ
830 475 1002 533 κάτου
1027 476 1165 535 ἄλλα
1192 479 1393 536 exalia
1418 481 1511 554 ιβ’,
1532 479 1671 545 εἶναι

1781 499 1847 539 ea
1895 485 2074 542 sancti
2102 482 2293 541 Jacobi
2340 480 2700 555 Adciphotltei
2733 480 2986 538 thronus.
3016 477 3100 535 Ab
3134 490 3203 538 eo
3233 484 3358 549 post

136 569 181 622 τὸ
220 567 498 639 σπήλαιον,
546 567 683 624 ὀποῦ
729 570 930 644 εὑρέθη
974 572 1002 627 6
1054 572 1286 647 σταυρὸς
1327 574 1423 629 τοῦ
1464 577 1670 647 Κυρίου

136 659 284 724 καθὼς
307 660 396 715 τὸν
444 653 607 734 εὗρεν
662 664 695 733 ὴ
742 664 877 733 ἁγία
934 664 1125 738 Ἐλένη
1175 668 1479 740 χωομένου.
1518 670 1671 741 Ἔχει

134 752 522 827 καὶτράτιεζαν,
554 755 690 811 ὀποῦ
737 756 1111 832 λειτουργοῦν,
1151 760 1266 833 ἔχει
1309 762 1576 834 κανδήλια
1603 764 1667 820 6'.

136 847 449 918 Ἐμπροσοεν
476 845 573 905 τοῦ
627 847 790 917 ἁγίου
853 848 1033 921 τάφου
1082 852 1344 924 ἄντικρυς
1375 854 1475 923 τῆς
1514 854 1671 922 ἁγίας

131 938 375 1010 τραπέζης
419 940 539 995 έναι
563 942 592 996 6
632 941 799 1007 τόπος
832 944 969 998 ὀποῦ
1018 944 1379 1017 ὲλαζάρωσαν
1408 947 1501 1001 τὸν
1534 948 1672 1016 Χρι-

132 1034 252 1096 eti-1,
282 1036 375 1089 ttat
407 1033 719 1107 ἐκήδευσαν
761 1037 790 1089 6
814 1036 1155 1108 Νικόδημος,
1184 1037 1282 1093 κα).
1322 1039 1351 1093 6
1387 1039 1584 1110 Ἰωσὴφ
1613 1042 1672 1093 ὲν

130 1125 265 1181 σιδᾶνι
297 1126 537 1200 καθαρᾷ.
574 1130 686 1203 Καὶ
714 1129 879 1194 αὐτὸς
917 1133 945 1186 6
974 1130 1142 1195 τόπος
1164 1128 1306 1185 εἶναι
1341 1132 1669 1203 πλουμιστδς

130 1218 184 1285 μὶ
212 1218 471 1290 μάρμαρα
497 1218 815 1292 πλουμιστὰ
862 1224 1124 1294 πορφυρὰ
1182 1223 1278 1278 καὶ
1315 1223 1523 1296 μαῦρα.
1559 1224 1673 1280 Καὶ

129 1309 302 1362 ἄνωθεν
340 1310 682 1382 κρέμουνται
711 1312 1004 1384 κανδήλαις
1028 1320 1100 1385 η’,
1126 1317 1220 1371 καὶ
1242 1315 1434 1369 καίουν
1457 1314 1672 1387 ἡμέραν

130 1404 203 1456 καὶ
222 1403 414 1477 νύκτα·
475 1405 569 1460 καὶ
612 1407 783 1461 αὑτοῦ
826 1405 942 1479 ἔχει
975 1407 1230 1472 κολόναις
1259 1409 1670 1480 μαρμαρεῖναις

124 1496 174 1564 6’.
203 1496 305 1555 Kal
357 1498 727 1572 σταυρόθολος
769 1493 931 1565 εἶναι,
983 1501 1077 1554 καὶ
1115 1501 1397 1572 καμάραις
1448 1501 1530 1573 είς
1577 1498 1671 1554 τὸν

127 1590 228 1643 ναὸν
263 1591 325 1645 λ’.
381 1593 541 1663 Ἔχει
570 1592 669 1647 καὶ
702 1592 911 1663 πόρτας
958 1593 987 1646 6
1033 1594 1162 1657 ναὸς
1193 1593 1241 1663 γ’
1262 1608 1278 1625 ·
1322 1595 1355 1665 ἡ
1405 1594 1502 1664 μία
1531 1588 1673 1648 εῖναι

122 1683 305 1738 suam.
338 1685 461 1739 Ἀπ’
489 1685 659 1740 αὑτοῦ
695 1680 861 1755 ἦλθεν
892 1686 923 1757 ἡ
950 1686 1075 1742 ὁσία
1105 1686 1296 1755 Μαρία
1324 1686 1391 1741 νὰ
1420 1704 1665 1758 προσκυ-

120 1776 254 1849 νήσῃ,
289 1781 381 1833 καὶ
405 1778 647 1850 ὲκολὴοη
671 1779 766 1832 ὑπ’
793 1779 1053 1852 ἀγγέλου,
1093 1779 1170 1851 μὴ
1211 1780 1432 1852 εἰσέλθῃ
1460 1781 1545 1845 είς
1574 1780 1667 1835 τὸν

119 1870 239 1926 ναόν.
264 1872 370 1925 Καὶ
401 1872 515 1925 ἄνω
538 1872 641 1942 τῆς
662 1870 838 1943 πύλης
854 1856 995 1927 ἐῐναι
1027 1873 1382 1949 ίστορισμένη
1420 1876 1452 1945 ἡ
1487 1875 1663 1946 ὑπερ-

118 1962 227 2031 αγία
273 1964 559 2031 Θεοτόκος,
613 1967 647 2036 ἡ
721 1965 1156 2038 ἀντιφανηθεῖσα
1206 1966 1402 2039 αὐτὴν,
1454 1968 1551 2022 καὶ
1593 1970 1673 2022 el-

118 2055 301 2110 ποῦσα*
364 2057 521 2115 Ἐὰν
583 2057 694 2112 τὸν
746 2056 1060 2131 Ἰορδάνην
1105 2058 1410 2129 περάσῃς,
1463 2060 1669 2130 εὑρεῖν

114 2148 270 2217 dum
316 2147 693 2206 ἀνάπαυσιν.
732 2150 801 2205 Ἦ
847 2151 905 2205 δὲ
937 2151 1131 2218 ἄλλαις
1173 2151 1267 2206 δύο
1299 2152 1530 2226 πόρταις
1576 2154 1671 2210 τοῦ

116 2240 224 2295 ναοῦ
257 2237 399 2297 εἶναι
427 2241 566 2313 πρδς
596 2243 976 2315 μεσημϐρίαν,
1001 2242 1099 2299 καὶ
1132 2243 1293 2315 ἔχουν
1322 2245 1571 2311 κολόναις
1595 2247 1670 2314 ς’,

116 2334 192 2387 καὶ
214 2337 527 2407 πορφυραῖς
551 2332 634 2404 γ’,
660 2334 753 2390 καὶ
778 2331 922 2391 εῖναι
947 2336 1042 2391 καὶ
1073 2335 1145 2391 τὰ
1168 2336 1401 2407 ἀνόφλια
1426 2338 1671 2408 γλυπτὰ.

113 2422 261 2478 Αὑτοῦ
296 2425 447 2499 ἔχεις
469 2425 563 2481 καὶ
586 2424 715 2480 εναν
742 2426 1088 2498 κουϐούκλην
1124 2426 1407 2498 πέτρινον,
1450 2428 1671 2499 ὼραιὼο

110 2534 268 2584 estw,
313 2518 413 2575 καὶ
458 2519 822 2590 ἱστορημένον
865 2519 1006 2591 μετὰ
1055 2518 1308 2590 μουσίου.
1357 2520 1468 2575 Καὶ
1502 2522 1672 2577 αὑτοῦ

110 2608 343 2665 ἐκάθισεν
366 2612 399 2665 6
433 2609 715 2680 βασιλεὺς,
744 2611 841 2665 καὶ
861 2611 1107 2685 ἔκρινεν.
1146 2614 1258 2667 Καὶ
1289 2616 1322 2686 ἡ
1360 2615 1497 2687 ἁγίᾳ
1528 2617 1671 2688 αὐλὴ

111 2699 191 2754 τοῦ
215 2702 373 2771 ἁγίου
396 2703 578 2774 τάφου
601 2702 720 2766 ἐναι
745 2704 841 2777 ὅλη
872 2706 1672 2780 μαρμαρωπλακομένη.Ἔναι

108 2794 188 2847 καὶ
214 2794 397 2851 κιόνια
424 2794 491 2861 δ’,
514 2795 614 2851 καὶ
648 2796 847 2859 ἀπάνω
882 2796 1047 2851 αὑτοῦ
1084 2799 1286 2856 ἔϐαλαν
1315 2801 1407 2855 τὸν
1436 2800 1671 2869 σταυρὸν

107 2885 192 2942 ἐπὶ
237 2886 331 2943 τὸν
374 2888 600 2959 νικρὸν,
658 2888 753 2943 καὶ
786 2887 1012 2962 ἀνέστη.
1050 2884 1208 2945 Εἶναι
1239 2891 1406 2946 αὐτοῦ
1451 2894 1484 2964 ἡ
1524 2895 1673 2965 τρεῖς

104 2978 412 3051 ἐκκλησίαις
470 2980 573 3052 τῆς
646 2979 807 3049 ἁγίας
832 2981 1218 3047 ’Δναστάσεως
1266 2984 1362 3039 τοῦ
1406 2984 1669 3055 Χριστοῦ,

105 3074 185 3127 καὶ
223 3076 331 3129 τῶν
378 3072 553 3145 ἁγίων
599 3073 1015 3143 τεσσαράκοντα
1065 3074 1388 3147 μαρτύρων,
1444 3076 1668 3130 καὶτοῦ

1786 578 1922 635 alios
1961 578 2160 650 gradus
2194 578 2501 651 duodecim,
2529 576 2789 647 spelunca
2822 575 2955 642 hiat,
2987 574 3041 630 in
3076 588 3183 652 qna
3221 585 3356 630 crux

1788 671 2003 728 Domini
2034 672 2350 730 abscondita
2398 687 2429 727 a
2485 679 2673 727 sancta
2720 667 2921 726 Helena
2972 675 3186 737 reperta
3235 663 3356 720 fuit.

1787 766 1884 824 Est
1914 777 1969 822 et
2007 782 2219 831 mensa,
2248 766 2301 821 in
2334 780 2440 836 qua
2466 764 2661 820 Missas
2701 762 2997 819 celebrant.
3022 759 3194 827 liabet
3221 757 3363 814 iam-

1785 860 1951 931 pades
1996 868 2247 930 quatuor.
2280 859 2421 914 Ante
2462 871 2678 913 sacrum
2717 852 3051 926 sepulcrum,
3096 850 3360 907 exadver-

1785 968 1880 1009 sus
1929 967 2140 1008 sacram
2194 966 2463 1015 mensam,
2519 949 2671 1005 locus
2717 954 2825 1011 est,
2872 946 2926 1001 in
2984 959 3093 1016 quo
3162 958 3362 1013 corpus

1784 1043 1987 1101 Christi
2018 1045 2366 1103 demortuum
2396 1049 2727 1097 curaverunt
2764 1037 3099 1094 Nicoclemus
3122 1040 3174 1095 et
3208 1032 3359 1090 Jose-

1783 1137 1945 1209 phus,
1979 1145 2034 1193 et
2059 1135 2427 1209 sepeliverunt
2470 1134 2524 1190 in
2555 1133 2785 1189 sindone
2816 1130 3033 1186 munda.
3066 1127 3244 1186 Locus
3279 1134 3363 1184 est

1787 1227 1937 1299 varie
1967 1226 2209 1297 depictus
2253 1225 2621 1291 marmoribus
2650 1222 2937 1296 purpureis
2969 1230 3023 1277 et
3062 1220 3230 1293 nigris
3255 1237 3272 1288 ;
3302 1227 3360 1274 et

1785 1334 1952 1391 supra
1985 1318 2222 1392 pendent
2250 1318 2528 1390 lampades
2559 1326 2703 1382 octo,
2732 1316 2824 1371 diu
2851 1324 3120 1383 noctuque
3169 1311 3362 1367 arden-

1785 1423 1904 1481 tes;
1946 1413 2219 1483 habetque
2263 1411 2548 1483 columnas
2579 1425 2914 1484 marmoreas
2949 1416 3205 1478 quatuor,
3238 1406 3363 1460 tho~

1785 1508 1974 1581 iosque
2002 1508 2072 1563 ad
2102 1506 2333 1563 formam
2362 1507 2574 1575 crucis;
2607 1515 2662 1561 et
2690 1514 2821 1562 sunt
2847 1503 3085 1560 fornices
3129 1501 3181 1555 in
3218 1508 3360 1564 tem-

1784 1600 1873 1673 plo
1922 1601 2163 1673 triginta.
2221 1599 2504 1671 Templum
2531 1599 2704 1671 tribus
2748 1596 2958 1653 toribus
3000 1603 3149 1667 patet
3197 1610 3214 1651 :
3254 1610 3360 1655 una

1783 1694 2125 1758 occidentem
2152 1692 2410 1763 respicit;
2446 1707 2544 1764 per
2571 1708 2691 1747 eam
2727 1694 2883 1746 beata
2918 1688 3079 1744 illaria
3109 1686 3360 1759 Egyptia

1783 1800 1905 1841 cum
1932 1785 2001 1840 ad
2031 1787 2367 1841 adorandum
2402 1784 2613 1856 ingredi
2639 1792 2951 1848 conaretur,
2980 1780 3268 1837 arcebatur
3292 1778 3361 1834 ab

1779 1875 2000 1946 angelo.
2048 1874 2116 1933 Et
2163 1890 2331 1947 super
2364 1890 2484 1932 eam
2529 1873 2723 1929 visitur
2769 1872 2951 1943 imago
2995 1869 3359 1949 sanctissima:

1777 1969 2041 2040 Dciparaz,
2079 1983 2200 2040 quae
2232 1968 2376 2023 illam
2426 1968 2663 2025 allocuta
2712 1966 2846 2020 dixit
2886 1982 2902 2020 :
2945 1963 3001 2020 Si
3063 1962 3356 2023 Iordanem

1772 2062 2159 2135 pertransieris,
2184 2061 2413 2139 invenies
2455 2059 2704 2135 requiem.
2740 2057 2984 2127 Reliqua:
3010 2056 3129 2113 duae
3160 2057 3217 2111 in
3243 2070 3357 2110 me-

1774 2156 1966 2212 ridiem
2006 2164 2259 2226 vergunt,
2292 2163 2346 2209 et
2380 2152 2584 2211 habent
2610 2151 2892 2216 columnas
2921 2165 3039 2217 sex,
3073 2159 3127 2207 et
3152 2164 3355 2220 purpu:

1776 2262 1896 2304 reas
1925 2258 2072 2314 tres;
2095 2257 2151 2307 et
2175 2243 2613 2315 superliminaria
2644 2242 2929 2312 exsculpta
2957 2251 3109 2299 sunt.
3136 2241 3344 2297 ibidem

1775 2349 1829 2396 et
1865 2339 2133 2411 lapideum
2160 2338 2466 2405 cubiculum
2512 2350 2704 2393 cernes
2737 2333 3185 2414 pulcherrimum,
3229 2348 3352 2388 mu-

1776 2431 1893 2487 sivo
1920 2430 2218 2500 depictum,
2257 2430 2309 2487 in
2339 2445 2443 2499 quo
2486 2429 2710 2485 sedebat
2732 2443 2826 2493 rex
2873 2438 2927 2483 et
2954 2426 3255 2498 judicabat.
3285 2424 3355 2481 Et

1775 2523 1916 2578 sacri
1954 2523 2188 2594 sepulcri
2217 2506 2431 2591 sacrum
2466 2521 2661 2590 atrium
2709 2528 2794 2578 est
2829 2519 3068 2591 undique
3114 2534 3351 2584 marmo-

1776 2616 1927 2671 ribus
1946 2625 2199 2672 stratum.
2235 2613 2370 2671 Sunt
2396 2623 2449 2671 et
2484 2615 2661 2673 cionia
2697 2621 2930 2686 quatuor
2966 2630 2982 2669 :
3023 2612 3352 2685 ibidemque,

1774 2722 1936 2763 cruce
1962 2718 2178 2762 mortuo
2210 2696 2480 2778 apposita,
2506 2717 2754 2761 mortuus
2782 2708 2833 2760 in
2867 2706 3034 2762 vitam
3064 2705 3353 2761 restitutus

1774 2812 1876 2857 est.
1938 2797 2077 2854 Sunt
2113 2807 2372 2871 praetcrea
2411 2808 2520 2856 tres
2570 2799 2835 2865 ecclesiae,
2887 2810 3094 2857 saneta:
3147 2797 3353 2867 Christi

1775 2892 2216 2958 resurrectionis,
2263 2902 2319 2948 et
2370 2901 2686 2948 sanctorum
2742 2891 3098 2963 quadraginta
3146 2900 3355 2964 marty-

1775 2998 1921 3048 rum,
1951 2992 2004 3038 et
2032 2984 2202 3038 sancti
2225 2979 2412 3037 Jacobi
2444 2981 2823 3050 Adelpiiotbei,
2847 2991 2898 3038 et
2926 2983 3209 3037 mulierum
3233 2997 3354 3053 qua:

1775 3087 2019 3134 aromata
2074 3078 2404 3133 detulerunt.
2463 3076 2539 3133 Eo
2597 3077 2647 3131 in
2700 3079 2820 3132 loco
2886 3077 3022 3133 vidit
3075 3075 3348 3132 Christum

106 3164 244 3233 ἁγίου
285 3165 551 3221 Ἰακώϐου
588 3164 685 3220 τοῦ
719 3164 1102 3236 Ἀδελφοοέου,
1138 3168 1233 3221 καὶ
1265 3168 1372 3221 τῶν
1416 3169 1671 3241 Μυροφό-

1780 3170 2090 3241 Magdalena
2122 3178 2240 3240 post
2261 3170 2739 3234 resurrectionem,
2773 3170 3203 3238 existimatusque
3223 3168 3352 3223 hor-

111 3274 222 3326 ρων.
271 3258 456 3313 Αὐτοῦ
495 3255 638 3314 εἶδεν
688 3261 722 3331 ἡ
766 3259 1091 3333 Μαγδαλινὴ
1126 3260 1219 3315 τὸν
1258 3262 1495 3332 Χριστὸν
1532 3263 1671 3333 μετά

106 3355 190 3423 τὴν
235 3353 485 3425 ἔγερσιν,
539 3354 635 3410 καὶ
659 3355 900 3411 δοκοῦσα
949 3355 1034 3409 ὅτι
1080 3357 1108 3410 6
1144 3355 1421 3427 κηπουρὸς
1451 3351 1541 3425 ἦν,
1568 3356 1668 3409 καὶ

98 3441 280 3502 ’ἀπεν-
312 3451 514 3519 Κύριε,
544 3450 665 3505 ποῦ
707 3449 776 3505 τὸ
806 3449 980 3521 σῶμα
1008 3450 1116 3506 τοῦ
1159 3450 1370 3521 Ἰησοῦ
1422 3469 1542 3521 μου
1577 3430 1670 3504 τέ-

104 3545 315 3610 θηκαςς
353 3546 452 3598 καὶ
494 3546 523 3596 6
549 3543 757 3616 Κύριος
792 3544 933 3616 πρὸς
992 3543 1164 3617 αὐτὴν
1223 3540 1378 3598 εἶπεν
1400 3560 1413 3574 ·
1448 3546 1667 3614 Μαρία,

99 3632 170 3702 μή
195 3653 313 3704 μου
346 3636 571 3699 ἅπτου,
603 3638 674 3692 οὐ
715 3636 828 3706 γὰρ
860 3636 1206 3705 ἀναϐέϐηκα
1234 3636 1386 3706 πρὸς
1413 3637 1519 3691 τὸν
1546 3641 1670 3691 Ha-

102 3728 225 3796 τέρα
243 3746 391 3799 μου,
427 3728 525 3782 καί
559 3730 707 3783 Θεόν
748 3745 910 3807 μου,
959 3728 1061 3782 και
1118 3728 1265 3783 Θεὸν
1316 3728 1503 3799 ὑμῶν.
1552 3731 1671 3784 Ἀπ’

104 3819 252 3875 αὐτοῦ
278 3821 381 3877 καὶ
430 3820 639 3877 ἄνωθεν
663 3820 781 3875 έναι
818 3821 880 3886 τδ
923 3821 1362 3892 Πατριαρχικόνο
1397 3822 1494 3876 καὶ
1525 3840 1670 3896 παρ-

1778 3268 2019 3324 tulanum
2052 3280 2197 3330 esse,
2242 3265 2379 3319 dixit
2416 3281 2430 3319 :
2469 3263 2712 3330 Domine,
2744 3263 2831 3317 ubi
2874 3279 3060 3332 carpas
3088 3260 3219 3324 Iesu
3252 3260 3357 3315 mei

1776 3362 2000 3421 posuisti
2031 3360 2093 3413 ⁸⁸1
2125 3369 2179 3416 et
2202 3359 2460 3413 Dominus
2489 3357 2555 3412 ad
2581 3373 2699 3424 eam
2725 3374 2740 3412 :
2768 3357 2962 3423 Maria,
2994 3356 3101 3409 noli
3133 3363 3347 3427 metan-

1778 3469 1926 3525 gere;
1970 3451 2203 3507 nondum
2248 3451 2410 3505 enim.
2445 3450 2657 3504 arcendi
2694 3450 2761 3503 ad
2810 3449 3022 3505 Patrem
3070 3463 3239 3500 meum
3280 3456 3349 3500 ,σοι

1781 3545 1947 3600 Deum
1996 3555 2223 3599 vestrum
2249 3543 2293 3598 ’.
2334 3540 2504 3604 Paulo
2535 3541 2670 3596 infra
2718 3524 3114 3595 Patriarchinm
3147 3547 3259 3604 est;
3295 3547 3348 3592 et

1778 3653 1939 3709 supra
1970 3637 2312 3707 bodegetria,
2344 3647 2400 3693 et
2426 3637 2671 3690 habitant
2692 3634 2976 3688 monialcs.
3006 3630 3083 3684 Ex
3107 3646 3194 3697 eo,
3225 3646 3348 3685 cum

1778 3739 1948 3786 staret
1992 3728 2259 3800 Deipara,
2323 3730 2634 3784 intuebatur
2691 3726 2884 3781 Filium
2939 3726 2991 3779 in
3042 3739 3241 3790 cruce,
3293 3734 3353 3780 et

1780 3823 2153 3893 deplangebat.
2188 3821 2357 3881 Abest
2378 3836 2407 3874 a
2434 3834 2589 3875 sacro
2616 3819 2864 3889 sepulcro
2894 3817 3126 3872 stadium
3161 3832 3350 3872 unum.

103 3917 201 3971 ἀνω
229 3917 349 3972 Eva:
377 3918 412 3990 ἡ
441 3917 907 3989 ὁδηγήτρια,’καὶ
958 3916 1251 3985 κὰθουνται
1322 3917 1666 3989 καλογρίαις.
1713 3917 1835 3973 Ἀπ’
1860 3916 2027 3974 αὐτοῦ
2062 3917 2287 3973 ἔστεκεν
2317 3917 2352 3986 ἡ
2382 3914 2663 3981 Θεοτόκος,
2695 3912 2792 3967 καὶ
2820 3911 3015 3966 ἐϐλεπε
3071 3910 3164 3965 τὸν
3220 3908 3355 3964 Υίόν

104 4027 190 4080 της
223 4014 305 4077 εἰς
336 4013 436 4065 τδν
471 4011 728 4083 σταυρὸν,
765 4012 863 4066 καὶ
896 4010 1125 4083 ὲθρήνη.
1158 4011 1383 4084 Ἀπέχει
1428 4012 1538 4067 ἀπὸ
1566 4014 1657 4068 τὸν
1699 4013 1854 4084 ἅγιον
1885 4012 2057 4082 τάφον
2089 4011 2308 4065 στάδιον
2343 4007 2413 4065 α’.

160 4103 227 4176 η’,
261 4106 427 4177 Ἔχει
462 4106 543 4170 είς
578 4106 721 4161 αὐτὰ
749 4106 818 4160 τὰ
848 4108 991 4179 μέρη
1030 4108 1371 4179 μοναστὴρια
1399 4106 1666 4181 δεκατρία

1845 4108 1900 4165 8.
1933 4107 2035 4164 His
2096 4108 2150 4163 in
2183 4107 2428 4175 partibus
2471 4114 2527 4160 et
2583 4103 2740 4186 plaga
2798 4097 3115 4159 occidentali
3170 4100 3358 4154 sancti

105 4197 285 4256 δυτικὰ
308 4199 409 4254 τοῦ
439 4199 603 4269 ἁγίου
631 4199 832 4268 τάφου.
879 4199 1109 4272 Πρῶτον
1149 4202 1175 4254 6
1208 4200 1546 4274 Πρόδρομος,
1573 4201 1671 4255 καὶ

1780 4199 2036 4272 sepulcri,
2083 4197 2497 4262 sunttredecim
2549 4194 2897 4257 monasteria.
2941 4190 3153 4246 Primas
3187 4206 3352 4266 occu-

102 4292 127 4343 ὸ
155 4294 324 4361 μέγας
360 4291 663 4362 Γεώργιος,
703 4292 799 4345 καὶ
831 4291 860 4345 6
918 4291 1095 4362 μέγας
1126 4292 1465 4364 Δημήτριος,
1513 4293 1609 4349 καὶ
1643 4293 1671 4348 6

1780 4301 1875 4364 pat
1913 4306 2253 4362 prtecursor;
2305 4298 2415 4347 tum
2446 4300 2773 4359 sequuntur,
2802 4300 3030 4355 magnus
3061 4282 3361 4356 Georgius,

108 4384 273 4453 μέγας
329 4382 626 4448 Νικόλαος,
664 4383 762 4438 καὶ
821 4383 856 4455 ὴ
912 4383 1045 4453 ἁγία
1093 4384 1295 4456 Θέκλη,
1331 4385 1491 4457 καὶὴ
1539 4383 1671 4453 ἁγία

1780 4398 2011 4453 magnus
2049 4380 2373 4448 Demetrius,
2410 4395 2634 4450 magnus
2666 4378 2947 4443 Nicolaus,
2985 4382 3169 4431 sancta
3201 4372 3350 4427 The-

107 4477 283 4541 Ἀννα,
313 4475 417 4531 καὶ
450 4477 478 4530 6
538 4474 698 4543 ἅγιος
752 4474 1051 4545 Εὑθύμιος,
1081 4479 1177 4530 καὶ
1217 4478 1252 4548 ή
1286 4476 1418 4546 ἁγία
1442 4479 1671 4533 Alxan-

1780 4477 1882 4543 cla,
1910 4486 2099 4533 sancta
2143 4478 2324 4539 Anna,
2367 4481 2587 4529 sanctus
2639 4472 2981 4542 Euthymius,
3023 4475 3212 4523 sancta
3242 4464 3351 4519 Ca-

108 4566 241 4635 ρίνα,
271 4569 374 4623 καὶ
402 4570 432 4621 6
462 4563 779 4638 Ταξιάρχης
804 4566 1047 4638 Μιχαὴλ,
1076 4568 1173 4622 καὶ
1194 4546 1384 4640 ἕτερος
1411 4570 1540 4633 ναὸς
1575 4568 1669 4625 τοῦ

1780 4568 2017 4635 lbarina,
2048 4566 2277 4627 Michael
2324 4564 2656 4629 Taxiarcha,
2696 4572 2750 4618 et
2776 4561 2922 4617 aliud
2958 4558 3134 4614 sancti
3178 4555 3348 4611 Geor-

102 4660 247 4727 ἁγίου
282 4660 591 4729 Γεωργίου,
636 4657 733 4712 καὶ
773 4657 803 4712 6
860 4660 1016 4728 ἆγιος
1043 4659 1305 4731 Ἰωάννης
1333 4660 1361 4713 6
1388 4660 1669 4730 Θεολόγος,

106 4754 189 4805 καὶ
221 4755 247 4807 6
284 4753 448 4823 ἆγιος
479 4751 786 4815 Βασίλειος.
819 4752 1008 4813 Ταῦτα
1052 4754 1121 4807 τὰ
1164 4756 1507 4825 μοναστήρια
1536 4756 1668 4814 ὀποῦ

108 4846 455 4917 εὑρίσκονται
502 4844 645 4914 μετὰ
674 4846 968 4917 καμάρων.
992 4846 1149 4919 Ἔχει
1189 4846 1285 4900 καὶ
1327 4846 1422 4900 δύο
1467 4847 1675 4916 πόρτας

108 4936 446 5007 προύτζινες,
470 4939 567 4991 καὶ
595 4938 676 5000 είς
702 4936 771 4990 τὰ
791 4935 944 5002 δεξιὰ
971 4937 1117 5010 μέρη
1147 4938 1241 4991 τοῦ
1274 4938 1516 5010 βήματος
1539 4941 1671 4994 ἀνα-

107 5030 270 5083 ϐαίνει
300 5029 511 5085 σκαλιὰ
560 5036 648 5095 ιε’,
690 5029 786 5084 καὶ
832 5031 1074 5085 σεϐαίνει
1121 5031 1200 5095 είς
1256 5033 1349 5085 τὸν
1401 5032 1529 5103 ναὸν
1577 5032 1673 5087 τοῦ

118 5122 292 5191 ’Δγίου
351 5123 656 5195 Γεωργίου.
708 5120 773 5176 Ἦ
808 5124 864 5177 δὲ
916 5124 1142 5178 ὄπισθεν
1172 5123 1267 5178 τοῦ
1316 5124 1561 5196 βήματος
1593 5129 1675 5190 εἰς

109 5213 288 5268 στάδια
333 5212 433 5268 δύο
478 5209 622 5267 εἶναι
645 5214 683 5284 ,ὁ
711 5212 873 5278 τόπος
904 5214 1016 5268 τῶν
1050 5213 1352 5286 ποιμενῶν.
1389 5216 1611 5288 Ἀπέχει
1643 5221 1675 5290 ἡ

110 5304 226 5372 ἁγία
255 5304 513 5378 Βηθλεὲμ
548 5306 656 5361 ἀπὸ
694 5306 795 5377 τὴν
845 5307 1205 5379 Ἰερουσαλὴμ
1254 5308 1431 5378 μίλιον
1456 5315 1504 5363 α’
1526 5327 1541 5341 ·
1581 5312 1677 5364 ἀπ’

111 5395 262 5469 αὑτοῦ
293 5397 417 5453 {vat
443 5400 472 5451 6
504 5397 813 5463 Ἀπεζάλας
864 5401 893 5452 6
931 5396 1079 5465 οἶκος
1113 5398 1208 5453 τοῦ
1241 5400 1540 5470 Ἐφραθᾶν,
1584 5403 1680 5457 καὶ

112 5488 274 5544 ὀπίσω
313 5488 413 5547 τοῦ
442 5488 723 5553 ’Δπεζάλα
755 5490 873 5545 έναι
897 5493 925 5545 6
954 5491 1079 5556 ναὸς
1103 5490 1200 5545 τοῦ
1230 5492 1472 5562 μεγάλου
1498 5492 1682 5563 Γεωρ-

115 5581 243 5650 Tim,
275 5582 403 5639 Eva:
465 5583 563 5636 καὶ
592 5584 625 5654 ἡ
653 5581 826 5654 ἁλύση
870 5582 1005 5637 ὀποῦ
1058 5584 1203 5655 εῖχεν
1258 5579 1340 5648 εἷς
1393 5581 1485 5636 τὸν
1514 5584 1677 5654 σφόν-

114 5672 258 5732 δυλόν
289 5692 415 5732 του.
444 5676 674 5748 ’Δπέχει
699 5676 807 5731 ἀπὺ
831 5680 930 5749 τὴν
967 5676 1326 5751 Ἰερουσαλὴμ
1364 5676 1518 5749 μιλία
1541 5674 1613 5748 η’,
1646 5679 1678 5749 ἡ

177 5831 199 5865 ⁸
225 5828 391 5887 Joan.
430 5848 527 5900 lx,
564 5832 652 5889 15.
728 5833 750 5867 ’
780 5832 915 5890 ibid.
958 5834 1040 5892 17.

1773 4658 1872 4732 gii,
1899 4669 2124 4715 sanctus
2154 4646 2402 4714 Joannes
2442 4655 2768 4727 Theologus,
2820 4660 3047 4709 sanctus
3092 4650 3348 4706 Basilius.

1775 4736 2099 4809 Monasteria
2134 4750 2434 4807 fornicibus
2460 4750 2687 4806 ciarent.
2717 4746 2887 4803 [labet
2922 4756 2977 4802 et
3004 4746 3141 4801 duas
3166 4752 3350 4815 portas

1776 4858 1989 4911 aeneas;
2021 4853 2074 4899 et
2108 4860 2137 4898 a
2166 4850 2318 4914 parte
2344 4844 2533 4898 dextra
2566 4840 2796 4896 bematis
2822 4836 3124 4894 ascendens
3148 4835 3347 4908 gradus

1774 4938 2111 5010 quindecim,
2167 4936 2460 5005 ingreditur
2496 4935 2750 5012 templum
2798 4932 2971 4987 sancti
3020 4929 3262 4999 Georgii.
3302 4930 3342 4982 Α

1775 5042 1925 5103 tergo
1956 5031 2184 5086 bematis
2227 5030 2341 5084 iere
2397 5027 2695 5081 stadiorum
2745 5024 2972 5083 duorum
3022 5022 3217 5090 spatio,
3261 5031 3345 5076 est

1774 5133 2053 5195 pastorum
2096 5122 2267 5179 locus.
2302 5119 2474 5174 Distat
2512 5124 2698 5173 sancta
2742 5115 3019 5170 Bethleem
3052 5130 3081 5167 a
3130 5112 3345 5167 civitate

1774 5215 2073 5271 Jerusalem
2125 5213 2353 5267 rniiiiare
2399 5225 2589 5266 unum.
2639 5208 2717 5261 Ex
2767 5221 2873 5275 qua
2928 5204 2995 5259 ad
3048 5201 3343 5272 Apezaiam

1772 5308 2028 5379 prratae
2078 5306 2298 5363 denum
2354 5303 2695 5359 intercedunt
2743 5298 2889 5354 mille
2954 5313 3170 5366 passus.
3220 5294 3343 5349 Post

1775 5400 2065 5470 Apezalam
2109 5398 2352 5453 cernitur
2400 5394 2654 5467 templum
2707 5392 2885 5462 magni
2916 5389 3172 5460 Georgii;
3205 5396 3262 5442 et
3291 5388 3345 5441 iu

1778 5509 1844 5550 eo
1875 5500 2183 5550 asservatur
2212 5500 2422 5557 catena,
2454 5502 2615 5559 quam
2651 5486 2736 5540 ille
2771 5486 2917 5540 circa
2946 5483 3225 5539 vertebras
3248 5495 3342 5549 ge-

1782 5586 1980 5642 stabat.
2041 5581 2215 5651 Distat
2265 5580 2333 5636 ab
2368 5579 2499 5635 urbe
2546 5576 2842 5649 Jerusalem
2897 5574 3142 5630 milliaria
3194 5578 3341 5624 octo.

1786 5674 1960 5732 Locus
2008 5672 2239 5731 Abraluc
2292 5681 2435 5727 terra
2495 5670 2650 5741 nigra
2700 5667 2922 5725 occidua
2980 5675 3085 5722 est.
3134 5660 3341 5718 ibidem
