4004 6206
499 311 601 377 983
1933 317 2080 380 ΛΝΟ

2152 317 2280 379 YMI
3633 316 3733 383 984

502 431 773 488 Abraham
807 432 1228 506 hospitalitatem
1262 433 1514 492 exercuit
1540 451 1555 490 :
1584 442 1641 490 et
1679 433 1734 488 in
1767 432 1941 490 media
1973 433 2069 489 do-

2173 434 2230 488 δὲ
2271 435 2300 488 6
2325 434 2489 498 τόπος
2516 436 2607 490 τοῦ
2637 431 2892 506 Ἀϐραὰμ
2940 434 2976 505 ἡ
3013 433 3083 505 γῆ
3116 435 3148 505 ἡ
3189 431 3394 504 Μαυρῆ
3427 428 3567 487 εῖναι
3594 431 3739 486 Sust-

504 539 592 578 mo
614 536 695 580 est
723 525 1032 596 sepulcrum
1062 527 1231 584 illius.
1280 527 1461 583 Distat
1487 525 1555 581 ab
1596 527 1731 583 urbe
1761 526 2067 582 Jerusalem

2173 526 2265 582 κά.
2297 527 2474 582 Αὐτοῦ
2536 527 2652 584 έναι
2685 531 2713 583 6
2741 528 2907 592 τόπος
2938 527 3074 582 ὀποῦ
3113 525 3324 596 ἔκαμεν
3347 524 3602 598 Ἀδραὰμ
3642 525 3740 595 τὴν

503 616 756 673 milliaria
789 617 914 673 tria.
946 617 1183 690 Indeque
1213 619 1577 690 progredienti
1612 618 1778 673 millia
1811 633 2068 687 passuum

2173 620 2479 689 φιλοξενίαν
2501 638 2516 655 ο
2545 620 2641 674 καὶ
2691 621 2855 691 μέσον
2903 617 2998 674 τοῦ
3033 619 3185 674 οῐκου
3231 634 3325 672 του
3365 616 3482 670 εναι
3511 617 3540 670 6
3571 616 3741 684 τάφος

503 707 725 777 triginta
756 709 856 764 tria
901 724 1024 767 sese
1047 709 1205 766 oﬁ‘ert
1233 709 1410 766 sancti
1453 707 1763 766 Charitonis
1793 719 2069 768 monaste-

2170 727 2287 765 του.
2329 711 2552 781 Ἀπέχει
2588 710 2698 766 ἀπὸ
2727 711 2830 781 τὴν
2882 709 3247 781 Ἰερουσαλὴμ
3296 708 3410 779 μιλ.
3456 713 3529 776 γ’.
3595 707 3744 759 Ἐκεῖ

498 800 659 857 rium.

2173 801 2281 856 ἴδεν
2308 802 2406 873 τὴν
2426 803 2600 888 ,ἁγίαν
2641 803 2871 874 Τριὰδα.
2914 801 3157 873 [lapser
3186 800 3336 869 μίλια
3362 798 3594 870 τριάντα
3618 797 3744 869 τριὰ

2171 895 2285 950 [vat
2315 896 2500 967 ἡὰγία
2533 896 2667 967 μονὴ
2701 893 2795 948 τοῦ
2837 893 2995 965 ἁγίου
3026 894 3368 963 Χαρίτωνος.

564 982 617 1038 9.
661 983 791 1040 Sina
838 1001 990 1044 mons
1041 988 1093 1044 in
1142 989 1335 1044 intimo
1365 990 1563 1047 deserti
1604 989 1935 1058 insinuatur,
1982 992 2066 1047 di-

2240 988 2304 1042 ϐ’.
2342 989 2500 1044 Ἔναι
2560 987 2620 1041 :6
2667 988 2795 1042 Σινᾶ
2824 988 2947 1058 ὅρος
2997 987 3077 1050 εἰς
3129 985 3231 1056 τὴν
3288 981 3563 1054 ἐσωτέραν
3623 979 3750 1052 ἕρη-

496 1084 713 1147 statque
745 1079 813 1134 ab
842 1081 976 1137 urbe
1006 1082 1305 1139 Jerusalem
1363 1085 1556 1140 diebus
1611 1085 1939 1154 quindecim.
1985 1085 2064 1141 lbi

2173 1098 2295 1152 μον.
2357 1080 2577 1150 Ἀπέχει
2636 1079 2743 1133 ἀπὸ
2793 1080 2893 1151 τὴν
2935 1077 3298 1150 Ἰερουσαλὴμ
3350 1076 3550 1148 δρόμον
3603 1075 3746 1145 ἠμε-

496 1179 746 1225 sanctum
772 1172 965 1227 rubum
989 1175 1266 1230 ardentem
1289 1175 1500 1248 Moyses
1530 1179 1759 1246 aspexit.
1783 1176 2063 1248 Templum

2173 1174 2281 1247 ρῶν
2337 1170 2419 1228 ιε’.
2450 1174 2607 1227 Ἐκεῖ
2632 1168 2774 1226 εῖδεν
2816 1172 2846 1225 6
2898 1172 3142 1240 Μωῦσῆς
3191 1169 3290 1240 τὴν
3328 1167 3491 1237 ἁγίαν
3555 1165 3745 1236 βάτον,

497 1271 786 1319 structum
811 1263 1001 1336 lignea:
1039 1266 1257 1337 plumbo
1301 1269 1647 1338 contegitur;
1685 1271 2067 1341 sustinentque

2168 1271 2303 1324 ὀποῦ
2335 1268 2555 1321 ὲκέετοο
2603 1267 2700 1320 καὶ
2726 1265 2843 1320 ἕναι
2872 1265 2900 1317 6
2924 1265 3051 1326 ναὸς
3092 1263 3234 1333 μετὰ
3289 1263 3491 1330 σκευῆς
3525 1258 3749 1328 ξυλίνης

496 1355 624 1411 illud
677 1357 940 1413 columnae
970 1360 1276 1416 duodecim.
1326 1361 1486 1417 Bema
1519 1364 1731 1419 musivo
1774 1365 2064 1422 interstin-

2169 1359 2673 1433 μολιδοσκὲπαστη,
2708 1358 2801 1412 καὶ
2849 1355 3194 1425 βαστάστηνε
3225 1353 3474 1416 κολόναις
3509 1351 3579 1422 ιβ’
3603 1369 3619 1383 ο
3654 1351 3749 1403 καὶ

496 1456 642 1502 etum
688 1460 791 1517 est,
853 1463 1311 1522 repraesentatque
1355 1455 1894 1525 transﬁgurationem
1954 1457 2061 1511 Dn-

2170 1452 2226 1506 τὸ
2289 1453 2440 1524 βῆμα
2480 1447 2620 1506 εἶναι
2660 1449 3041 1521 ἱστορίσμένον
3082 1447 3222 1518 μετὰ
3279 1445 3510 1517 μωσίου,
3563 1444 3670 1496 καὶ
3719 1444 3751 1512 ἡ

499 1539 649 1594 mini.
684 1538 861 1597 Situm
901 1554 983 1597 est
1035 1544 1107 1599 ibi
1149 1545 1204 1600 in
1244 1561 1403 1616 capsa
1449 1563 1749 1603 marmorea
1796 1548 2064 1619 reliquum

2172 1544 2618 1616 μεταμόρφωσις.
2656 1543 2815 1597 Ἐναι
2857 1541 2917 1594 τὸ
2967 1539 3190 1609 λείψανο
3227 1538 3328 1608 τῆς
3375 1537 3533 1606 ἁγίας
3574 1536 3753 1588 Αἰκα-

496 1639 695 1688 sanctae
740 1633 1077 1702 Catharinae;
1130 1639 1475 1708 pendentque
1507 1639 1739 1710 desuper
1786 1639 2064 1710 lampades

2167 1636 2384 1708 τερίνης
2408 1638 2488 1702 είς
2517 1635 2761 1708 λάρνακα
2794 1632 3189 1706 μαρμαρέίνον
3209 1648 3224 1662 ·
3255 1631 3350 1686 καὶ
3378 1628 3592 1686 ἄνωθεν
3625 1626 3747 1700 κρέα

497 1737 624 1780 tres.
682 1725 726 1778 Α
780 1734 932 1798 tergo
981 1728 1212 1786 hematis
1265 1733 1365 1785 sub
1425 1745 1582 1787 sacra
1633 1747 1818 1787 mensa
1871 1733 2064 1787 ardent

2176 1745 2398 1799 μουνται
2419 1727 2709 1799 κανδήλαις
2739 1729 2911 1797 τρεῖς,
2946 1724 3044 1779 καὶ
3061 1721 3236 1778 ὀπίσω
3252 1720 3344 1774 τοῦ
3364 1721 3638 1793 βήματος,
3663 1717 3757 1773 καὶ

497 1816 772 1886 lampades
823 1829 953 1874 tres.
986 1819 1198 1876 Sacella
1243 1836 1412 1891 penes
1465 1822 1724 1893 templum
1758 1831 1903 1890 sunt,
1941 1839 2066 1879 san-

2174 1820 2430 1876 ἁποκὰτω
2463 1818 2562 1887 τῆς
2588 1819 2750 1888 ἁγίας
2773 1816 3055 1890 τραπέζας
3093 1813 3310 1869 ἁπτοῦν
3342 1810 3647 1880 κανδήλαις
3681 1817 3755 1880 γ’.

497 1918 704 1963 rtorum
752 1908 1030 1977 abbatum,
1065 1913 1415 1983 reliquimque
1456 1913 1509 1970 in
1559 1916 1627 1972 iis
1661 1915 1931 1986 repositae,
1969 1916 2065 1987 qui

2176 1913 2325 1984 Ἔχει
2355 1913 2436 1965 lla
2447 1911 2720 1982 ρακλήσια
2738 1910 2846 1964 τῶν
2867 1908 3038 1978 ἁγίων
3072 1906 3353 1962 ’Δὸϐάδων
3371 1921 3386 1938 ο
3415 1905 3508 1959 καὶ
3531 1906 3757 1958 κεῖνται

497 2003 548 2055 in
572 2001 698 2057 Sina
731 2013 912 2060 monte
938 2013 991 2061 et
1020 2005 1218 2077 Raythi
1246 2009 1468 2064 civitate
1490 2009 1795 2065 obtruncati
1820 2008 2059 2066 fuerunt.

2176 2004 2235 2058 τὰ
2263 2003 2495 2073 λείψανα
2530 2003 2642 2056 τῶν
2670 2002 2728 2057 ἐν
2768 2002 2902 2074 Σινᾷ
2929 2001 3026 2057 καὶ
3064 1997 3288 2054 Ῥαῖθοῦ
3317 1996 3757 2067 ἀναιρεθέντων.

493 2093 770 2165 Propeque
814 2097 983 2152 aedem
1035 2099 1359 2156 catholicam
1413 2102 1663 2157 visuntur
1710 2103 1813 2158 alia
1863 2104 2062 2159 sacella

2172 2096 2342 2150 Αὐτοῦ
2377 2099 2490 2167 εχει
2521 2095 2686 2166 ἕτερα
2725 2092 3081 2165 παρακλήσια
3111 2092 3193 2156 είς
3239 2088 3302 2143 τὸ
3330 2086 3638 2142 καθολικδν
3676 2083 3753 2152 ς’.

495 2202 609 2242 sex.
648 2185 785 2242 Sunt
813 2196 869 2243 et
913 2189 1019 2243 alia
1047 2189 1241 2244 sacella
1286 2190 1337 2244 in
1384 2193 1737 2259 monasterio,
1769 2195 1822 2248 in
1867 2182 2062 2262 quibus

2173 2190 2329 2243 Ἔναι
2375 2189 2472 2242 καὶ
2510 2189 2676 2258 ἕτερα
2705 2185 3062 2258 παρακλήσια
3092 2185 3172 2248 είς
3203 2184 3265 2236 τδ
3309 2180 3649 2252 μοναστήρη
3685 2180 3754 2249 μὶ

492 2278 909 2346 quatuordecim
943 2279 1256 2335 sacerdotes
1302 2281 1497 2337 missas
1527 2284 1827 2340 celebrant.
1861 2284 2062 2342 Puteus

2170 2280 2250 2348 t6',
2282 2281 2443 2336 ὀποῦ·
2465 2279 2842 2351 λειτουργοῦν.
2871 2280 3033 2332 Ἔναι
3087 2275 3183 2331 καὶ
3227 2275 3286 2330 τὸ
3319 2274 3570 2346 πηγάδη,
3612 2271 3751 2327 ὀποῦ

494 2383 709 2440 quoque
761 2381 864 2436 est,
907 2384 973 2426 ex
1024 2387 1130 2442 quo
1161 2371 1373 2442 Moyses
1419 2385 1605 2447 potum
1639 2378 1914 2448 praebebat
1946 2379 2063 2434 ovi-

2177 2375 2413 2439 ἐπότιζεν
2443 2375 2471 2428 6
2497 2374 2740 2443 Μωῦσῆς
2781 2371 2849 2424 τὰ
2891 2370 3168 2444 πρόϐατα.
3213 2368 3282 2422 Ἦ
3310 2367 3367 2420 δὲ
3401 2367 3459 2420 τὸ
3492 2366 3630 2437 ὅρος
3663 2363 3758 2418 τοῦ

497 2460 618 2516 bus.
651 2461 802 2518 Mons
836 2464 965 2519 Sina
1011 2472 1345 2527 monasterio
1372 2470 1701 2540 superjacet,
1728 2473 2061 2527 ascenditur-

2176 2466 2295 2522 Σινᾶ
2319 2461 2460 2520 εἶναι
2494 2464 2705 2520 ἄνωθεν
2736 2462 2834 2517 τοῦ
2883 2460 3280 2534 μοναστηρίου,
3328 2457 3423 2514 καὶ
3451 2457 3757 2512 ἀναϐαίνει

491 2567 594 2619 que
625 2555 690 2609 ad
736 2556 888 2612 illum
923 2559 1180 2628 gradibus
1236 2564 1514 2620 sexcentis
1551 2573 1605 2619 et
1663 2579 1759 2621 sex
1793 2565 2058 2634 millibus.

2180 2558 2361 2613 ςκαλία
2394 2557 2453 2625 ἒξ
2483 2557 2723 2628 χιλιάδες
2772 2556 2867 2610 καὶ⁵
2901 2555 3183 2623 ἑξακόσια,
3207 2554 3302 2608 καὶ
3327 2549 3616 2605 ἀναϐαίνει
3649 2550 3761 2614 ἕως

489 2643 846 2712 Ascendens,
892 2647 946 2702 in
998 2649 1178 2706 medio
1247 2664 1430 2710 monte
1494 2657 1751 2725 templum
1817 2657 2061 2728 Delparae

2180 2651 2265 2723 τὴν
2308 2650 2484 2723 μέσην
2518 2647 2613 2702 τοῦ
2659 2649 2844 2718 ὅρους,
2886 2648 2984 2702 καὶ
3026 2645 3276 2718 εὑρίσκει
3327 2644 3420 2699 τὸν
3468 2641 3605 2697 ναὸν
3657 2643 3761 2712 τῆς

490 2750 705 2793 sacrum
738 2741 960 2810 reperit,
993 2744 1081 2799 cui
1127 2761 1321 2801 nomen
1359 2747 1626 2820 Engytriaa
1659 2767 1672 2803 :
1708 2766 1939 2820 namque
1975 2752 2058 2807 vi-

2181 2741 2428 2797 95016xou
2477 2742 2576 2812 τῆς
2636 2739 2962 2811 Ἐγγύτριας
3022 2735 3117 2791 τοῦ
3193 2734 3600 2808 μοναστηρίου·
3662 2734 3762 2791 καὶ

486 2828 646 2888 detur
686 2836 1047 2905 spopondisse
1085 2853 1184 2909 pro
1235 2843 1590 2898 monasterio.
1643 2841 1818 2914 Supra
1855 2855 1939 2900 est
1967 2861 2060 2902 sa-

2179 2836 2475 2909 ταραπάνω
2509 2830 2653 2889 εῖναι
2751 2831 2878 2895 ναὸς
2917 2835 3012 2886 τοῦ
3043 2830 3327 2903 προφήτου
3367 2826 3558 2881 Ἦλιοῦ
3585 2843 3602 2858 ⁸
3639 2827 3760 2880 εναι

489 2938 578 2977 cra
611 2923 741 2981 Elite
770 2929 1049 2998 propheta
1078 2931 1241 2996 aedes,
1275 2941 1329 2987 et
1388 2935 1646 3006 spelunca
1674 2936 1726 2990 in
1761 2953 1862 3008 qua
1913 2939 2059 3008 jeju-

2180 2929 2221 2984 ςὶι
2241 2927 2516 3002 Σπήλαιον
2540 2924 2676 2981 ὀποῦ
2698 2926 3023 2997 ἐνήστευσεν
3052 2924 3294 2996 ἡμέραις
3319 2920 3393 2992 μ’.
3429 2922 3538 2975 Καὶ
3559 2921 3761 2977 ἐπάνω

490 3014 636 3070 navit
663 3019 1019 3091 quadraginta
1049 3021 1185 3079 dies.
1221 3025 1368 3080 Et‘in
1411 3037 1600 3082 sancto
1638 3031 1834 3084 montis
1858 3033 2061 3086 vertice

2174 3025 2242 3089 tl;
2273 3025 2373 3096 τὴν
2415 3021 2578 3092 ἁγίαν
2607 3017 2854 3091 κορυφὴν
2883 3018 2976 3071 τοῦ
3020 3017 3182 3086 ὅρους
3231 3010 3372 3068 εἶναι
3402 3016 3428 3067 6
3463 3014 3604 3075 ναὸς
3659 3011 3755 3067 τοῦ

486 3108 746 3178 templum
775 3114 1105 3169 sanctissimi
1137 3117 1410 3187 propheta:
1445 3119 1666 3191 Moysis,
1699 3123 1750 3175 in
1788 3138 1895 3191 quo
1919 3139 2056 3193 qua-

2179 3117 2316 3186 ιγίου
2353 3115 2636 3186 προφήτου
2671 3110 2934 3176 Μωσέως,
2983 3107 3124 3162 ὀποῦ
3160 3108 3486 3178 ἑνήστευσεν
3518 3106 3760 3178 ἡμέρας

488 3198 735 3271 draginta
766 3202 884 3259 dies
903 3203 1208 3275 jejunavit;
1243 3211 1584 3278 postmodum
1621 3212 1694 3265 illi
1723 3213 1863 3269 Deus
1888 3230 2055 3284 appa-

2177 3208 2243 3281 μ.⁸,
2277 3207 2372 3262 καὶ
2400 3207 2538 3277 μετὰ
2569 3203 2743 3259 ταῦτα
2769 3203 2944 3272 ἐφάνη
2969 3199 3118 3270 αὐτῷ
3142 3201 3171 3253 6
3210 3200 3365 3267 Θεὸς,
3414 3199 3505 3253 καί⁸
3537 3199 3758 3270 ἐλάλη-

488 3293 622 3359 ruit,
645 3306 700 3349 et
726 3296 951 3352 dictavit
982 3298 1058 3353 illi
1089 3300 1287 3371 legem,
1311 3311 1365 3357 et
1400 3318 1430 3357 a
1472 3301 1581 3360 Deo
1619 3305 1816 3361 incisas
1849 3307 2057 3364 litteras

2180 3319 2262 3356 τεν
2287 3301 2435 3372 αὑτῷ
2468 3299 2560 3352 τὸν
2587 3296 2774 3367 νόμον,
2799 3296 2896 3349 καὶ
2916 3295 2986 3349 τά
3021 3292 3366 3363 θεοχὰρακτα
3391 3290 3724 3362 γράμματα
3745 3305 3761 3322 ·

487 3385 752 3441 exhibuit.
809 3387 1009 3445 Ibidem
1041 3399 1124 3447 est
1151 3403 1207 3448 et
1249 3395 1339 3464 qui
1375 3410 1499 3451 eum
1557 3399 1774 3468 operuit
1810 3398 1969 3470 lapis.
2000 3400 2060 3455 ln

2182 3393 2284 3446 ἱναι
2313 3391 2410 3446 καὶ
2444 3392 2478 3462 ἡ
2513 3391 2689 3458 πέτρα
2725 3389 2758 3459 ὴ
2792 3386 3117 3441 σκεπάσασα
3139 3383 3324 3438 αὐτόν.
3357 3381 3531 3436 Αὑτοῦ
3570 3386 3661 3446 εἰς
3692 3383 3763 3437 τά

487 3479 688 3534 montis
720 3479 966 3538 articulis
990 3493 1114 3539 sunt
1141 3486 1328 3542 sedilia
1371 3495 1616 3557 septem;
1672 3491 1853 3562 ibique
1883 3508 2058 3563 prope

2178 3487 2263 3557 ip'q
2299 3483 2442 3552 μέσα
2487 3478 2631 3536 εἶναι
2680 3479 3002 3549 καθίει-ματα
3031 3476 3094 3543 ξ’.
3127 3477 3305 3530 Αὑτοῦ
3337 3475 3499 3528 κοντὰ
3550 3474 3684 3528 έναι
3723 3478 3759 3545 ἡ

489 3571 699 3641 adiacet
727 3587 913 3629 saxum
957 3574 1012 3629 in
1059 3591 1164 3645 quo
1198 3576 1432 3636 Joannes
1461 3580 1732 3639 Climacus
1762 3598 1857 3654 per
1891 3601 2062 3643 annos

2184 3578 2339 3648 πέτρα
2379 3574 2516 3628 ὀποῦ
2555 3573 2817 3628 ὲκάθετον
2863 3569 3124 3641 Ἰωάννης
3159 3568 3258 3636 τῆς
3285 3568 3579 3636 Κλίμακος
3621 3572 3765 3640 χρό-

488 3665 842 3736 quadraginta
867 3669 1026 3734 sedit,
1056 3680 1110 3724 et
1146 3671 1366 3740 scripsit
1398 3673 1636 3730 Scalam.
1677 3677 1849 3734 Distat
1886 3695 1914 3735 a
1945 3695 2061 3735 mo-

2184 3687 2286 3734 νους
2319 3666 2369 3740 μ’
2390 3685 2404 3700 ο
2436 3670 2553 3722 ἐκεῖ
2584 3666 2826 3738 ἔγραψεν
2853 3664 2952 3735 τὴν
2982 3663 3268 3734 Κλίμακα.
3295 3661 3511 3731 Ἀπέχει
3547 3662 3668 3714 ἀπὸ
3701 3664 3765 3716 τὸ

490 3759 727 3812 nasterio
776 3775 872 3815 sex
925 3761 1090 3816 millia
1137 3779 1416 3833 passuum.
1467 3765 1667 3823 Saxum
1711 3786 1862 3837 vero,
1915 3773 2056 3843 quod

2184 3763 2533 3833 ιοναστήριον
2568 3759 2722 3831 μίλια
2771 3764 2848 3824 ς’.
2891 3757 2954 3810 Ἡ
2987 3757 3045 3810 δὲ
3093 3756 3269 3827 πέτρα
3294 3754 3428 3808 ὀποῦ
3463 3754 3684 3808 ἔδωκεν
3735 3757 3765 3810 6

488 3851 684 3906 baculo
714 3852 930 3924 Moyses
963 3856 1244 3921 tondebat,
1288 3865 1340 3912 et
1379 3873 1447 3913 ex
1478 3876 1587 3928 quo
1620 3878 1773 3932 aquae
1806 3865 2060 3921 exsilive-

2183 3855 2408 3924 ιιωῦσῆς
2434 3852 2534 3925 τὴν
2565 3852 2782 3924 ῥάϐδον,
2806 3850 2902 3906 καὶ
2922 3849 3198 3922 ὲρῤύησαν
3222 3848 3412 3913 ὕδατα,
3444 3847 3570 3901 έναι
3606 3847 3764 3919 μέσα

488 3951 634 4011 runt,
663 3942 717 3998 in
751 3945 928 4001 medio
959 3947 1181 4015 itinere,
1234 3964 1340 4019 quo
1369 3951 1434 4005 ad
1467 3962 1781 4008 sanctorum
1811 3956 2058 4021 Quadra~

2180 3950 2242 4011 είς
2295 3945 2386 3999 τὸν
2442 3945 2669 4016 δρόμον,
2715 3943 2850 3998 ὀποῦ
2913 3942 3118 4010 ὑπάγει
3155 3943 3235 4005 είς
3264 3941 3326 3994 τὸ
3364 3941 3761 4012 μοναστήριον

489 4037 638 4105 ginta
665 4049 967 4109 martyrum
1023 4042 1406 4097 monasterium
1436 4046 1769 4113 proceditur,
1793 4047 1969 4117 jacet;
2006 4056 2061 4103 et

2178 4040 2268 4094 τῶν
2301 4038 2475 4106 ἁγίων
2532 4035 2962 4108 Τεσσαράκοντα
3019 4033 3354 4104 μαρτύρωνο
3414 4033 3507 4085 καὶ
3568 4033 3759 4088 αὑτοῦ

491 4127 561 4182 ibi
609 4144 770 4197 supra
810 4144 968 4184 mons
1008 4129 1223 4186 Sanctae
1261 4132 1568 4190 Callian-inm
1611 4138 1963 4205 conSpicitur,
2003 4139 2058 4193 in

2179 4134 2371 4188 ἱνωθεν
2414 4132 2531 4186 ἔναι
2564 4132 2625 4185 τὸ
2657 4131 2782 4202 ὅρος
2821 4130 2921 4202 τῆς
2967 4129 3160 4198 ’Λγίας
3182 4128 3570 4202 Αίκατερίνης,
3610 4131 3760 4186 ὀποῦ

486 4235 594 4276 uno
620 4237 714 4290 per
746 4237 915 4276 annos
951 4233 1220 4279 trecentos
1256 4226 1532 4297 sexaginta
1563 4228 1806 4300 quinque
1854 4232 2064 4300 requie-

2184 4229 2424 4282 ικὰθετον
2466 4226 2694 4297 χρόνους
2730 4225 3087 4295 τριακοσίους
3128 4223 3389 4294 ἐξήκοντα
3425 4223 3620 4287 πέντε,
3659 4223 3765 4279 καὶ

486 4314 584 4377 vit,
637 4314 705 4368 ab
745 4314 948 4383 angelis
982 4317 1270 4371 custodita.
1318 4319 1360 4372 A
1416 4319 1542 4373 Sina
1583 4330 1768 4376 monte
1799 4324 1865 4376 ad
1919 4322 2061 4392 Bay-

2178 4320 2402 4374 i6).é1:1v
2430 4335 2530 4389 την
2553 4318 2603 4370 oi.
2635 4316 2879 4386 ἄγγελοι.
2902 4315 3038 4369 Ἀπὸ
3060 4314 3155 4369 τοῦ
3187 4316 3317 4370 Σινᾶ
3336 4315 3440 4379 ἕως
3468 4313 3575 4385 τῆς
3592 4317 3759 4369 Ῥαί-

489 4406 640 4460 thum
667 4406 876 4473 urbem,
900 4410 1126 4462 duorum
1158 4409 1364 4464 dierum
1415 4411 1513 4466 iter
1557 4411 1854 4480 interiacet.
1884 4412 2061 4483 Prope

2178 4412 2262 4467 ἰοῦ
2303 4411 2421 4466 Eva:
2464 4412 2493 4466 6
2522 4409 2744 4482 δρόμος,
2793 4410 2920 4463 ὅσον
2952 4411 3251 4480 περιπατεῖ
3283 4410 3493 4481 ἡμέρας
3550 4407 3622 4480 β’,
3657 4411 3759 4464 καὶ

487 4505 572 4553 est
600 4513 748 4554 mare
773 4499 1037 4566 Rubrum,
1065 4505 1206 4574 quod
1236 4503 1582 4572 pertransivit
1611 4477 1852 4576 Moyses;
1885 4477 2065 4576 Rha'y-

2178 4507 2334 4560 ιοντὰ
2372 4505 2472 4575 τῆς
2509 4477 2729 4556 Ἱδαΐθοῦ
2787 4501 2904 4556 ἔναι
2933 4502 2968 4573 ἡ
2998 4477 3245 4571 Ἐρυθρὰ
3288 4477 3562 4568 Θάλασσα,
3616 4502 3759 4555 ἔνθα

491 4600 600 4642 tum
635 4599 761 4644 sunt
809 4592 970 4644 etiam
1012 4593 1349 4663 septuaginta
1382 4593 1553 4646 trunci
1584 4594 1906 4663 palmarum.
1954 4595 2064 4652 Nec

2178 4599 2438 4669 ἐπέρασεν
2477 4598 2505 4650 6
2532 4596 2772 4667 Μωῦσῆς
2801 4596 2883 4659 είς
2909 4593 3251 4665 γλυκύτητα.
3286 4595 3453 4648 Αὑτοῦ
3493 4596 3619 4649 έναι
3653 4597 3759 4650 καὶ

491 4678 648 4749 longe
699 4690 780 4734 est
812 4679 1170 4737 Praccursoris
1209 4686 1638 4751 monaSIerium;
1682 4702 1788 4755 quo
1827 4686 1877 4741 in
1944 4688 2064 4743 loco

2178 4695 2214 4745 >ί
2263 4691 2640 4761 ἑϐδομήκοντα
2690 4689 2927 4760 στελέχη
2969 4688 3254 4758 φοινίκων.
3305 4687 3477 4742 Αὐτοῦ
3513 4691 3598 4754 εἰς
3643 4691 3759 4761 τὴν

493 4766 738 4820 monachi
772 4783 800 4821 a
837 4765 1236 4837 Blemmyilihus
1268 4773 1625 4827 contrucidati
1658 4773 1860 4828 obiere.

2181 4783 2395 4839 Ῥαῐθοῠ
2459 4784 2598 4854 σιμᾶ
2652 4781 2766 4853 ἔχει
2821 4782 3192 4854 μοναστήριον
3245 4783 3340 4836 τοῦ
3391 4783 3753 4853 Προδρόμου,

2166 4879 2300 4932 ὀποῦ
2353 4879 2722 4948 ἁναιρέθησαν
2753 4877 2803 4929 oi
2854 4877 3081 4947 μοναχοὶ
3117 4876 3227 4928 ἀπὸ
3273 4874 3380 4928 τῶν
3410 4875 3755 4944 Βλεμμύων.

562 4963 650 5018 10.
685 4964 858 5020 Distat
907 4963 1172 5036 Aigyptus
1218 4966 1285 5019 ab
1327 4965 1458 5020 urbe
1501 4964 1802 5022 Jerusalem
1835 4967 2063 5022 duorum

2243 4977 2293 5026 ι’.
2337 4970 2403 5024 Ἦ
2448 4971 2507 5024 δὲ
2535 4970 2813 5039 Αἴγυπτος
2850 4968 3050 5038 ἀπέχει
3087 4968 3194 5022 άπὸ
3233 4967 3332 5038 τὴν
3383 4967 3757 5040 Ἰερουσαλὴμ.

491 5059 703 5113 dierum
761 5060 882 5112 iter.
941 5058 1012 5111 Eo
1066 5059 1292 5113 accessit
1347 5057 1573 5129 Deipara
1638 5075 1762 5115 cum
1822 5060 2061 5127 Christo,

2174 5064 2373 5135 δρόμον
2404 5063 2627 5135 ἡμερῶν
2660 5061 2725 5132 β’.
2756 5060 2932 5116 Αὑτοῦ
2966 5057 3186 5131 ἢλθενὴ
3225 5059 3485 5124 Θεοτόκος
3503 5061 3754 5130 φεύγον-

493 5152 719 5207 Ηυτοιίῑε
760 5152 894 5205 iram
944 5151 1153 5218 vitans;
1208 5153 1598 5222 impletumque
1644 5163 1727 5208 est
1785 5154 2064 5223 propheta:

2175 5174 2264 5220 τας
2316 5155 2452 5227 μετὰ
2493 5155 2586 5208 τὸν
2615 5155 2852 5226 Χριστὸν
2906 5153 3013 5208 ὑπὸ
3057 5153 3324 5221 Ἡρώδου.
3365 5154 3539 5207 Αὑτοῦ
3564 5149 3756 5225 ἔπληο

489 5249 687 5300 dictum
727 5265 739 5298 :
779 5245 859 5299 Ex
893 5244 1124 5316 ngyplo
1155 5246 1329 5300 vocavi
1363 5245 1531 5302 ﬁlium
1582 5263 1752 5300 meum
1783 5247 1850 5301 ¹⁰.
1876 5248 1941 5302 Et
1979 5255 2060 5303 cst

2172 5249 2315 5320 ρὼοη
2336 5248 2394 5302 τὸ
2418 5247 2580 5322 ῥητὸν
2594 5245 2686 5302 τοῦ
2710 5246 3128 5319 Προφήτου,Ἔξ
3149 5248 3446 5316 Atquiater
3470 5245 3753 5301 ἐκάλεσα

490 5342 660 5406 locus,
693 5341 783 5410 qui
819 5339 1046 5393 Malaria
1099 5340 1315 5394 dicitur.
1354 5340 1604 5410 Fluitque
1657 5341 1856 5395 ibidem
1908 5338 2051 5405 fons,

2169 5337 2271 5393 τὸν
2297 5340 2430 5394 υἱόν
2446 5357 2588 5410 μου.
2614 5339 2788 5392 Αὑτοῦ
2815 5338 2928 5410 ἔχει
2963 5340 3146 5405 τόπον,
3184 5341 3274 5393 καὶ
3306 5341 3602 5411 όνομὰζουν
3642 5340 3750 5393 τὸν

490 5435 581 5501 qui
611 5442 663 5486 et
691 5433 1126 5502 speciocissimus
1166 5442 1267 5498 est,
1302 5442 1355 5488 ct
1386 5431 1650 5488 malorum
1688 5434 1926 5487 omnium
1969 5447 2058 5489 sa-

2170 5431 2475 5502 Ματάρεια.
2518 5430 2672 5501 Ἔχει
2696 5431 2790 5484 καὶ
2820 5432 3005 5502 πηγὴν
3056 5432 3346 5503 παντερπῆ
3380 5432 3474 5484 καὶ
3507 5432 3751 5500 inpar:-

493 5529 710 5582 uilatem
736 5534 972 5594 praestat.
1006 5525 1060 5580 In
1096 5541 1158 5581 eo
1181 5525 1405 5596 Deipara
1442 5525 1636 5581 fascias
1661 5524 1780 5580 Filii
1811 5524 1958 5579 lavit.
1992 5523 2060 5580 Et

2168 5522 2483 5595 κήν.-Λὺτοῦ
2513 5518 2676 5594 ἦλθεν
2709 5525 2741 5595 ἠ
2776 5523 3060 5589 Θεοτόκος,
3107 5523 3202 5578 καὶ
3265 5524 3460 5578 ζπλυνε
3488 5522 3580 5579 τοῦ
3606 5523 3747 5578 υξοῦ

493 5624 547 5674 in
584 5635 690 5690 quo
740 5634 835 5674 eas
893 5620 1130 5675 extendit
1155 5633 1283 5691 agro
1328 5617 1734 5676 Balsamelaanm
1787 5616 2055 5676 scaturiit.

2169 5618 2268 5690 τῆς
2289 5614 2357 5670 τὰ
2389 5615 2700 5686 σπάργανα.
2738 5615 2846 5669 Καὶ
2876 5617 2992 5670 ἐκεῖ
3029 5613 3164 5670 ὀποῦ
3201 5615 3270 5672 τὰ
3301 5615 3577 5688 ἥπλωσεν,
3605 5615 3747 5671 hvic

565 5797 611 5829 "
639 5793 777 5853 Osee
801 5809 876 5864 xi,
915 5795 970 5849 9..
