4004 6206
259 406 370 472 985

1511 413 1610 475 DE
1649 413 1863 475 LOCIS
1892 413 2234 480 SANCTIS.

3411 411 3519 475 986

257 517 468 588 ϐρυσεν
497 517 558 572 τὸ
585 515 1011 589 βαλσαμέλαιον.
1041 515 1219 576 Δῦτοῦ
1263 518 1345 584 είς
1377 518 1437 573 τδ
1465 520 1683 594 Κάερος
1708 523 1843 592 σιμᾶ

1963 521 2121 592 Prope
2146 523 2404 596 Cayrum,
2436 523 2666 581 duorum
2697 522 2922 579 dierum
2953 521 3078 588 iter,
3113 521 3307 578 visitur
3335 522 3515 592 magni

257 609 329 666 ἐκ
371 609 466 664 δύο
511 609 696 683 μερῶν
752 612 988 684 στράταν
1045 612 1161 667 ἐναί
1217 614 1279 667 τδ
1334 613 1696 684 μοναστὴριον
1744 614 1840 668 τοῦ

261 704 506 773 μεγάλου
559 705 860 776 ’Δρσενίοω
916 706 1098 770 Αὐτοῦ
1157 706 1378 779 ἔρχεται
1424 709 1453 762 6
1495 708 1688 770 Νεῖλος
1739 725 1840 761 πο-

255 794 442 865 ταμὸς
496 795 603 850 ἀπὸ
640 797 734 851 τὸν
776 798 1138 868 Παρὰδεισον,
1170 801 1265 852 καὶ
1318 800 1531 863 ποτίζει
1569 800 1701 870 ὅλην
1739 799 1839 870 τὴν

255 887 569 957 Δίγυπτον.
611 889 786 943 Αὐτοῦ
812 890 918 956 ἔξω
948 891 1042 946 τοῦ
1077 893 1292 963 Καέρος
1321 892 1442 947 ἔναι
1475 892 1537 947 τὸ
1568 893 1805 947 Χανὲκει
1825 910 1839 925 ·

260 982 360 1034 atat
391 981 488 1034 ἀπ’
529 981 698 1036 αὑτοῦ
730 981 958 1054 ἔρχεσαι
1005 985 1086 1048 είς
1121 985 1183 1039 τὸ
1216 986 1386 1058 Γάζη,
1426 986 1522 1040 καὶ
1565 986 1680 1056 ἔχει
1717 985 1844 1040 ναὸν

259 1071 366 1140 τῆς
405 1071 712 1142 ὕπεραγίας
768 1072 1033 1128 Θεοτόκου
1082 1074 1460 1147 ὡραιὼτατον.
1512 1076 1737 1148 Ἀπέχει
1783 1076 1845 1129 τὸ

260 1165 451 1235 Γάζην
491 1165 598 1219 ἀπὸ
624 1167 724 1237 τὴν
766 1166 1130 1238 Ἰερουσαλὴμ
1159 1168 1374 1242 ἡμέρας
1399 1168 1463 1240 β’.
1506 1170 1685 1224 Αὐτοῦ
1719 1168 1849 1224 ἐϐά-

262 1275 466 1314 πτισεν
488 1261 514 1312 6
537 1257 694 1327 ἅγιος
713 1259 983 1325 Φίλιππος
1013 1261 1105 1318 τὸν
1128 1262 1406 1334 εὐνοῦχον.
1431 1262 1503 1316 T6
1518 1262 1574 1317 δὲ
1598 1263 1847 1334 Καῖάφα,

261 1351 408 1404 ὀποῦ
442 1351 657 1405 ἁλίευεν
678 1355 704 1406 6
729 1353 958 1423 Πέτρος,
978 1354 1174 1427 ἀπέχει
1203 1356 1315 1409 ἀπὸ
1345 1355 1446 1427 τὴν
1481 1355 1846 1427 Ἰερουσαλὴμ

268 1445 455 1514 μίλιον
483 1445 553 1500 α’.
595 1448 659 1501 Ἦ
687 1447 743 1500 ἰὲ
774 1447 1095 1518 Τιϐεριάδος
1126 1449 1392 1514 θάλασσα,
1421 1449 1557 1504 ὀποῦ
1586 1451 1844 1504 ἁλίευσαν

268 1541 322 1591 οἱ
355 1539 646 1593 ἀπόστολοι
677 1539 873 1610 ἀπέχει
934 1541 1045 1595 ἀπὸ
1075 1541 1176 1612 τὴν
1226 1542 1587 1615 Ἰερουσαλὴμ
1632 1543 1849 1615 ἡμέρας

264 1632 340 1704 γ’.
390 1635 566 1689 Αὐτοῦ
611 1638 738 1699 τοὺς
772 1630 944 1708 ηὗρεν
998 1641 1027 1692 6
1076 1639 1314 1709 Χριστὸς
1369 1642 1468 1695 καὶ
1499 1641 1624 1704 τοὺς
1656 1637 1848 1694 εἶπεν·

265 1729 448 1787 Δεῦτε
487 1731 680 1785 ὀπίσω
707 1749 848 1799 μου,
897 1732 997 1786 καί
1027 1733 1262 1800 ποιήσω
1304 1733 1462 1805 ὑμᾶς
1507 1734 1699 1802 ἁλιεῖς
1747 1735 1855 1791 ἀν-

266 1821 523 1888 θρώπων
542 1839 555 1854 ·
583 1827 676 1878 καὶ
708 1826 1092 1897 ἠκολούθησαν
1121 1827 1296 1898 αὐτῷ.

345 1915 440 1963 ια’.
501 1911 596 1974 El;
628 1913 865 1967 αὐτὰτὰ
925 1917 1063 1987 μέρη
1123 1912 1265 1972 εἶναι
1317 1917 1487 1987 ὁρηνὴ
1546 1919 1641 1972 τοῦ
1691 1919 1847 1987 ἁγίου

284 1997 546 2055 Ἰωάννου
577 2001 671 2056 τοῦ
706 2004 1047 2076 Προδρόμου.
1084 2006 1258 2061 Αὐτοῦ
1289 2002 1452 2078 ἦλθεν
1485 2011 1518 2078 ἡ
1553 2009 1844 2076 Θεοτόκος,

263 2096 366 2146 καὶ
400 2095 684 2163 ἠσπάσατο
705 2097 804 2168 τὴν
843 2099 1162 2176 ,Ἐλισὰσεῃ
1188 2101 1283 2154 καὶ
1312 2105 1392 2164 είς
1427 2103 1616 2157 στάδια
1654 2103 1702 2173 β’
1737 2103 1852 2156 έναι

263 2188 330 2240 τὸ
357 2185 506 2260 ὕδωρ
544 2190 644 2258 τῆς
698 2192 1017 2261 Ἐλέγξεως,
1062 2195 1158 2249 καὶ
1195 2196 1398 2250 ὲπάνου
1439 2196 1608 2269 μέρου
1670 2197 1788 2249 έναι
1820 2198 1851 2266 ἡ

268 2280 461 2352 Πέτρα
497 2283 636 2336 ὀποῦ
679 2282 929 2354 ἐσχίσθη,
964 2286 1060 2338 καὶ
1099 2284 1336 2353 ἐφύλαξε
1400 2287 1491 2339 τὸν
1535 2286 1854 2356 Πρόδρομον

268 2373 372 2427 καὶ
405 2372 508 2443 τὴν
537 2376 753 2445 μητέρα
788 2375 980 2432 αὐτοῦ.
1015 2377 1174 2430 Ἐναι
1208 2379 1304 2431 καὶ
1333 2378 1460 2441 ναὸς
1491 2378 1679 2443 αὑτοῦ,
1719 2378 1853 2433 ὀποῦ

265 2463 544 2535 ἐγεννήθη
575 2464 604 2516 6
643 2464 980 2536 Πρόδρομος.
1021 2465 1351 2536 Ἐρχομένου
1380 2485 1475 2520 σου
1511 2469 1590 2530 είς
1616 2468 1716 2538 τὴν
1760 2469 1858 2523 Ἰε-

271 2555 565 2627 ρουσαλὴμ
604 2555 687 2619 είς
728 2555 884 2625 μιλία
929 2556 996 2626 β’,
1036 2553 1273 2611 εἶναιτὸ
1334 2560 1703 2630 μοναστήριον
1758 2559 1855 2615 τοῦ

267 2649 463 2719 τιμίου
485 2648 756 2718 Σταυροῦ,
785 2651 881 2702 καὶ
907 2649 1173 2705 ἀποκάτω
1210 2652 1290 2714 εἰς
1316 2651 1415 2722 τὴν
1454 2652 1618 2720 ἁγίαν
1645 2671 1854 2726 τραπε-

269 2742 380 2807 {av
415 2741 533 2796 Eva:
564 2743 592 2796 6
621 2742 790 2805 τόπος
833 2742 972 2796 61:06
1032 2741 1340 2812 ἐφύτευσεν
1385 2747 1514 2809 τοὺς
1540 2748 1693 2814 τρεῖς
1723 2748 1858 2800 δαυ-

269 2834 405 2899 lci);
440 2836 469 2889 6
496 2833 642 2898 Λὼτ,
682 2835 776 2889 καὶ
804 2835 1064 2904 ὲγινήσαν
1101 2835 1317 2907 δένδρη.
1352 2835 1498 2890 Αὐτὸ
1536 2837 1597 2890 τὸ
1639 2839 1857 2908 δένδρον

270 2927 482 2997 ἔκοψαν
510 2928 559 2981 ol
584 2927 854 2995 Ἰουδαῖοι,
907 2929 1002 2982 καὶ
1045 2928 1315 2998 ἐποίησαν
1347 2928 1442 2982 τὸν
1476 2932 1730 3002 σταυρὸν,
1763 2931 1859 2984 καὶ

270 3019 639 3090 ισταύρωσαν
673 3020 764 3074 τὸν
806 3019 1016 3092 Κύριον
1067 3021 1165 3090 τῆς
1209 3020 1392 3091 δόξης.
1420 3022 1581 3074 Ἐναι
1613 3023 1706 3075 καὶ
1732 3023 1858 3087 ναὸς

271 3112 618 3186 ὡραιότατος
651 3114 717 3184 μὲ
735 3113 989 3184 τρούλλη,
1016 3116 1110 3167 καὶ
1139 3114 1408 3184 κτισμένη
1440 3114 1688 3185 γύρωθεν
1708 3115 1859 3169 ὡσὰν

1875 1870 1923 1931 Β

1942 615 2156 671 Arsenii
2202 616 2614 672 monasterium.
2652 615 2961 686 Ibidemque
2993 612 3150 670 Nilus
3200 629 3230 668 e
3261 614 3518 684 paradiso

1943 707 2132 773 effluit,
2161 717 2216 764 et
2242 695 2549 764 universam
2583 708 2868 781 Egyptum
2899 709 3143 764 inundat.
3182 705 3347 760 Extra
3371 704 3516 778 Cay-

1944 817 2064 856 rum
2098 817 2215 857 sese
2245 802 2405 857 olTert
2429 801 2668 858 Chaneci
2692 820 2706 869 ;
2733 817 2796 856 ex
2823 817 2927 870 quo
2955 801 3020 854 ad
3058 799 3259 854 Gazam
3292 814 3517 870 progre-

1944 894 2112 950 deris.
2186 892 2359 948 Habet
2427 893 2684 963 templum
2761 893 3000 964 Deipara:
3071 891 3515 960 pulcherrimum.

1946 987 2119 1042 Distat
2139 985 2285 1042 Gaza
2317 987 2383 1040 ab
2411 986 2542 1041 urbe
2564 984 2862 1041 Jerusalem
2895 985 3121 1039 duorum
3152 983 3358 1037 dierum
3391 983 3514 1038 iter.

1949 1075 2023 1131 Ibi
2073 1087 2295 1131 sanctus
2357 1073 2636 1145 Philippus
2693 1075 3003 1129 eunuchum
3071 1088 3229 1130 sacro
3300 1074 3516 1128 lavacro

1949 1167 2137 1222 abluit.
2169 1165 2437 1237 Caiapha,
2472 1167 2562 1222 ubi
2623 1167 2937 1238 piscabatur
2981 1166 3201 1230 Petrus,
3234 1165 3398 1220 distat
3452 1164 3520 1218 ab

1950 1258 2081 1312 urbe
2114 1255 2414 1313 Jerusalem
2451 1257 2597 1313 mille
2653 1273 2869 1328 passus.
2907 1257 3057 1312 Mare
3100 1256 3428 1322 Tiberiadis,
3464 1255 3520 1308 in

1947 1367 2056 1420 quo
2086 1351 2435 1422 piscabantur
2466 1351 2718 1420 apostoli,
2749 1351 2915 1405 distat
2958 1350 3025 1404 ab
3054 1349 3186 1404 urbe
3213 1347 3518 1404 Jerusalem

1952 1445 2068 1499 dies
2096 1453 2225 1499 tres.
2253 1444 2457 1499 ibidem
2479 1459 2600 1498 cum
2625 1444 2916 1514 reperisset
2936 1458 3029 1498 eos
3059 1441 3330 1504 Christus,
3348 1441 3520 1495 dixit:

1960 1533 2141 1590 Venite
2179 1543 2293 1603 post
2320 1551 2418 1600 me,
2460 1534 2652 1603 faciam
2688 1551 2770 1591 vos
2800 1536 3094 1604 piscatores
3140 1535 3409 1589 hominum
3435 1534 3474 1564 “
3502 1550 3524 1600 ;·

1955 1639 2009 1684 et
2032 1631 2206 1684 secuti
2237 1637 2361 1684 sunt
2389 1644 2537 1684 eum.

2023 1923 2113 1978 11.
2152 1921 2210 1977 In
2249 1922 2336 1978 his
2370 1934 2591 1992 quoque
2621 1918 2867 1991 partibus
2896 1930 3023 1975 sunt
3055 1925 3309 1973 montana
3357 1914 3526 1969 Joan-

1953 2018 2038 2072 nis
2070 2016 2454 2085 Prtecursoris,
2489 2016 2556 2070 ad
2612 2030 2730 2084 qua:
2775 2014 3039 2068 accedens
3068 2012 3314 2082 Deipara,
3353 2009 3530 2064 Eliza-

1954 2110 2170 2166 betham
2229 2110 2504 2165 salutavit.
2559 2107 2794 2177 indeque
2845 2107 3120 2176 digressus
3167 2106 3272 2158 duo
3328 2102 3525 2166 stadia,

1953 2199 2194 2256 oftendes
2241 2215 2437 2270 aquam
2485 2197 2941 2266 Redargutlonis;
2995 2204 3051 2251 et
3095 2195 3146 2249 in
3181 2205 3332 2264 parte
3372 2207 3532 2260 supe-

1954 2294 2108 2358 riori,
2140 2303 2368 2363 petram,
2412 2307 2531 2361 qua:
2559 2289 2732 2345 divisa
2772 2288 3169 2344 Prtecursorem
3204 2297 3261 2342 et
3293 2294 3525 2339 matrem

1954 2387 2071 2454 ejus
2127 2388 2492 2442 conservavit.
2543 2381 2645 2436 Ubi
2692 2390 2852 2436 natus
2896 2390 2981 2436 est
3015 2380 3346 2444 Praecursor,
3392 2384 3534 2430 tem-

1954 2480 2103 2550 plum
2124 2485 2368 2533 erectum
2392 2486 2496 2530 est.
2533 2473 2834 2530 Jerusalem
2869 2487 3060 2527 versus
3095 2470 3162 2524 ad
3192 2473 3297 2524 duo
3334 2468 3532 2523 millia-

1956 2573 2060 2636 ria,
2092 2578 2173 2626 est
2198 2565 2588 2624 monasterium
2613 2565 2934 2621 veneranda:
2963 2563 3173 2618 Crucis.
3208 2562 3318 2618 Sub
3344 2570 3533 2615 sancta

1957 2678 2142 2718 mensa
2185 2669 2268 2717 est
2303 2660 2466 2730 ;locus
2517 2659 2569 2712 in
2612 2674 2719 2726 quo
2771 2669 2881 2713 tres
2926 2657 3144 2712 titiones
3177 2653 3534 2724 Lotvplanta-

1957 2756 2052 2820 vit,
2090 2756 2181 2824 qui
2216 2754 2267 2808 in
2309 2753 2533 2809 arbores
2564 2765 2882 2807 excrevere.
2920 2750 2994 2804 Ex
3031 2749 3222 2804 horum
3251 2747 3413 2818 lignis
3438 2746 3538 2801 Ju-

1958 2848 2056 2903 dzei
2110 2861 2330 2902 crucem
2381 2845 2745 2911 l‘abricarunt,
2798 2842 2980 2914 illique
3015 2840 3197 2910 gloriae
3253 2840 3536 2893 Dominum

1958 2935 2305 2993 sufﬁxerunt.
2360 2934 2647 3003 Templum
2699 2941 2785 2993 est
2848 2930 3297 3002 pulcherrimum,
3373 2927 3535 2982 trulla

1959 3031 2334 3100 conspicuum,
2368 3035 2422 3082 et
2453 3028 2656 3082 circum
2681 3025 2847 3078 veluti
2887 3039 3006 3090 arx,
3039 3023 3206 3076 muris
3239 3021 3534 3084 vallatum;

1965 3122 2130 3192 janua
2164 3120 2338 3178 ferrea
2375 3129 2494 3184 est;
2526 3133 2693 3188 super
2724 3133 2879 3171 sacra
2916 3130 3098 3171 mensa
3139 3115 3370 3184 pendent
3395 3111 3536 3164 lant-

272 3209 547 3279 κὰστρον·
570 3206 684 3279 ἔχει
718 3207 810 3262 καὶ
844 3206 1052 3276 πόρταν
1103 3205 1324 3275 σιδερήν
1346 3218 1360 3235 ο
1387 3208 1484 3259 καὶ
1513 3205 1722 3259 ἄνωθεν
1754 3205 1857 3277 τῆς

1963 3213 2126 3280 pades
2151 3221 2408 3282 quatuor.
2441 3209 2573 3262 Cum
2599 3205 2898 3262 Jerusalem
2960 3205 3119 3273 petis,
3159 3201 3340 3257 stadia
3386 3201 3542 3270 quin-

271 3303 444 3372 ἁγίας
477 3301 763 3374 τραπέζης
791 3297 1130 3370 κρεμοῦνται
1160 3298 1457 3369 κανδήλαις
1479 3295 1542 3352 δ’.
1586 3298 1860 3368 Ἐρχομέ-

275 3414 376 3454 νου
403 3401 484 3460 είς
515 3397 616 3466 τὴν
650 3393 1008 3465 Ἰερουσαλὴμ
1054 3395 1140 3457 είς
1181 3393 1376 3447 στάδια
1405 3399 1466 3456 ε’,
1500 3386 1641 3446 εἶναι
1665 3392 1728 3445 τὸ
1762 3409 1862 3462 μο-

276 3489 581 3559 ναστήριον
616 3483 712 3539 τοῦ
770 3484 932 3553 ἁγίου
972 3482 1217 3538 Βαδύλα.
1270 3484 1450 3538 Αὑτοῦ
1513 3481 1720 3552 ἔκοψαν
1766 3483 1864 3553 τὴν

281 3579 530 3650 κεφαλὴν
577 3576 674 3630 τοῦ
716 3575 878 3644 ἁγίου
935 3574 1253 3644 Γεωργίουο
1303 3575 1398 3628 xal.
1445 3574 1656 3627 ἀπάνου
1693 3573 1862 3642 μέρου

279 3677 368 3738 είς
398 3673 492 3727 τὸν
530 3671 732 3742 δρόμον
760 3669 881 3724 έναι
913 3669 947 3739 ἡ
980 3667 1157 3736 πέτρα
1186 3666 1322 3722 ὀποῦ
1381 3666 1696 3742 ὲκάθισεῌνή
1731 3668 1865 3720 Θεο-

281 3772 463 3833 τόκος.
492 3739 604 3820 καὶ
630 3739 864 3835 τταρεκεῖ
897 3759 1040 3816 εἶναι
1075 3760 1210 3831 ἄλλη
1262 3760 1439 3831 πέτρα
1495 3739 1630 3812 61:06
1662 3761 1865 3832 ἐστάθη

291 3868 329 3939 ἠ
361 3862 646 3926 Θεοτόκος,
689 3862 785 3913 καὶ
831 3853 1218 3929 ὲπροσκύνησε
1277 3853 1339 3907 τὸ
1374 3852 1530 3924 ἆγιον
1563 3851 1718 3918 ξύλον
1774 3853 1870 3907 καὶ

281 3934 494 4030 τίμιον,
530 3958 625 4009 καὶ
653 3953 755 4025 τὴν
787 3950 949 4020 ἁγίαν
989 3948 1378 4020 Ἰερουσαλήμ,
1423 3947 1534 4001 Kal.
1579 3947 1749 4001 κοντὰ
1781 3934 1869 4011 ἒίς

282 4055 347 4109 τὺ
396 4051 801 4124 Τοιχόκαστρον
849 4047 930 4111 εἰς
979 4045 1170 4100 στάδια
1218 4050 1295 4110 ς’,
1335 4045 1450 4097 έναι
1492 4046 1521 4098 6
1574 4044 1743 4113 ἀγρὸς
1771 4040 1869 4098 τοῦ

297 4147 605 4219 Ἀγρίππα,
635 4142 771 4197 ὀποῦ
801 4137 1043 4194 ἔστειλεν
1073 4139 1101 4192 6
1132 4136 1404 4207 Ἱερεμίας
1435 4135 1527 4191 τὸν
1581 4136 1870 4210 ’Λειμελὲκ

283 4242 378 4298 διὰ
432 4238 597 4302 σῦκα,
658 4237 756 4290 καὶ
809 4234 1026 4287 ὕπνωσε
1076 4229 1305 4300 χρόνους
1370 4229 1700 4300 ἐδδοήκοντα
1753 4230 1870 4288 δύο.

289 4331 541 4389 ’Δνωθεν
566 4327 734 4384 αὐτοῦ
789 4326 908 4382 εναι
939 4323 1180 4393 κάστρον
1227 4322 1417 4376 ἐπάνω
1458 4325 1541 4386 είς
1591 4323 1742 4394 ὅρος,
1774 4323 1872 4378 καὶ

285 4425 456 4484 αὐτοῦ
485 4424 822 4491 ὲπριδνησαν
843 4418 934 4474 τὸν
966 4417 1256 4489 προφήτην
1294 4415 1525 4470 Ἡσαΐαν
1548 4417 1607 4468 ἐν
1635 4416 1872 4488 πριονίῳ

287 4520 511 4591 ξυλίνῳ.
544 4515 767 4586 Γυρίζει
792 4513 853 4568 τὸ
898 4514 1137 4581 κάστρον
1167 4508 1268 4578 τῆς
1298 4509 1466 4577 ἁγίας
1506 4508 1872 4582 Ἰερουσαλὴμ

1968 3319 2074 3372 que
2097 3318 2354 3359 emensus
2390 3300 2636 3356 invenies
2677 3297 2850 3354 sancri
2882 3293 3079 3349 Babilae
3127 3294 3544 3347 monasterium.

1966 3396 2044 3452 lbi
2087 3405 2422 3466 amputatum
2463 3402 2546 3448 est
2611 3393 2807 3461 caput=§
2831 3388 3003 3444 sancti
3085 3385 3327 3456 Georgii.
3384 3382 3545 3438 Parte

1967 3489 2237 3560 superiori
2289 3487 2390 3542 viae
2434 3500 2624 3541 saxum
2657 3483 2923 3546 cernitur,
2960 3481 3011 3533 in
3054 3493 3161 3550 quo
3195 3478 3422 3547 Deipara
3451 3492 3540 3532 se-

1968 3583 2046 3638 dit
2083 3601 2094 3637 :
2131 3596 2233 3636 nec
2257 3580 2425 3634 multo
2475 3583 2593 3646 post
2626 3574 2770 3628 aliud
2807 3588 3022 3638 saxum,
3070 3585 3227 3641 super
3256 3584 3362 3639 quo
3390 3578 3543 3623 stans

1971 3677 2224 3744 Deipara,
2260 3685 2508 3727 sanetum
2539 3679 2592 3723 et
2629 3667 2925 3738 pretiosum
2957 3665 3158 3735 lignum
3189 3672 3546 3730 sanctamque

1968 3768 2267 3824 Jerusalem
2295 3761 2561 3818 adoravit.
2593 3760 2770 3829 Prope
2797 3773 2979 3814 muros
3013 3756 3177 3822 arcis,
3210 3755 3398 3810 stadiis
3422 3768 3540 3818 sex,

1969 3871 2055 3918 est
2086 3874 2211 3930 ager
2234 3858 2499 3927 Agrippae,
2532 3871 2640 3925 quo
2672 3853 2939 3918 Jeremias
2979 3850 3346 3904 Abimelecum
3385 3847 3550 3900 misea

1971 3965 2078 4020 rat,
2109 3952 2173 4006 ad
2202 3950 2464 4006 tollendos
2493 3949 2647 4013 ﬁcos,
2671 3944 3107 4014 obdormivitque
3131 3956 3299 3996 annos
3322 3951 3542 4008 septua-

1973 4048 2125 4117 ginta
2163 4047 2317 4099 duos.
2355 4043 2529 4112 Supra
2581 4056 2794 4112 agrum,
2845 4039 2901 4095 in
2955 4035 3272 4093 summitate
3315 4031 3540 4096 montis,

1972 4153 2056 4199 est
2106 4156 2223 4205 arx,
2273 4139 2325 4194 in
2373 4153 2500 4209 qua.
2548 4151 2704 4192 serra
2751 4134 2949 4204 lignea,
2985 4131 3178 4186 lsaiam
3230 4128 3546 4209 prophetam

1976 4237 2372 4291 dissecuerunt.
2401 4230 2652 4286 Ambitus
2675 4227 2826 4284 urbis
2850 4233 3051 4281 sanctae
3079 4220 3378 4278 Jerusalem
3408 4208 3543 4276 co'n-

1978 4329 2113 4384 tinet
2143 4325 2392 4381 milliaria
2420 4329 2682 4394 quinque.
2711 4323 2838 4376 Haec
2863 4317 2958 4374 tibi
2980 4315 3262 4387 descripsi.
3293 4332 3325 4370 υ
3350 4319 3546 4379 amice,

1977 4421 2032 4475 in
2069 4419 2355 4474 utilitatem
2389 4418 2584 4472 anima:
2611 4424 2665 4471 et
2699 4413 2892 4470 salutis
2934 4420 2986 4467 et
3019 4409 3167 4479 regni
3194 4407 3427 4463 cmlestis
3456 4420 3547 4459 re-

1978 4516 2345 4576 novationem,
2386 4510 2560 4578 gratia
2624 4517 2676 4561 et
2726 4503 3061 4560 humanitate
3112 4499 3322 4556 Domini
3375 4496 3547 4552 nostri

291 4582 542 4687 litata-5'.
577 4582 765 4664 Ταῦτα
798 4601 1043 4678 ὲχάραξά
1066 4619 1170 4668 σοι,
1201 4602 1476 4671 ἀγαπητὲ,
1502 4601 1588 4654 ἵνα
1622 4599 1753 4672 ἔχῃς
1781 4603 1860 4667 είς

1973 4604 2099 4660 Jesu
2135 4603 2376 4667 Christi;
2415 4602 2500 4657 cui
2533 4600 2702 4670 gloria
2734 4608 2789 4654 et
2816 4600 2982 4655 robur
3008 4598 3063 4651 in
3091 4593 3288 4651 sazcula
3321 4591 3548 4647 saeculo-

287 4709 471 4780 ψυχῆς
508 4703 780 4774 ὠφέλειαν
825 4699 920 4752 καὶ
959 4695 1359 4767 ἀνακαινισμὸν
1408 4694 1708 4765 σωτηρίας,
1766 4695 1867 4749 καὶ

1975 4711 2114 4750 rum.
2145 4695 2336 4750 Amen.

286 4773 530 4874 τῆν-τῶν
563 4794 808 4870 οὐρανῶν
849 4791 1152 4864 βασιλείας,
1183 4791 1368 4860 χάριτι
1407 4789 1502 4841 καὶ
1550 4787 1936 4860 φιλανθρωπίᾳ
1971 4787 2065 4842 τοῦ
2107 4786 2317 4858 Κυρίου
2385 4784 2542 4858 ἡμῶν
2576 4783 2756 4857 Ἰησοῦ
2805 4781 3065 4857 Χριστοῦ,
3202 4776 3421 4852 ήλδόξα,
3453 4776 3546 4830 καὶ

287 4897 352 4955 τὸ
408 4894 632 4967 κράτος,
693 4888 774 4948 είς
829 4888 958 4950 τοὺς
1015 4884 1222 4946 αἰῶνας
1282 4881 1389 4936 τῶν
1447 4881 1678 4935 αἰώνων.
1715 4881 1915 4953 Ἀμήν.

367 4985 458 5059 ιβ’.
491 4987 649 5041 Μέσα
678 4982 760 5047 είς
791 4981 892 5051 τὴν
929 4975 1291 5048 Ἰερουσαλὴμ
1315 4977 1394 5038 είς
1417 4974 1510 5027 τὸν
1536 4974 1731 5044 καιρὸν
1761 4975 1870 5028 τῶν

301 5081 600 5153 Ῥωμαίων
629 5074 769 5151 ἦσαν
818 5075 1174 5144 μοναστήρια,
1217 5070 1311 5124 καὶ
1360 5069 1683 5139 ὲκκλὴσιοιις
1742 5065 1872 5133 τξε¹.

295 5177 408 5232 Καὶ
438 5173 538 5245 τὴν
591 5175 833 5242 σήμερον
863 5165 1197 5239 κρατοῦνται
1245 5163 1293 5217 οἱ
1342 5162 1586 5226 ἀσεϐεῖς.
1615 5161 1770 5215 Κατὰ
1815 5160 1874 5214 δὲ

292 5273 396 5336 τὰς
434 5265 702 5329 ἀνατολὰς
730 5260 823 5316 τοῦ
852 5261 1008 5329 ἁγίου
1040 5259 1212 5329 τάφου
1259 5256 1398 5320 μέσα
1430 5257 1508 5318 είς
1537 5254 1636 5326 τὴν
1671 5255 1872 5327 Ἰερου..

297 5362 505 5431 σαλὴμ,
538 5359 617 5421 είς
653 5355 842 5410 στάδια
865 5351 928 5417 δ’,
953 5349 1181 5405 εἶναιτὰ
1215 5351 1385 5419 ’Ἅγια
1408 5349 1516 5402 τῶν
1539 5347 1730 5416 αγίων,
1777 5346 1874 5401 καὶ

295 5456 361 5510 τὸ
403 5451 551 5523 ἱερὸν
609 5447 744 5503 ὀποῦ
793 5445 1073 5500 ἐδίδασκεν
1136 5446 1163 5497 6
1195 5443 1425 5514 Κύριος.
1475 5438 1650 5495 Αὑτοῦ
1692 5440 1772 5503 είς
1807 5440 1875 5494 τὰ

301 5553 471 5618 Ἀγια
500 5544 610 5599 τῶν
648 5540 819 5611 ἁγίων
854 5539 1067 5610 ἐσφάγη
1114 5538 1142 5590 6
1175 5537 1461 5607 προφήτης
1503 5533 1812 5606 Ζαχαρίας,
1846 5533 1875 5586 6

305 5640 492 5713 πατὴρ
543 5637 638 5692 τοῦ
699 5635 1039 5707 Προδρόμου.
1095 5634 1204 5686 Καὶ
1257 5631 1335 5693 είς
1375 5629 1470 5684 τδν
1526 5630 1690 5681 αὐτὸν
1745 5629 1876 5683 ναὸν

305 5733 526 5802 ἐδέξατο
561 5731 658 5786 καὶ
696 5731 725 5785 6
768 5727 1056 5800 προφήτης
1103 5724 1332 5796 Συμεὼν
1374 5723 1433 5779 ὲν
1463 5721 1733 5792 ἀγκάλαις
1783 5722 1874 5779 τὸν

386 5887 430 5922 ’⁸
458 5886 654 5946 Matth.
689 5900 764 5956 tv,
807 5886 874 5943 19

2048 4973 2136 5030 12.
2177 4973 2233 5028 lu
2273 4973 2388 5043 ipsa
2422 4969 2719 5026 Jerusalem
2753 4969 2851 5024 sub
2886 4968 3299 5037 imperatoribus
3336 4965 3546 5019 Graeci3

1972 5076 2129 5124 erant
2168 5064 2498 5121 monasteria
2531 5072 2583 5117 et
2604 5063 2747 5117 mdes
2776 5075 2967 5126 sacrae,
2994 5075 3219 5113 numero
3252 5058 3387 5125 365;
3420 5071 3540 5124 qua:

1972 5160 2151 5218 omnia
2207 5173 2348 5214 nunc
2405 5157 2457 5211 in
2492 5165 2809 5227 potestatem
2861 5153 3148 5222 impiorum
3192 5165 3424 5205 cessere.
3462 5150 3542 5202 Ad

1972 5257 2149 5312 locum
2197 5252 2519 5309 orientalem
2566 5249 2736 5305 sancti
2778 5246 3008 5317 sepulcri
3037 5247 3182 5300 intus
3216 5241 3540 5306 Jerusalem,

1975 5363 2142 5417 prope
2173 5347 2470 5404 stadiorum
2514 5354 2742 5413 quatuor
2781 5339 3085 5404 intervallo,
3132 5336 3544 5404 conspiciuntur

1975 5443 2177 5500 Sancta
2209 5449 2544 5503 sanctorum,
2579 5449 2631 5493 et
2665 5435 2924 5504 templum
2957 5434 3007 5487 in
3050 5446 3156 5503 quo
3183 5427 3411 5484 docebat
3438 5424 3544 5479 Do-o

1975 5535 2173 5590 minus.
2199 5531 2350 5587 lotus
2383 5531 2582 5588 Sancta
2618 5538 2930 5584 sanctorum
2959 5525 3178 5583 occisus
3225 5532 3305 5578 est
3332 5520 3543 5575 Zacha-

1974 5631 2105 5696 rias,
2135 5639 2292 5700 pater
2318 5628 2693 5688 Praecursoris,
2727 5628 3025 5694 eodemque
3066 5621 3120 5676 in
3176 5618 3376 5688 templo
3413 5630 3544 5686 pro-

1971 5723 2131 5795 pheta
2155 5723 2379 5780 Simeon
2403 5723 2456 5776 in
2485 5721 2624 5776 ulnis
2642 5717 2864 5792 gestavit
2887 5717 3265 5774 Dominum....
3299 5723 3541 5770 marmo-
