3816 6204
569 384 672 453 991

1986 352 2420 447 EUGESIPPI,

1800 663 2093 728 INCIPIT
2126 659 2604 726 TRACTATUS

2150 830 2234 874 PB

971 981 1655 1074 DISTANTIIS
1726 976 2305 1071 LOCORUM
2380 975 2812 1069 Tenum
2885 972 3437 1102 SANCTzE,

1905 1172 2083 1227 QUEM
2116 1172 2379 1218 COHPILA
2392 1170 2493 1217 ΠΤ

1598 1328 2749 1453 Επθεεινιιῠε.
2772 1315 2808 1353 ⁸

674 1674 964 1730 Vertamus
994 1670 1078 1727 eia
1112 1669 1307 1744 stylum
1346 1677 1611 1733 nostrum,
1639 1677 1913 1724 sumentes
1944 1664 2157 1721 initium
2187 1668 2235 1728 Α
2266 1678 2393 1720 vere
2433 1671 2730 1727 mortuum,
2777 1660 2905 1731 quia
2938 1656 3071 1714 nihil
3101 1657 3281 1714 vivum
3330 1652 3561 1725 recipit:
3589 1659 3636 1709 et
3663 1665 3770 1707 mare

586 1784 617 1823 a
660 1766 932 1832 Chebron,
977 1778 1095 1833 quae
1145 1771 1202 1819 et
1259 1762 1504 1819 llebron.
1547 1759 1765 1816 Debrou
1798 1759 1924 1815 olim
1964 1757 2160 1816 Metro-

587 1860 726 1930 polis
776 1855 1210 1921 Philistinorum,
1244 1862 1299 1909 et
1332 1850 1695 1907 habitaculum
1756 1848 2054 1919 gigantum,
2109 1848 2163 1903 in

588 1942 734 2006 tribu
767 1950 899 2005 Juda
937 1948 1130 2004 civitas
1165 1942 1532 2009 sacerdotalis,
1555 1952 1611 1998 et
1657 1941 2020 2012 fugitivorum.
2062 1937 2167 1993 He-

586 2047 724 2100 bron
762 2046 865 2100 sita
896 2041 998 2096 fuit
1048 2041 1101 2095 in
1136 2054 1264 2111 agro
1317 2038 1430 2102 illo,
1465 2038 1518 2091 in
1546 2050 1654 2106 quo
1688 2047 1932 2089 summus
1984 2032 2167 2103 dispo-

588 2139 724 2194 sitor
781 2148 986 2209 patrem
1041 2142 1281 2187 nostrum
1336 2128 1623 2201 plasmavit
1675 2126 1867 2191 Adam,
1898 2136 1953 2181 et
2002 2124 2168 2195 inspi-

590 2231 753 2287 ravit.
773 2223 1386 2292 Hebron,Cariatharbe
1402 2222 1601 2278 dicitur
1630 2237 1644 2288 ;
1672 2221 1815 2290 quod
1850 2218 2170 2274 Saraceniee

590 2330 771 2387 sonat,
820 2318 1029 2376 Civitas
1060 2324 1333 2387 quatuor;
1370 2328 1435 2369 eo
1472 2312 1613 2382 quod
1645 2319 1879 2382 quatuor
1907 2308 1977 2364 ibi
2012 2322 2169 2364 reve-

592 2412 745 2467 rendi
786 2408 975 2464 Patres
1023 2408 1075 2462 in
1106 2406 1358 2475 spelunca
1407 2402 1608 2474 duplici
1654 2399 1949 2472 consepulti
1997 2398 2170 2465 fuere,

592 2517 833 2560 summus
863 2501 1073 2558 scilicet
1125 2498 1318 2564 Adam,
1352 2496 1648 2562 Abraham,
1690 2493 1861 2563 Isaac,
1888 2502 1943 2549 et
1965 2492 2170 2559 Jacob;

2265 1756 2466 1813 diaboli
2514 1756 2735 1823 dicitur,
2777 1769 2841 1811 eo
2894 1753 3061 1826 quod,
3102 1752 3356 1807 instinctu
3412 1749 3553 1820 ejus,
3594 1757 3773 1819 quatuor

2266 1848 2369 1906 illa:
2421 1848 2671 1905 civitates
2704 1846 3044 1911 miserrimte,
3081 1843 3339 1911 Sodoma,
3371 1841 3673 1901 Gomorrha.
3708 1836 3775 1891 Se.

2267 1940 2419 2005 bnin,
2471 1939 2702 2009 Adama,
2742 1949 3167 2011 perseverantes
3218 1935 3273 1989 in
3334 1933 3655 2004 turpitudine
3692 1944 3778 1990 sna.

2268 2035 2392 2106 igne
2437 2033 2734 2098 sulphureo
2775 2038 3161 2095 concrematas,
3207 2028 3261 2083 in
3304 2028 3485 2083 lacum
3516 2026 3646 2082 illum
3686 2024 3779 2075 sub-

2272 2141 2471 2184 mersa:
2516 2137 2665 2182 sunt.
2716 2126 2897 2196 Supra
2946 2124 3122 2179 lacum
3181 2124 3233 2179 in
3267 2121 3577 2177 accubitum
3617 2118 3782 2179 ludar,

2273 2220 2468 2294 Segor,
2522 2235 2641 2291 quas
2675 2228 2730 2276 et
2781 2218 2932 2284 Bala,
2996 2216 3187 2287 quinta
3234 2217 3301 2272 de
3356 2214 3652 2270 civitatibus
3694 2211 3784 2269 illis,

2270 2315 2525 2386 precibus
2553 2312 2657 2369 Lot
2689 2316 2755 2368 de
2784 2311 3141 2368 subversione
3179 2317 3234 2365 et
3263 2307 3519 2364 incendio
3540 2315 3787 2365 reservata;

2273 2422 2394 2479 quas
2432 2423 2603 2477 usque
2655 2421 2803 2461 nunc
2830 2404 3159 2462 ostenditur.
3192 2401 3251 2457 In
3285 2400 3438 2457 exitu
3481 2400 3657 2470 Segor,
3692 2410 3790 2451 utor

2275 2501 2399 2569 Lot,
2459 2502 2593 2559 salis
2642 2500 2697 2557 in
2756 2499 2991 2571 efﬁgiem
3045 2504 3250 2553 mutata
3278 2495 3432 2552 fuit:
3479 2494 3625 2565 cujus
3666 2489 3795 2547 adhuc

595 2604 649 2649 et
676 2607 863 2648 eorum
894 2605 1090 2645 uxores
1127 2598 1385 2659 quatuor,
1421 2585 1653 2648 scilicet,
1704 2582 1840 2650 Eva,
1873 2592 2046 2639 mater
2072 2598 2174 2639 no-
2277 2603 2546 2667 apparent
2575 2591 2800 2665 vestigia
2832 2606 3000 2663 supra
3031 2589 3205 2661 ripam
3236 2587 3486 2660 pmdict;
3511 2584 3678 2642 "mi,
3700 2580 3801 2637 put.

595 2697 731 2751 stra,
786 2686 943 2748 Sara,
974 2682 1241 2746 Rebecca,
1270 2679 1388 2735 Lia.
1430 2679 1523 2734 Est
1562 2687 1744 2733 autem
1777 2676 1995 2733 Hebron
2023 2676 2176 2747 juxta
2279 2695 2393 2743 tum
2424 2694 2508 2742 εει
2546 2684 2824 2750 aluminis.
2882 2683 3224 2753 multumque
3273 2678 3581 2742 οειπεηηε,
3609 2674 3727 2745 quod
3753 2673 3801 2726 ,υ

597 2782 806 2841 Vallem
849 2781 1212 2850 Ῑειετῖηιθτυτυ
1271 2776 1397 2855 Si”:
1454 2772 1626 2829 vam“
1708 2772 2069 2843 lacrimarum
2093 2778 2179 2827 εει
2281 2780 2478 2837 incolis
2527 2778 2807 2849 reperitur
2835 2783 2892 2834 et
2936 2775 3164 2849 legitur;
3212 2783 3267 2832 et
3304 2788 3369 2830 ex
3425 2773 3563 2829 mari
3613 2770 3801 2823 bitumen

598 2875 765 2940 die”:
820 2887 885 2926 (⁸0
933 2870 1075 2941 quod
1123 2877 1341 2925 0‘"le
1404 2867 1561 2922 εηηίε
1594 2865 1647 2920 in
1702 2878 1764 2920 ea
1820 2863 1958 2919 Ῐυιίι
2006 2860 2177 2918 Adam
2281 2871 2559 2942 reperitur
2589 2878 2643 2925 et
2672 2869 3001 2934 extrahitur,
3036 2868 3182 2938 quod
3206 2866 3431 2921 Judaice
3474 2862 3734 2937 appellatur
3762 2859 3802 2913 iu

599 2966 770 3022 mium
814 2981 971 3021 suum
1003 2962 1180 3018 Abel:
1234 2959 1289 3016 ίυ
1346 2974 1451 3030 qua
1495 2967 1550 3014 ει
1578 2958 1817 3013 monitus
1869 2962 2058 3026 Ροδιθδ
2111 2954 2179 3011 ab
2211 3015 2253 3032 _
2281 2965 2467 3020 multis
2498 2963 2889 3019 necessarium.
2924 2961 3097 3032 Segor
3131 2968 3308 3015 autem
3344 2959 3531 3023 modo,
3567 2971 3596 3011 a
3630 2966 3802 3021 compa-

600 3061 829 3133 Angelo,
894 3058 1145 3141 cognovit
1187 3069 1339 3112 suam
1397 3067 1667 3117 uxorem;
1719 3066 1783 3107 ex
1841 3065 1946 3121 qua
1994 3047 2181 3120 genuit

2290 3058 2488 3126 triotis,
2522 3056 2781 3128 oppidum
2813 3054 3005 3125 palmre
3045 3062 3289 3107 voratur.
3332 3050 3508 3117 Supra
3562 3048 3712 3103 lacum
3733 3043 3802 3097 Aes

602 3155 771 3212 filium
826 3166 981 3208 suum
1032 3140 1205 3215 Seth;
1263 3146 1331 3203 de
1388 3145 1543 3215 cujus
1576 3145 1717 3199 tribu
1766 3152 1886 3198 erat
1934 3140 2181 3197 Christus
2284 3152 2545 3223 phamlen
2603 3151 2655 3204 in
2705 3148 2969 3203 descensu
3017 3145 3253 3212 Arabia,
3305 3143 3580 3198 ειη-ηαυπτ,
3634 3141 3678 3193 in
3718 3149 3802 3204 ερε.

602 3244 887 3305 oriundus.
916 3242 1030 3297 Duo
1065 3238 1315 3296 milliaria
1347 3238 1412 3294 ab
1444 3236 1686 3302 llebron,
1718 3232 1990 3305 sepultura
2021 3231 2179 3297 Loth,

604 3340 818 3412 nepotis
856 3337 1110 3393 Abrahae.
1156 3335 1211 3390 In
1254 3332 1470 3388 llebron
1503 3331 1732 3386 habetur
1789 3326 2008 3397 quidam
2052 3340 2184 3393 ager

606 3436 765 3505 cuius
818 3431 970 3502 gleba
1026 3428 1193 3486 rubea
1221 3435 1344 3486 est:
1395 3440 1517 3496 quae
1551 3424 1618 3479 ab
1655 3421 1851 3478 incolis
1906 3418 2181 3484 ell‘oditur,

607 3539 663 3584 et
700 3540 796 3599 per
835 3524 1124 3598 [Egyptum
1164 3521 1371 3578 venalis
1421 3528 1749 3589 asportatur,
1802 3525 1877 3583 et,
1908 3515 2060 3587 qttasi
2088 3528 2186 3585 pro

608 3622 812 3693 specie,
852 3617 1132 3675 carissime
1179 3614 1394 3670 emitur.
1426 3611 1721 3667 Praedictus
1748 3624 1896 3679 ager,
1928 3609 1984 3662 in
2015 3623 2188 3679 quan-

612 3724 724 3768 tum
760 3712 869 3768 late
901 3722 957 3766 et
1003 3708 1271 3780 profunde
1329 3706 1561 3762 effossus
1596 3701 1781 3767 fuerit,
1843 3700 1900 3756 in
1975 3707 2185 3755 tantum

611 3807 793 3863 divina
841 3804 1195 3875 dispositione
1251 3802 1304 3855 in
1354 3814 1493 3855 anno
1520 3796 1728 3870 {futuro
1794 3793 2188 3865 redintegratus

619 3900 909 3972 reperitur.
934 3899 1093 3954 Juxta
1129 3895 1343 3950 Hebrou
1394 3909 1549 3949 mons
1581 3890 1824 3946 Mambre
1848 3890 1915 3944 ad
1948 3888 2187 3943 radicem

621 3993 777 4066 cujus
835 3990 1338 4051 Terebiuthusilla.
1399 4002 1518 4059 quae
1570 3986 1659 4041 diu
1708 3991 1949 4051 vocatur,
1982 3981 2035 4038 id
2086 3989 2189 4048 est,

622 4086 751 4153 ilex,
800 4093 892 4141 aut
924 4098 1175 4155 quercus.
1210 4082 1378 4137 Secus
1406 4095 1565 4150 quam
1597 4092 1693 4149 per
1720 4076 1946 4131 multum
1988 4085 2193 4142 tempo-

618 4176 700 4234 ris
731 4176 965 4249 spatium
1035 4177 1231 4230 mansit
1279 4172 1555 4229 Abraham
1602 4188 1617 4225 :
1675 4169 1776 4225 sub
1823 4184 1925 4239 qua
1976 4169 2191 4238 quidem

619 4279 733 4328 tres
784 4269 1004 4340 angelos
1066 4268 1219 4335 vidit,
1241 4275 1297 4323 et
1338 4280 1501 4321 unum
1545 4261 2195 4331 adoravit;hospitiuque

2285 3243 2463 3306 lunca,
2515 3242 2567 3295 in
2629 3248 2812 3294 monte
2868 3236 3271 3300 Mualtitarum;
3334 3234 3385 3287 in
3438 3247 3595 3303 quem
3639 3227 3802 3291 Balatu,

2284 3335 2426 3391 filius
2450 3334 2608 3400 Beor,
2647 3331 2891 3386 divinum
2922 3328 3146 3383 adduxit
3170 3326 3383 3381 Balaam
3425 3326 3493 3379 ad
3540 3320 3802 3378 maledicam

2285 3429 2415 3483 dum
2468 3426 2591 3480 filiis
2634 3422 2800 3479 lsrael
2841 3436 2857 3476 :
2894 3421 2983 3492 qtti
3033 3430 3255 3490 propter
3311 3419 3608 3473 vehemens
3651 3424 3802 3483 premi

2287 3528 2438 3593 ptum
2485 3520 2705 3574 excisus
2739 3529 2987 3571 vocatur.
3033 3513 3209 3570 Lacus
3246 3512 3582 3583 Asphaltites
3620 3507 3802 3573 induam

2290 3591 2482 3668 dividit
2503 3621 2556 3667 et
2584 3609 2865 3666 Arabiam.
2898 3608 3123 3674 Arabia,
3154 3617 3397 3676 tempore
3423 3605 3647 3659 filiorum
3671 3591 3801 3655 lsrael1

2290 3706 2520 3761 solitudo
2545 3713 2685 3772 erat,
2716 3711 2771 3759 et
2798 3703 3100 3764 desertum,
3132 3709 3278 3754 terra
3309 3696 3462 3753 invia
3494 3705 3549 3750 et
3579 3694 3801 3759 inaquost;

2289 3798 2349 3855 lu
2389 3812 2450 3855 ea
2477 3797 2699 3870 quidem
2754 3793 2987 3850 detinuit
3049 3807 3143 3848 eos
3194 3789 3466 3845 Dominus
3514 3780 3802 3858 quadragintl

2291 3891 2469 3957 annis,
2509 3904 2707 3945 manna
2744 3887 2937 3958 pineus
2992 3886 3058 3940 ad
3111 3882 3579 3945 manducandum,
3620 3889 3738 3946 seu:
3770 3871 3802 3925 ὼ

2293 4000 2426 4057 rupe
2442 3984 2624 4041 ducta.
2645 3981 2699 4036 in
2713 3979 2932 4044 Arabia,
2952 3976 3149 4041 llelim,
3167 3972 3654 4041 castrumiﬁliorum
3672 3960 3801 4019 Israel!

2292 4076 2444 4133 locus
2470 4074 2523 4129 in
2548 4073 2783 4132 deserto,
2814 4070 2866 4123 in
2897 4082 3005 4137 quo
3029 4064 3318 4121 duodecim
3350 4063 3551 4126 fontes,
3577 4070 3628 4115 et
3648 4058 3802 4126 septual

2295 4170 2440 4241 ginta
2474 4166 2700 4237 palmas,
2742 4163 2809 4219 de
2836 4161 2973 4216 mari
3005 4158 3191 4214 Rubro
3228 4167 3496 4212 exeuntes
3527 4152 3801 4222 repererunt

2297 4238 2355 4318 in
2382 4261 2607 4325 Arabia,
2654 4256 2817 4313 Vallis
2847 4252 3058 4326 Moysi;
3087 4251 3142 4306 in
3175 4266 3283 4322 qua
3318 4248 3632 4319 percutiens
3655 4244 3723 4299 bis
3763 4238 3802 4291 si

622 4328 927 4435 susceptos,
996 4328 1215 4434 dignus,
1263 4368 1423 4431 prout
1473 4357 1671 4429 potuit.
1725 4328 1864 4411 fovit
1917 4328 1973 4409 et
2000 4328 2147 4423 pavit
2178 4369 2193 4408 :
2221 4368 2266 4430 α
2297 4354 2459 4409 licem
2492 4350 2669 4420 virga,
2693 4349 2830 4403 duos
2856 4358 3012 4415 aquae
3056 4340 3253 4413 populo
3287 4339 3385 4396 Dei
3452 4338 3742 4394 reddentem
3769 4328 3802 4381 ri

624 4459 769 4516 unde
805 4459 1012 4530 primus
1063 4454 1381 4513 comedendi
1429 4454 1517 4509 via
1548 4453 1727 4508 dictus
1769 4457 1875 4507 est.
1916 4446 2031 4503 Il’ex
2057 4460 2198 4517 prae-

624 4552 767 4608 dicta
817 4564 883 4606 ex
911 4559 1039 4605 tunc
1068 4561 1240 4619 usque
1272 4546 1341 4602 ad
1379 4552 1595 4615 tempus
1631 4539 1924 4597 Theodosii
1956 4535 2199 4611 impera-

628 4646 782 4712 toris,
810 4651 1047 4700 testante
1073 4640 1431 4711 Hieronymo,
1475 4651 1633 4694 suum
1667 4649 1787 4691 esse
1816 4632 2067 4690 dilatavit
2095 4669 2111 4686 .
2144 4638 2202 4686 et

626 4752 695 4794 ex
738 4738 831 4793 illa
874 4737 986 4791 haec
1012 4734 1184 4789 fuisse
1233 4730 1567 4803 perhibetur,
1597 4742 1721 4800 quas
1760 4727 1814 4783 in
1849 4723 2101 4797 praesenti
2135 4722 2203 4779 ab

628 4835 742 4892 illic
776 4831 1128 4905 praesentibus
1160 4827 1393 4893 videtur,
1446 4834 1497 4880 et
1528 4839 1658 4881 caro
1688 4832 1919 4879 tenetur.
1973 4819 2104 4887 Qua:
2132 4818 2203 4874 li-

630 4936 720 4983 cet
784 4924 973 4991 arida,
1030 4920 1367 4977 medicabilis
1424 4928 1602 4973 tamen
1664 4931 1788 4971 esse
1843 4914 2105 4985 probatur
2148 4912 2204 4967 in

632 5020 759 5083 hoc,
810 5018 975 5088 quod.
1014 5016 1060 5072 si
1107 5013 1173 5070 de
1227 5028 1289 5069 ea
1333 5012 1458 5083 quis
1486 5010 1741 5080 equitans
1782 5006 1988 5077 aliquid
2024 5018 2203 5060 secum

632 5111 910 5177 detulerit,
948 5108 1151 5164 animal
1212 5121 1369 5163 suum
1399 5118 1505 5159 non
1576 5100 1829 5159 infendit.
1876 5100 1935 5154 In
1990 5097 2207 5168 Hebron

635 5204 815 5275 primo
862 5202 1241 5273 applicuerunt
1284 5212 1364 5277 se,
1405 5210 1567 5252 causa
1632 5206 1791 5249 terra:
1836 5182 2203 5262 explorantum,

638 5296 839 5367 Caleph
884 5303 939 5351 et
965 5294 1152 5361 Iosue,
1186 5306 1491 5361 eorumque
1540 5287 1675 5345 socii
1729 5287 1941 5342 decem.
1987 5282 2043 5337 In
2099 5280 2206 5337 lle-

639 5390 776 5447 bron
817 5388 984 5444 David
1014 5384 1258 5457 regnavit
1303 5393 1514 5454 septem
1546 5380 1704 5436 annis
1741 5388 1798 5433 et
1826 5376 2073 5432 dimidio.
2110 5372 2215 5429 De-

639 5497 756 5539 cem
807 5482 1057 5539 milliaria
1112 5478 1181 5535 ab
1239 5477 1498 5541 llebron,
1546 5480 1633 5530 est
1676 5471 1827 5528 lacus
1874 5466 2215 5538 Asphaltices

638 5584 831 5633 contra
877 5572 1167 5642 orientem,
1191 5571 1281 5641 qui
1311 5577 1369 5626 et
1410 5580 1564 5624 mare
1592 5563 1861 5620 Mortuum
1888 5560 2132 5626 dicitur;
2161 5565 2219 5613 et

714 5736 781 5809 (‘)
811 5732 1041 5809 Additur
1070 5730 1211 5803 apud
1243 5726 1519 5809 Allatium2
1559 5724 1710 5779 Anno
1757 5719 1985 5809 Raptim:

643 5790 777 5865 Cum
811 5790 990 5862 autem
1020 5802 1072 5857 in
1104 5790 1443 5857 narrationis
1486 5790 1715 5854 decursu
1769 5790 2013 5846 Balduini
2064 5791 2206 5858 regis

648 5873 996 5951 nentio(eol.
1016 5872 1125 5932 992
1147 5870 1213 5945 C)
1241 5878 1513 5937 occurrat,
1532 5866 1777 5937 sequitur
1804 5871 2079 5921 auctorem
2110 5873 2206 5917 uo-

2304 4445 2497 4512 vulos;
2531 4441 2599 4498 de
2622 4439 2819 4510 quibus
2855 4436 3015 4492 modo
3047 4444 3157 4489 tota
3191 4433 3279 4488 illa
3307 4432 3466 4501 regio
3499 4430 3754 4500 irrigatur.
3780 4420 3802 4512 lt

2296 4508 2496 4590 Arabia
2529 4508 2683 4585 mons
2721 4526 2894 4593 Sinai,
2921 4524 2974 4580 in
3006 4537 3115 4594 quo
3150 4521 3363 4592 Moyses
3391 4537 3462 4575 ιι.
3499 4519 3697 4581 diebus,
3733 4508 3802 4565 toti

2298 4628 2528 4696 demque
2570 4620 2842 4684 noctibus,
2887 4616 3052 4673 totius
3082 4613 3187 4671 cibi
3214 4627 3433 4683 expers,
3468 4619 3697 4667 moratus
3722 4603 3796 4658 fuit

2299 4721 2353 4777 in
2379 4692 2485 4791 quo
2516 4724 2569 4772 et
2594 4713 2851 4770 Dominus
2886 4710 3053 4781 Moysi
3093 4706 3244 4762 dedit
3287 4706 3487 4776 legem,
3539 4703 3736 4777 proprio
3766 4692 3802 4751 di

2303 4812 2417 4883 gito
2451 4807 2711 4877 scriptam
2758 4803 2812 4859 in
2848 4800 3048 4856 tabulis
3084 4799 3340 4869 lapideis.
3386 4796 3448 4852 in
3482 4794 3693 4859 Arabia,
3726 4796 3802 4859 pra

2300 4903 2469 4962 cessit
2504 4901 2640 4956 ﬁlios
2671 4898 2839 4955 lsrael
2890 4894 3139 4952 columna
3168 4892 3309 4964 ignis
3340 4906 3439 4963 per
3470 4902 3671 4946 noctein
3696 4882 3802 4939 nube

2303 5010 2435 5050 vero
2470 4991 2691 5047 vallavit
2739 5002 2834 5044 eos
2878 4987 3065 5043 diebus
3112 4982 3361 5053 singulis.
3428 4980 3493 5036 In
3538 4975 3739 5039 Arabia,
3780 4984 3802 5023 ι

2306 5085 2618 5144 mansiones
2646 5081 2877 5135 ﬁliorum
2912 5074 3099 5132 lsrael.
3125 5071 3185 5127 in
3217 5071 3444 5138 Arabia,
3479 5084 3631 5125 mons
3656 5066 3761 5121 liur.
3790 5060 3801 5113 i

2309 5196 2417 5251 quo
2452 5177 2699 5247 sepultus
2721 5172 2951 5243 quiescit
2980 5170 3185 5223 Aaron.
3219 5166 3275 5221 in
3309 5166 3535 5230 Arabia,
3562 5175 3702 5217 mons
3726 5156 3802 5207 Alit

2307 5274 2442 5339 rint;
2479 5271 2530 5325 in
2559 5284 2664 5339 quo
2698 5266 2956 5322 Dominus
2989 5263 3205 5331 Moysen
3228 5257 3504 5327 sepelivit,
3530 5253 3671 5324 cujus
3696 5260 3802 5304 tame

2309 5379 2573 5438 nusquam
2609 5359 2860 5433 apparuit
2883 5356 3139 5412 tumulus.
3177 5354 3233 5411 In
3263 5350 3496 5417 Arabia,
3532 5360 3678 5402 mons
3716 5348 3802 5406 res!

2310 5462 2401 5527 lis,
2432 5431 2619 5529 quem
2648 5431 3037 5516 iBaldeuimtts,
3071 5447 3278 5519 primus
3325 5460 3420 5500 rex
3470 5431 3802 5498 Francoruml

2313 5550 2640 5615 Jerusalem,
2691 5545 2757 5602 ad
2787 5555 2990 5599 terram
3039 5540 3182 5595 illam
3212 5535 3564 5595 Christicolis
3588 5528 3802 5598 subjugat

2311 5720 2493 5767 strum
2544 5704 2864 5763 duodecimo
2904 5699 3101 5760 saeculo
3135 5714 3231 5771 per
3259 5708 3463 5757 terram
3516 5684 3802 5753 sanctamill

2309 5780 2519 5840 fecisse.
2554 5793 2695 5838 ιιιπ.
2735 5789 2897 5835 rus.
