4004 6206
201 349 318 416 993

1472 345 1571 405 DE
1614 341 1827 404 LOClS
1865 341 2203 405 SANCTIS.

3348 343 3457 412 994

214 461 340 513 dam
374 472 429 514 et
453 459 712 512 tuendum
745 471 968 529 regnum
1000 455 1188 522 David,
1219 455 1270 509 in
1307 466 1545 510 rastrum
1579 455 1795 509 firmum
1829 456 1873 514 Α
1907 453 2274 524 persecutoris
2320 454 2526 512 veritus
2555 456 2779 514 rabiem.
2813 458 3047 514 Libanus
3087 460 3472 525 interpretatur

205 552 464 608 reddidit.
506 550 705 605 Arabia
765 550 1008 621 jungitur
1063 549 1309 605 ldumase
1367 549 1419 602 in
1493 547 1794 602 confinibus

205 640 467 696 Bestron.
517 641 770 705 ldnmaaa,
809 651 952 695 terra
1004 640 1274 695 Damasci.
1329 638 1564 694 ldumcea
1609 645 1790 692 tamen

205 735 309 786 sub
333 731 512 804 Syria.
536 731 709 802 Caput
732 731 903 804 Syriae
923 733 1136 802 quidem
1162 730 1476 786 Damascus.
1502 730 1790 786 Idummam

204 833 258 877 et
289 823 633 880 Phoenicium
688 823 880 879 dividit
939 822 1206 878 Libanus.
1249 822 1551 888 Phoenicia,
1601 822 1654 875 in
1687 835 1790 889 qua

203 914 336 980 Sor.
367 917 423 972 id
464 928 567 984 est,
615 916 820 989 Tyrus,
864 915 1152 972 Phoenices
1201 916 1539 972 nobilissima
1584 924 1791 970 metro-

203 1009 372 1077 polis,
407 1025 526 1079 qua:
560 1010 862 1076 Christum,
891 1009 1359 1079 perambulantem
1403 1007 1695 1072 maritima,
1735 1015 1792 1061 ut

206 1101 336 1172 Syri
374 1114 644 1169 asserunt,
681 1102 854 1156 noluit
895 1102 1180 1173 accipere;
1213 1117 1335 1172 qua:
1369 1113 1442 1168 et,
1478 1100 1658 1156 divina
1706 1109 1790 1154 te-

201 1202 388 1248 stante
426 1196 642 1263 pagina,
695 1200 771 1248 tot
801 1203 1072 1265 martyres
1105 1193 1216 1250 Deo
1263 1195 1518 1259 reddidit,
1551 1209 1782 1264 quorum

201 1286 327 1354 ejus
356 1288 528 1342 solius
573 1289 800 1343 scientia
834 1290 1013 1344 minus
1053 1290 1278 1361 colligit.
1310 1288 1484 1360 Tyrus
1525 1290 1788 1359 originem

195 1378 349 1434 celat
375 1380 723 1435 tumulalum.
757 1380 898 1436 Ante
927 1380 1130 1453 Tyrum
1154 1383 1290 1454 lapis
1315 1382 1402 1436 ille
1431 1396 1788 1447 marmoreus,

200 1471 350 1526 haud
398 1471 662 1539 modicus,
714 1487 880 1542 super
927 1488 1085 1543 quem
1129 1475 1271 1530 sedit
1315 1473 1475 1531 Jesus
1511 1491 1525 1529 :
1560 1490 1791 1529 manens

200 1563 432 1627 illaesos,
469 1579 501 1618 a
532 1573 776 1636 tempore
828 1564 1037 1621 Christi
1079 1581 1252 1637 usque
1298 1569 1364 1622 ad
1410 1567 1786 1638 expulsionem

199 1655 450 1725 gentium
479 1655 548 1710 ab
571 1657 700 1711 urbe
727 1674 743 1724 ;
778 1659 870 1713 sed
903 1668 1086 1728 postea
1123 1660 1473 1715 defraudatos
1496 1675 1524 1715 a
1562 1660 1788 1716 Francis

193 1757 255 1802 et
293 1763 320 1800 a
363 1749 602 1805 Venetis.
638 1749 810 1820 Supra
838 1765 967 1807 vero
1008 1751 1284 1807 residuum
1319 1753 1459 1810 illius
1484 1753 1697 1824 lapidis,
1735 1755 1787 1808 in

202 1841 470 1894 honorem
514 1841 833 1910 Salvatoris,
869 1844 1098 1900 ecclesia
1154 1849 1398 1911 quadam
1428 1845 1654 1901 fundata
1685 1855 1789 1902 est.

204 1925 353 1982 Octo
384 1931 634 1986 milliaria
665 1947 693 1986 a
736 1932 876 2004 Tyro
906 1945 1093 1989 contra
1125 1935 1409 2001 orientem,
1432 1952 1590 2006 supra
1619 1953 1789 2004 mare,

206 2020 490 2090 Sarphen,
549 2039 670 2092 qua:
705 2033 789 2080 est
841 2025 1066 2095 Sarepta
1131 2028 1503 2083 Sidoniorum.
1559 2029 1620 2085 In
1681 2046 1790 2102 qua

197 2114 482 2180 quondam
529 2114 794 2172 habitavit
826 2116 1010 2174 liclias
1057 2121 1344 2190 propheta,
1381 2122 1432 2175 in
1471 2138 1576 2191 qua
1615 2131 1667 2179 et
1701 2141 1789 2180 rc-

197 2207 500 2262 suscitavit
522 2209 690 2263 filium
717 2209 913 2277 viduae,
941 2211 1133 2267 Jonam
1166 2213 1372 2269 scilicet
1407 2231 1421 2270 :
1451 2229 1610 2285 quem
1640 2217 1789 2287 prius

197 2298 321 2366 ipsa
375 2301 612 2370 hospitio
658 2313 960 2372 receperat,
1017 2317 1072 2359 et
1103 2305 1422 2361 charitative
1483 2308 1691 2364 foverat
1724 2326 1790 2367 ac

195 2402 456 2459 paverat.
494 2391 600 2448 Sex
655 2395 904 2451 milliaria
952 2412 981 2451 a
1038 2396 1306 2467 Sarphen,
1351 2400 1543 2468 Sidon,
1596 2403 1788 2462 civitas

195 2485 456 2554 egregia;
505 2501 570 2540 ex
606 2502 710 2556 qua
759 2487 917 2556 Dido,
961 2506 1082 2560 quae
1117 2489 1506 2562 Carthaginem
1539 2509 1790 2555 constru-

194 2576 284 2630 xit
323 2577 379 2630 in
433 2576 643 2634 Africa.
679 2577 967 2636 Sexdecim
997 2584 1254 2640 tnilliaria
1285 2601 1313 2640 a
1351 2587 1570 2656 Sidone,
1618 2593 1787 2663 Bery-

198 2678 292 2722 tus
325 2670 740 2738 Opulentissima
786 2674 997 2730 civitas.
1048 2673 1112 2731 ln
1141 2677 1342 2749 Beryto
1375 2682 1621 2751 quaedam
1668 2683 1786 2738 Sal-

195 2760 413 2814 vatoris
464 2763 636 2817 nostri
691 2763 840 2832 icon,
895 2779 1004 2820 non
1050 2767 1278 2822 multum
1328 2780 1448 2839 post
1476 2773 1783 2841 passionem

190 2852 322 2922 ejus
357 2856 425 2909 ad
461 2855 810 2927 ignominiam
857 2859 980 2929 eius
1003 2875 1033 2916 a
1063 2861 1384 2932 quibusdam
1417 2864 1619 2920 Iudaeis
1653 2866 1783 2922 ridi-

189 2945 392 3000 sulose
434 2947 714 3016 cruciﬁxa,
768 2951 1088 3021 sanguinem
1128 2954 1384 3022 produxit
1443 2966 1498 3012 et
1547 2971 1779 3028 aquam;

189 3040 343 3091 unde
377 3048 430 3092 et
459 3038 610 3093 multi
647 3041 701 3095 in
729 3056 855 3100 vero
891 3043 1161 3100 Cruciﬁxo
1191 3048 1558 3116 crediderunt,
1597 3050 1780 3120 bapti-

1896 546 2237 602 Candidatio.
2281 545 2357 602 De
2401 563 2508 619 quo
2561 547 2613 604 in
2646 550 2928 605 Canticis:
2969 548 3092 605 Veni
3128 552 3190 605 de
3246 549 3469 613 Libano.

1893 656 2086 707 sponsa
2143 656 2278 708 mea,
2313 641 2556 696 columba
2608 659 2722 697 mea
2754 642 2795 696 ⁸.
2829 644 2909 697 Ad
2961 642 3197 696 radicem
3253 642 3467 710 Libani,

1894 730 2180 800 Pbarphar
2216 741 2271 788 ct
2302 732 2511 800 Abana,
2543 731 2690 789 ﬂuvii
2722 733 2989 790 Damasci.
3024 731 3233 790 Montes
3278 734 3469 788 Libani

1894 832 1949 878 et
1973 823 2253 893 planitiem
2283 824 2552 880 archados
2599 824 2870 880 transiluit
2914 826 3126 892 Abana,
3178 826 3311 880 mari
3353 841 3471 878 ma-

1894 931 2000 986 gno
2031 931 2092 971 se
2137 916 2423 986 copulans,
2481 917 2679 974 finibus
2712 918 2840 983 illis,
2873 920 3070 988 quibus
3105 928 3328 973 sanctus
3361 917 3470 970 Ειι-

1892 1009 2159 1076 stachius,
2194 1009 2262 1064 ab
2288 1024 2456 1066 uxore
2487 1025 2584 1064 sua
2621 1010 2878 1077 privatus,
2899 1021 2964 1067 et
2994 1009 3116 1064 ﬂliis
3151 1011 3428 1064 desolatus
3453 1047 3471 1075 ,

1895 1103 2146 1158 recessit.
2178 1101 2460 1172 Pharphar
2492 1118 2585 1170 per
2620 1102 2830 1174 Syriam
2872 1103 3041 1158 tendit
3076 1102 3378 1165 Reblatam,
3414 1101 3469 1156 id

1894 1201 1998 1258 est,
2027 1191 2408 1258 Antiochiam;
2450 1190 2748 1263 labensque
2773 1207 2932 1248 secus
2981 1207 3163 1247 muros
3196 1192 3335 1262 ejus,
3371 1190 3470 1246 de-

1891 1298 2009 1339 cem
2035 1284 2284 1337 milliaria
2317 1284 2384 1338 ab
2412 1284 2694 1339 Antiochia
2734 1284 2787 1338 in
2823 1295 2982 1353 portu
3008 1282 3176 1338 Solim
3207 1294 3328 1337 ortu
3362 1282 3470 1338 sci-

1895 1375 2020 1430 licet
2049 1376 2223 1430 sancti
2277 1375 2572 1442 Simeonis,
2607 1377 3006 1433 mediterraneo
3038 1377 3172 1433 mari
3214 1391 3273 1432 se
3315 1392 3470 1433 com-

1895 1468 2141 1522 mendat.
2178 1466 2234 1521 ln
2259 1469 2553 1524 Antiochia
2591 1469 2732 1525 sedit
2791 1469 2984 1525 beatus
3017 1468 3211 1524 Petrus
3257 1480 3466 1539 septem

1895 1561 2074 1626 annis,
2125 1561 2418 1632 pontificali
2474 1564 2763 1620 decoratus
2828 1563 3023 1619 infula.
3095 1564 3176 1619 Ad
3229 1563 3467 1619 radicem

1891 1653 2106 1718 Libani,
2143 1655 2336 1711 civitas
2376 1655 2592 1736 Paneas
2627 1655 2731 1712 sita
2781 1665 2884 1724 est,
2937 1657 2990 1713 id
3032 1665 3140 1724 est,
3192 1655 3466 1728 lIelymas,

1892 1761 2013 1816 quae
2050 1757 2102 1802 et
2151 1746 2395 1804 Caesarea
2425 1747 2683 1818 Philippi.
2713 1747 2794 1804 Ad
2842 1748 3076 1806 radicem
3112 1747 3324 1816 Libani,
3354 1748 3466 1804 Dan

1894 1848 1948 1893 et
1974 1835 2069 1893 Jor
2095 1841 2368 1906 oriuntur,
2395 1839 2573 1896 fontes
2604 1839 2676 1895 illi
2698 1841 2825 1908 duo,
2851 1840 2916 1896 de
2941 1841 3156 1910 quibus,
3186 1840 3284 1896 sub
3318 1856 3465 1895 mon-

1898 1931 2042 1986 tibus
2072 1931 2298 1998 Gelboe,
2349 1930 2601 1987 Jordanis
2634 1933 2942 1988 conficitur.
2988 1933 3046 1987 in
3081 1948 3189 2004 quo
3221 1933 3470 1988 Chiisan

1893 2039 1922 2076 a
1954 2022 2182 2090 Joanne,
2221 2041 2554 2095 precursore
2580 2025 2715 2096 ejus,
2755 2028 2917 2082 tertio
2953 2024 3132 2095 lapide
3165 2039 3194 2078 a
3226 2021 3467 2089 Iericho,

1891 2115 2155 2186 baptizari
2189 2117 2357 2172 voluit
2384 2135 2402 2181 ;
2434 2116 2487 2171 in
2525 2133 2631 2187 quo
2660 2119 2822 2173 etiam
2853 2117 2970 2174 loco
3000 2132 3104 2172 vox
3135 2113 3314 2172 Patris
3351 2116 3470 2185 ejus

1893 2207 2145 2277 intonuit,
2190 2209 2381 2266 dicens
2417 2227 2434 2265 :
2467 2210 2568 2265 Hic
2616 2220 2691 2265 est
2745 2207 2922 2264 Filius
2976 2226 3122 2266 meus
3163 2209 3465 2273 dilectus';
3519 2206 3524 2210 ’

1890 2308 1944 2379 et
1975 2312 2137 2368 super
2185 2297 2368 2354 Jesum
2401 2300 2680 2355 descendit
2727 2299 2800 2355 ibi
2853 2300 3089 2370 Spiritus
3137 2309 3362 2356 sanctus
3410 2301 3465 2354 in

1889 2391 2066 2458 specie
2095 2391 2376 2446 columbae.
2401 2391 2442 2445 Α
2471 2393 2742 2449 montibus
2770 2393 2970 2450 Gelboe
2997 2409 3166 2464 usque
3195 2395 3262 2450 ad
3290 2397 3465 2451 lacum

1887 2481 2258 2551 Aspbaltiten,
2319 2484 2498 2551 vallis,
2558 2500 2654 2556 per
2701 2500 2861 2555 quam
2921 2486 3177 2545 Jordanis
3242 2487 3465 2551 labitur,

1889 2576 2081 2631 Sortus
2112 2576 2436 2645 appellatur.
2468 2576 2690 2649 Suphon
2722 2578 2885 2648 (quod
2925 2579 3208 2636 Hebraeum
3242 2591 3324 2638 est
3371 2597 3467 2636 vo-

1887 2668 2164 2737 cabulum)
2198 2669 2504 2739 appellatur
2529 2671 2692 2726 etiam
2725 2670 2882 2726 vallis
2923 2671 3049 2740 illa;
3096 2688 3214 2744 qua:
3245 2673 3465 2744 grandis

1887 2772 2048 2831 atque
2071 2763 2393 2832 campestris
2425 2778 2492 2819 ex
2541 2773 2773 2834 utraque
2820 2777 2975 2834 parte
2998 2766 3232 2821 vallatur
3264 2769 3466 2824 monti-

1887 2853 1990 2911 bus
2023 2856 2303 2912 contiuuis
2335 2871 2365 2910 a
2399 2855 2602 2912 Libano
2629 2872 2798 2928 usque
2825 2861 2891 2912 ad
2925 2859 3199 2913 desertum
3224 2857 3460 2913 Pharan.

1888 2949 2090 3003 Dividit
2121 2956 2299 3003 autem
2330 2946 2585 3005 Jordanis
2640 2948 2914 3005 Galilaeam
2946 2959 3000 3005 et
3040 2948 3353 3019 ldummam,
3411 2961 3467 3007 et

1887 3051 2088 3098 terram
2113 3041 2462 3113 Bosrtejquac
2507 3052 2560 3096 et
2586 3042 2834 3099 Idumaeas
2864 3045 3099 3099 secunda
3125 3045 3465 3116 metropolis.

189 3129 306 3184 zati
342 3147 358 3185 :
390 3129 699 3200 quicunque
728 3133 893 3188 etiam
943 3149 1011 3192 ex
1058 3136 1202 3192 stilla
1235 3137 1409 3194 iconis
1446 3143 1715 3209 peruncti,
1751 3157 1776 3196 a
1809 3156 1853 3215 α
1884 3134 2144 3192 Iordanis
2176 3137 2469 3192 descensus
2495 3136 2909 3206 interpretatur.
2942 3133 3058 3190 Dan
3088 3134 3205 3191 fere
3242 3135 3311 3191 ab
3338 3150 3461 3192 ortu

193 3238 532 3295 quacunque
569 3239 932 3300 gravarentur
966 3231 1304 3298 infirmitate,
1336 3233 1454 3288 sani
1493 3236 1783 3291 reddeban-

191 3329 306 3372 tur.
343 3320 575 3391 Arpbat,
614 3322 741 3379 urbs
797 3322 1068 3380 Damasci.
1121 3323 1424 3382 Damascus
1469 3326 1523 3382 in
1581 3326 1778 3400 Syria;

190 3410 265 3464 de
318 3426 426 3480 qua
466 3412 715 3470 historia.
761 3415 1060 3473 Damascus
1099 3424 1262 3486 caput
1315 3417 1490 3490 Syriae
1547 3427 1782 3478 tenenda

193 3502 546 3572 metropolis.
611 3504 672 3558 in
716 3518 782 3560 ea
827 3503 1151 3559 Damascum
1198 3508 1504 3561 construxit
1546 3507 1780 3575 Eliezer,

187 3607 390 3647 servus
431 3594 684 3659 Abrahze,
727 3596 780 3650 in
817 3611 945 3667 agro
977 3596 1089 3663 illo,
1138 3596 1192 3651 in
1229 3612 1335 3668 quo
1384 3597 1516 3654 Cain
1556 3599 1795 3655 fratrem.

188 3702 360 3741 suum
395 3687 529 3742 Abel
561 3689 780 3744 occidit.
818 3688 1063 3745 Damasci
1098 3686 1364 3746 habitavit
1408 3692 1572 3759 Esau,
1604 3695 1695 3764 qui
1727 3702 1781 3747 et

190 3777 347 3844 δεῖν,
395 3787 448 3834 et
486 3777 656 3834 Edom
711 3780 834 3834 Seir
885 3779 1123 3849 pilosus;
1159 3781 1327 3836 Edom
1377 3782 1546 3838 rullus
1575 3794 1629 3839 et
1686 3798 1781 3838 ru-

193 3871 354 3924 bens.
390 3872 472 3923 Ab
511 3870 674 3925 Edoni
711 3880 821 3926 tota
853 3871 944 3924 illa
979 3881 1120 3926 terra
1155 3882 1380 3926 vocatur
1410 3873 1668 3928 lduntaea.
1702 3877 1782 3932 De

189 3979 300 4034 qua
333 3964 386 4018 in
423 3964 631 4034 psalmo
659 3979 674 4020 :
698 3971 766 4017 In
798 3963 1092 4019 Idumwam
1127 3966 1417 4019 extendam
1449 3966 1778 4022 calceamen-

189 4066 310 4113 sum
349 4073 520 4111 meum
553 4058 592 4112 ί.
627 4057 722 4114 Est
756 4069 936 4113 autem
980 4057 1148 4112 Edom
1209 4072 1397 4114 vocata
1428 4077 1442 4113 :
1473 4061 1614 4115 unde
1645 4075 1779 4131 pro-

191 4150 362 4218 pheta
399 4166 413 4203 :
450 4148 577 4214 Quis
600 4160 673 4203 est
702 4150 819 4210 iste,
858 4150 949 4220 qui
981 4149 1123 4203 venit
1171 4151 1237 4204 de
1269 4149 1460 4217 Edam,
1493 4152 1666 4205 tinctis
1697 4169 1783 4206 ve-

191 4239 368 4292 stibus
401 4239 466 4292 de
521 4239 692 4294 Bozra
720 4239 778 4292 ’ἲ
829 4238 924 4294 Est
957 4251 1136 4294 autem
1169 4239 1415 4310 quaedam
1447 4249 1574 4310 pars
1620 4253 1780 4298 terra:

196 4328 370 4392 illius,
402 4341 542 4384 terra
569 4328 700 4395 llus,
730 4344 794 4382 ex
830 4343 936 4398 qua
965 4327 1158 4383 beatus
1182 4327 1320 4394 Job;
1348 4342 1466 4395 qua:
1493 4339 1546 4383 et
1578 4327 1774 4396 Sueta;

195 4437 228 4477 a
287 4437 395 4492 qna
442 4419 642 4476 Baldad
698 4419 953 4486 thites;
1009 4419 1061 4474 in
1109 4433 1211 4490 qua
1258 4428 1311 4474 et
1357 4417 1600 4474 Theman
1661 4435 1772 4474 me-

195 4513 454 4584 tropolis.
513 4515 593 4569 Es.
659 4513 954 4569 Themans.
1018 4512 1236 4581 Eliphat
1296 4510 1670 4580 Themanites,
1721 4514 1776 4568 in
1810 4497 1855 4554 θ

198 4625 307 4678 qua
352 4617 407 4663 et
445 4608 708 4662 Naamath
757 4605 1052 4677 oppidum;
1094 4618 1123 4657 a
1158 4618 1265 4674 quo
1297 4603 1511 4674 Sophar
1550 4604 1784 4659 Naama-

199 4702 387 4757 thites.
424 4701 488 4755 lli
537 4711 648 4756 tres
707 4700 1078 4756 consolatores
1123 4698 1245 4756 Job.
1307 4697 1365 4752 ln
1421 4696 1667 4754 idumreze
1718 4698 1783 4752 fio

199 4796 387 4858 nibus,
418 4794 525 4848 duo
565 4792 814 4848 milliaria
866 4806 896 4846 a
926 4790 1182 4859 Jordane,
1217 4791 1408 4848 fluvius
1445 4790 1650 4859 Jaboc;
1678 4806 1786 4863 quo

204 4887 554 4942 transvadato
582 4883 770 4951 Jacob,
799 4899 919 4939 cum
949 4899 977 4936 a
1013 4882 1398 4954 Mesopotamia
1432 4883 1655 4950 rediret,
1693 4883 1783 4938 lu-

203 4991 390 5036 ctatus
425 4987 628 5033 estcum
661 4981 888 5046 angeio;
922 4977 1010 5046 qui
1051 4978 1118 5032 de
1145 4975 1314 5032 Jacob
1343 4978 1391 5031 ei
1435 4993 1630 5032 nomen
1660 4993 1786 5032 mu-

207 5073 339 5126 tavit
403 5071 455 5124 in
488 5068 675 5123 israel.
729 5067 785 5122 ln
838 5067 1069 5123 ldumaaa
1126 5084 1280 5125 mons
1323 5068 1481 5137 Seir;
1533 5071 1634 5125 sub
1678 5084 1785 5139 quo

205 5161 524 5215 Damascus.
576 5157 693 5213 Duo
743 5158 993 5214 milliaria
1049 5173 1079 5211 a
1142 5157 1427 5222 Damasco,
1491 5160 1665 5226 locus,
1730 5159 1784 5212 in

204 5272 313 5326 quo
342 5253 508 5308 Sanlo
542 5251 793 5308 Christus
832 5253 1104 5322 apparuit,
1138 5253 1328 5307 dicens
1366 5267 1380 5307 :
1417 5251 1598 5319 Saule,
1632 5251 1781 5307 Sau-

203 5347 275 5414 ιρ,
309 5347 434 5417 quid
464 5363 544 5400 me
571 5347 898 5415 persequeris
923 5344 980 5398 ’ζ’
1010 5345 1063 5399 in
1094 5359 1202 5410 quo
1231 5351 1281 5398 et
1311 5343 1531 5399 Saulum
1563 5347 1781 5402 claritas

207 5441 436 5496 decwlo
469 5452 582 5494 non
621 5438 831 5492 modica
873 5435 1258 5493 circumfulsit.
1291 5435 1347 5490 In
1383 5436 1647 5491 Damasco
1681 5438 1778 5492 ba-

209 5532 430 5604 ptizavit
457 5532 680 5588 Saulum
706 5533 972 5596 Ananias,
1004 5546 1202 5586 nomen
1225 5533 1274 5584 ei
1303 5530 1451 5584 Pauli
1471 5529 1775 5601 imponens.

209 5627 267 5684 In
301 5626 562 5682 Damasco
593 5627 659 5682 de
698 5623 877 5682 muris
908 5622 1106 5680 missus
1139 5622 1241 5679 fuit
1262 5621 1461 5678 Paulus
1489 5623 1542 5677 iu
1571 5633 1778 5694 sporta,

280 5748 298 5781 ⁸
337 5745 482 5804 Psal.
514 5763 601 5805 us
653 5745 739 5802 10.
817 5748 838 5781 ⁸
869 5744 975 5804 lsa.
1003 5759 1160 5812 unt,
1188 5744 1241 5800 l.

205 5832 348 5887 cur,
379 5819 434 5874 5.

1887 3244 1985 3285 suo
2009 3221 2422 3284 subterraneum
2451 3227 2594 3284 ducit
2628 3229 2896 3299 gurgitem
2921 3242 3092 3298 u5quo
3119 3231 3184 3281 ad
3209 3228 3459 3295 Meldam,

1885 3322 2168 3393 planitiem
2199 3321 2348 3378 illam
2380 3323 2437 3376 in
2479 3321 2750 3391 quasatis
2799 3331 3073 3391 patentem
3118 3337 3274 3376 suum
3313 3320 3463 3375 foras

1884 3419 2087 3476 emittit
2139 3419 2377 3475 alveum.
2413 3417 2684 3474 Planities
2739 3415 2831 3472 illa
2890 3415 3064 3474 Melda
3099 3425 3346 3484 vocatur,
3395 3433 3462 3472 eo

1884 3512 2028 3582 quod
2069 3514 2120 3568 in
2168 3511 2259 3567 illa
2300 3511 2490 3567 Meldis
2523 3521 2628 3567 est.
2682 3511 3010 3568 Saracenice
3042 3511 3258 3581 quidem
3305 3519 3463 3567 sonat

1885 3606 2141 3676 plataem.
2163 3605 2347 3661 Platea
2369 3603 2564 3671 Melda,
2585 3603 2777 3660 Latine
2803 3614 2984 3660 autem
3017 3605 3217 3674 platea,
3250 3601 3458 3665 forum;

1884 3696 2054 3753 Melda
2088 3713 2218 3753 vero
2248 3706 2493 3754 vocatur.
2517 3711 2584 3753 eo
2625 3697 2766 3766 quod
2795 3696 3037 3752 intrante
3072 3703 3260 3751 testate
3300 3694 3461 3748 iunttn

1884 3789 2168 3846 merabilis
2199 3789 2270 3846 ibi
2309 3789 2560 3860 p0pulus,
2595 3802 2784 3844 secum
2814 3786 3066 3844 deferens
3087 3787 3266 3842 omnia
3302 3800 3462 3840 vena-

1883 3881 1978 3949 lia,
2002 3881 2258 3937 comenit
2288 3880 2587 3950 ingensque
2617 3879 2940 3935 Parthorum
2992 3889 3048 3934 et
3093 3880 3330 3934 Arabum
3357 3876 3460 3930 mi-

1883 3970 2019 4036 litia,
2042 3970 2110 4024 ad
2145 3972 2400 4026 tuendum
2428 3969 2681 4040 populum
2713 3979 2768 4024 et
2795 3984 2985 4039 greges
3009 3984 3136 4024 suos
3161 3971 3214 4023 in
3244 3969 3460 4037 pascuis

1883 4063 1994 4120 illis
2023 4062 2313 4118 uberrimis
2339 4075 2437 4131 per
2466 4069 2630 4115 totam
2665 4069 2935 4117 aestatem.
2992 4060 3204 4117 Meldan
3237 4077 3460 4129 compo-

1883 4155 2034 4208 Iitnr
2083 4169 2151 4210 ex
2199 4151 2326 4220 Mel,
2379 4161 2434 4209 et
2476 4151 2744 4208 Dan.Mel
2787 4151 3118 4208 Saracenice
3149 4169 3308 4224 aqua.
3345 4151 3457 4206 Dan

1883 4247 2101 4313 fluvius,
2149 4261 2215 4302 ex
2276 4245 2502 4318 planitie
2552 4246 2666 4302 Dan
2721 4247 2977 4315 praedicta
3018 4262 3078 4302 se
3125 4247 3354 4300 reddens
3402 4246 3455 4299 in

1881 4336 2127 4398 ﬂuvium.
2184 4338 2404 4394 Suetam
2449 4345 2722 4408 peragrat,
2757 4339 2808 4391 in
2862 4352 2967 4407 qua
3030 4337 3270 4411 pyramis
3313 4336 3454 4391 beati

1883 4429 1985 4486 Job
2013 4439 2316 4499 superstes,
2350 4443 2380 4484 a
2413 4427 2619 4486 Graecis
2647 4438 2701 4483 et
2742 4429 3035 4500 gentilibus
3066 4427 3322 4484 solemnis
3355 4427 3454 4481 ha-

1887 4526 2065 4581 betur.
2100 4521 2236 4589 Dan,
2267 4535 2454 4576 contra
2485 4518 2763 4576 Galilaeam
2792 4520 3028 4589 gentium
3075 4534 3134 4574 se
3167 4519 3457 4589 obliquatis

1887 4614 1954 4669 ab
1996 4614 2128 4667 urbe
2179 4612 2355 4667 Cedar
2405 4610 2567 4666 czecis
2617 4608 2956 4665 medicabilis
3011 4608 3200 4662 balnea
3258 4608 3454 4678 spineti

1885 4705 2044 4776 plana
2089 4701 2388 4772 proﬂuens.
2435 4701 2530 4757 Jor
2581 4701 2889 4770 copulatur.
2936 4699 3031 4755 δοι-
3059 4698 3203 4754 haud
3242 4699 3398 4771 longe
3426 4716 3453 4754 a

1887 4796 2292 4851 Paneaslacum
2329 4794 2474 4850 illius
2505 4793 2684 4848 reddit
2721 4809 2785 4848 ex
2833 4807 2912 4860 se,
2945 4802 3129 4863 postea
3169 4807 3317 4848 mare
3345 4791 3456 4848 Ga-

1890 4889 2060 4954 lilaem,
2098 4901 2317 4942 sumens
2349 4885 2562 4941 initium
2596 4886 2735 4940 inter
2769 4884 3058 4940 Bethsaida
3109 4894 3164 4939 et
3212 4883 3458 4955 Capitur-

1887 4993 2071 5032 naum.
2106 4977 2148 5030 Α
2182 4974 2466 5030 Betbsaida
2497 4975 2690 5030 Petrus
2738 4986 2793 5030 et
2841 4973 3097 5040 Joannes,
3132 4975 3374 5032 Andreas
3405 4985 3460 5031 et

1884 5068 2120 5124 Jacobus
2175 5067 2404 5134 Alphei.
2456 5067 2700 5134 Quatuor
2745 5066 2998 5120 milliaria
3052 5083 3080 5121 a
3138 5066 3452 5128 Bethsaida.

1887 5157 2178 5224 Corozain,
2224 5157 2277 5209 in
2320 5169 2428 5225 qua
2471 5157 2742 5212 nutrietur
2779 5156 3171 5220 Antichristus,
3203 5161 3460 5212 seductor

1887 5249 2052 5304 orbis.
2085 5248 2160 5302 De
2183 5246 2447 5301 Corosain
2477 5259 2531 5300 ct
2563 5245 2853 5301 Betbsaida
2880 5247 2951 5300 ait
2978 5246 3230 5302 Christus
3255 5246 3411 5303 Jesus
3442 5266 3457 5302 :

1897 5339 2424 5406 thibi,Corosain‘,
2446 5355 2522 5394 va:
2545 5339 2662 5405 tibi,
2687 5338 2971 5393 Betbsaida
2990 5341 3031 5392 ⁸.
3064 5339 3311 5410 Quinque
3341 5341 3462 5395 mil-

1888 5433 2044 5489 liaria
2105 5446 2134 5485 a
2185 5430 2472 5494 Corozain,
2517 5429 2716 5495 Cedar,
2774 5431 3230 5487 excellentissima
3271 5431 3464 5488 civitas

1887 5529 2001 5592 illa,
2035 5527 2101 5580 de
2144 5537 2248 5594 qua
2287 5523 2343 5576 in
2385 5522 2622 5588 Psalmo,
2659 5540 2778 5578 cum
2817 5523 3175 5578 habitantibus
3219 5523 3392 5580 Cedar
3416 5525 3460 5581 ὀ

1887 5621 2065 5678 Cedar
2096 5623 2508 5692 interpretatur,
2556 5619 2609 5672 in
2663 5618 2926 5674 tenebris.
2970 5615 3350 5688 Capharnaum
3378 5619 3459 5684 ,in

1319 5742 1339 5777 ³
1372 5741 1496 5801 Act.
1524 5745 1670 5814 “,4.
1748 5743 1768 5776 ‘
1792 5742 1947 5802 Cant.
1970 5757 2042 5812 tv,
2069 5739 2122 5798 8.
2198 5736 2429 5794 'Matth.
2451 5751 2531 5808 in,
2566 5736 2652 5794 17.
2729 5735 2956 5793 ‘Mattb.
2986 5750 3038 5793 ιι
3061 5775 3077 5802 ,
3105 5733 3197 5791 21.
3274 5731 3461 5793 'Psal.
