4004 6206
650 362 758 428 995

2098 355 2376 423 EUGESI
2390 353 2514 417 PPI

3776 356 3855 422 Μ

647 482 873 537 dextera
907 486 1061 547 parte
1098 474 1266 530 maris
1297 475 1398 529 sila
1452 484 1557 542 est,
1606 475 1800 532 civitas
1862 473 2236 538 Centurioms,
2265 475 2316 538 Α
2344 472 2500 528 mini.
2542 469 2808 528 Defuncto
2862 469 3024 545 igitur
3057 468 3321 540 Cleopba.
3367 467 3583 526 Salonae
3623 467 3759 527 duxit
3784 473 3852 531 ite-

649 584 810 642 cujus
845 567 1013 622 lilium
1044 565 1099 620 in
1131 580 1192 621 ea
1223 563 1437 621 sanavit
1480 562 1673 633 Jesus;
1705 565 1773 621 de
1805 580 1911 636 quo
1946 565 2024 620 ait
2055 583 2071 621 :
2107 563 2232 618 Non

651 662 821 716 iuveni
867 669 1069 714 tantum
1119 658 1276 728 ﬁdem
1326 660 1382 712 in
1424 655 1594 713 Israel
1637 658 1681 713 ⁸.
1729 656 1788 714 lu
1843 657 2230 728 Capharnaum

651 756 822 813 multa
875 754 980 809 alia
1039 751 1169 808 fecit
1198 749 1376 816 Jesus,
1414 750 1619 807 docens
1672 752 1727 806 in
1771 750 2080 822 Synagoga.
2126 750 2232 805 Ca-

653 847 980 918 pharnaum,
1006 843 1128 898 villa
1151 843 1515 914 pulcherrima
1547 842 1958 914 interpretatur,
1993 843 2078 899 vel
2105 841 2235 897 villa

649 935 1077 1012 pulchritudinis
1113 952 1128 989 :
1163 950 1285 1005 qua:
1334 935 1493 990 nobis
1521 947 1770 989 sanctam
1814 934 2015 1007 figurat
2045 933 2235 991 Eccle-

651 1031 814 1089 siam.
846 1029 928 1084 Ad
957 1043 1119 1098 quam
1154 1037 1268 1081 tum
1311 1028 1403 1097 qui
1435 1027 1503 1081 de
1550 1025 1759 1082 Libano
1789 1027 2150 1093 descendunt,
2179 1027 2233 1084 id

650 1131 760 1188 est,
784 1121 851 1177 de
883 1128 1121 1174 candore
1160 1118 1444 1184 virtutum,
1471 1116 1538 1172 ab
1576 1131 1639 1172 ea
1672 1126 1726 1172 et
1757 1115 1811 1170 in
1849 1133 1909 1172 ea
1941 1116 2236 1174 lucidiores

652 1213 975 1270 redduntur.
1041 1209 1293 1265 Secunda
1338 1209 1593 1264 milliaria
1639 1224 1668 1263 a
1703 1209 2108 1280 Captiarnaum,
2146 1210 2237 1265 de-

651 1319 882 1362 scensus
909 1303 1058 1358 illius
1098 1301 1296 1356 montis
1341 1310 1446 1370 est,
1493 1302 1545 1357 in
1576 1317 1683 1370 quo
1732 1302 2128 1357 sermocinatus
2155 1311 2237 1357 est

652 1397 720 1453 ad
753 1397 960 1466 turbas,
1010 1406 1062 1451 et
1114 1394 1672 1464 instruxitapostolos
1728 1410 1892 1462 suos;
1930 1394 1985 1450 in
2041 1409 2149 1465 quo
2181 1403 2237 1450 et

649 1492 928 1561 leprosum
959 1490 1197 1545 curavit.
1231 1487 1490 1544 Miliiario
1531 1504 1560 1542 a
1596 1488 1860 1544 descensu
1897 1489 2014 1553 illo,
2057 1488 2232 1554 locus,

653 1581 711 1637 in
748 1596 857 1652 quo
894 1582 1041 1651 pavit
1089 1581 1334 1650 quinque
1368 1579 1534 1633 millia
1566 1578 1848 1634 hominum
1891 1594 1959 1634 ex
1994 1579 2237 1650 quinque

651 1675 881 1744 panibus
909 1683 965 1728 et
997 1673 1210 1728 duobus
1242 1672 1506 1741 piscibus.
1541 1669 1698 1726 Unde
1729 1672 1882 1726 locus
1915 1670 2005 1727 ille
2045 1687 2234 1727 mensa

647 1779 915 1831 vocatur;
947 1769 1102 1838 quasi
1143 1767 1298 1822 locus
1330 1766 1670 1823 refectionis.
1716 1767 1815 1822 Cui
1860 1767 2016 1823 locus
2046 1767 2235 1838 subja-

647 1871 739 1917 cet
770 1862 883 1928 ille,
916 1863 968 1916 in
1010 1877 1120 1932 quo
1149 1861 1402 1916 Christus
1428 1868 1552 1931 post
1585 1859 2043 1915 resurrectionem
2074 1873 2231 1915 suam

649 1955 927 2024 discipulis
974 1955 1246 2024 apparuit,
1279 1953 1574 2008 comedens
1609 1968 1729 2006 cum
1764 1951 1846 2007 eis
1873 1963 2087 2023 partem
2114 1953 2230 2023 pis-

647 2043 728 2099 cis
755 2044 860 2098 assi
888 2059 1053 2113 supra
1080 2058 1269 2110 mare;
1305 2045 1360 2098 in
1401 2058 1508 2114 quo
1536 2054 1589 2097 et
1615 2042 1876 2098 Dominus
1910 2044 2060 2099 sicco
2093 2045 2231 2114 pede

649 2135 968 2197 ambulavit,
998 2152 1120 2191 cum
1148 2137 1292 2192 circa
1327 2146 1574 2207 quartam
1605 2135 1778 2191 noetis
1801 2135 2040 2206 vigiliam
2069 2136 2232 2192 Petro

645 2237 702 2282 et
731 2229 962 2284 Audi-ea:
989 2229 1326 2300 piscantibus
1378 2230 1668 2300 apparuit;
1703 2227 1791 2284 ubi
1825 2239 1881 2285 et
1919 2228 2106 2296 Petro,
2139 2245 2233 2286 su-

641 2333 742 2390 pra
768 2320 840 2376 ad
881 2334 1002 2375 eum
1045 2321 1126 2376 ire
1167 2319 1394 2386 volenti,
1430 2330 1484 2376 et
1515 2335 1716 2386 merso,
1752 2321 1829 2375 ait
1871 2320 2032 2378 Jesus
2066 2339 2081 2377 :
2114 2321 2234 2378 Ma-

641 2413 780 2466 dicc
807 2411 934 2482 ﬁdei
958 2411 1004 2466 '.
1032 2411 1135 2468 Ubi
1170 2413 1339 2468 etiam
1387 2411 1494 2466 alia
1528 2415 1650 2469 vice
1681 2413 1969 2484 discipulis
1999 2415 2142 2482 suis,
2176 2416 2231 2471 in

644 2505 773 2560 navi
803 2505 1102 2574 periclitari
1133 2504 1526 2571 metuentibus,
1561 2519 1712 2560 mare
1772 2507 2016 2576 quietum
2049 2508 2233 2563 reddi-

645 2595 751 2650 dit.
783 2594 841 2650 lu
891 2597 1116 2650 sinistro
1175 2595 1345 2651 maris
1376 2595 1575 2666 capite,
1631 2596 1830 2650 montis
1887 2597 1941 2650 in
1967 2610 2230 2664 concavo,

642 2685 977 2756 Geuezaret;
1016 2688 1176 2743 locus
1209 2701 1482 2760 generans
1523 2703 1736 2754 aurum,
1783 2689 1926 2758 quod
1956 2689 2132 2742 adhuc
2165 2690 2233 2744 ab

643 2778 754 2836 illis
782 2779 1143 2852 praesentibus
1179 2780 1439 2835 sumitur.
1473 2777 1731 2835 Milliario
1765 2781 2002 2836 sectmdo
2039 2795 2070 2834 a
2121 2777 2236 2835 Geo

643 2883 888 2940 nezaret,
919 2872 1230 2944 Magdalum
1255 2873 1515 2944 oppidum
1547 2914 1564 2939 ,
1602 2889 1630 2926 a
1666 2889 1774 2943 quo
1802 2871 1970 2927 Maria
2015 2871 2233 2945 Magda-

643 2967 794 3024 lena.
842 2966 968 3023 llaec
1006 2975 1189 3022 autem
1230 2968 1384 3038 regio
1421 2965 1640 3022 Galilaea
1704 2966 1947 3038 gentium
2000 2975 2116 3032 est;
2177 2965 2232 3022 in

645 3058 794 3116 tribu
824 3070 1004 3116 tamen
1024 3057 1268 3114 Zabulon
1296 3067 1352 3116 et
1378 3057 1749 3130 Nephthalim.
1782 3056 1841 3111 in
1861 3056 2233 3128 superioribus

643 3153 761 3220 ejus
792 3150 1053 3218 Galilaeae,
1083 3151 1278 3223 viginti
1311 3152 1529 3206 luerunt
1553 3149 1803 3205 civitates
1832 3146 1959 3215 illas,
1988 3163 2108 3219 qua:
2134 3162 2230 3204 rex

642 3247 896 3304 Salomon
937 3246 1121 3301 Hiram
1156 3230 1267 3318 regi
1305 3243 1458 3316 Tyri,
1492 3245 1673 3299 amico
1723 3253 1844 3308 suo,
1881 3241 2025 3297 dona
2053 3241 2224 3299 dedit.

643 3340 895 3396 Secundo
948 3335 1203 3394 milliaria
1264 3352 1294 3391 a
1353 3334 1619 3406 Magdala,
1679 3333 1975 3399 Cenereth,
2014 3347 2136 3404 quae
2169 3341 2227 3390 et

642 3431 892 3487 Tiberius
935 3447 966 3485 a
997 3429 1220 3486 Tiberio
1265 3427 1485 3485 Caesare
1525 3426 1942 3498 cognominata;
1973 3441 2136 3496 quam
2170 3426 2226 3481 in

626 3523 927 3592 'juvenlute
949 3539 1046 3580 sua
1080 3524 1433 3594 frequentare
1465 3520 1696 3578 solebat.
1733 3520 1940 3588 Quarto
1972 3518 2228 3576 milliaria

642 3637 672 3670 a
703 3616 1014 3686 Tiberiade,
1041 3616 1288 3673 Bethulia
1321 3618 1550 3682 civitas;
1590 3630 1658 3670 ex
1697 3629 1802 3685 qua
1829 3611 2042 3677 Judith,
2079 3625 2222 3681 quae,

641 3726 739 3780 pra
773 3722 932 3781 gente
970 3712 1252 3777 salvanda,
1293 3710 1455 3765 nimis
1483 3717 1668 3764 astute
1721 3705 1953 3779 peremit
1983 3702 2229 3760 Holofer-

644 3819 770 3858 nem
828 3805 882 3860 in
931 3805 1216 3860 obsidione
1241 3804 1410 3860 urbis.
1444 3803 1700 3858 Miliiaria
1739 3814 1935 3871 quarta
1983 3817 2014 3856 a
2062 3798 2226 3856 Tibe-

647 3898 799 3952 riade
850 3908 1039 3952 contra
1087 3899 1397 3966 meridiem,
1437 3897 1710 3961 Dathaim,
1771 3895 1824 3950 in
1873 3910 1980 3967 quo
2030 3892 2227 3952 fratres

639 4005 772 4045 suos
827 3997 1068 4064 gregein'
1099 3999 1388 4061 pascentes
1437 3991 1642 4061 reperit
1679 3987 1920 4058 Joseph;
1959 4004 2122 4060 quem
2166 3999 2224 4045 et

642 4083 954 4152 lstnaelitis,
1006 4101 1131 4141 eum
1160 4086 1284 4140 odio
1321 4085 1610 4150 habentes,
1649 4085 2028 4139 vendiderunt.
2075 4084 2225 4139 Duo-

640 4181 853 4235 decima
884 4179 1136 4235 milliaria
1160 4194 1189 4233 a
1233 4177 1538 4244 Tiberiade,
1566 4177 1856 4242 Nazareth,
1891 4179 2084 4233 civitas
2115 4176 2225 4232 Ga-

643 4273 817 4340 lila'ae,
854 4272 1027 4343 patria
1069 4271 1396 4339 Salvatoris,
1440 4287 1507 4328 eo
1551 4272 1696 4342 quod
1751 4271 1803 4326 in
1859 4285 1923 4326 ea
1987 4273 2224 4328 nutritus

646 4365 764 4422 fuit.
825 4362 1092 4420 Nazareth
1129 4365 1518 4437 interpretatur
1571 4365 1695 4432 llos,
1757 4365 1842 4420 vel
1897 4366 2221 4438 virgultum;

641 4475 742 4515 nec
771 4460 889 4516 sine
929 4475 1118 4525 causa.
1149 4474 1271 4516 cum
1306 4460 1357 4513 in
1403 4474 1466 4514 ea
1493 4471 1649 4516 ortus
1681 4460 1754 4514 sit
1800 4459 1920 4526 llos,
1963 4475 2028 4514 ex
2065 4461 2222 4523 cuius

2255 3196 2300 3257 Ο

2343 586 2457 623 rum
2480 569 2692 624 Annam
2718 581 2972 633 uxorem;
2994 567 3063 622 de
3084 581 3188 637 qua
3213 564 3399 637 genuit
3429 564 3636 620 tertiam
3656 563 3849 625 larisa.

2338 660 2631 716 Zebedaeus
2659 659 2814 714 duxit
2845 673 2963 713 eam
3000 672 3247 724 uxorem,
3279 655 3527 711 videlicet
3559 656 3749 711 tertiam
3775 658 3855 713 ls-

2339 753 2506 819 riam;
2541 766 2659 821 quae
2694 752 2884 824 genuit
2913 751 2960 805 ei
3005 751 3142 805 duos
3186 763 3413 820 magnos
3449 749 3613 813 viros,
3647 746 3853 806 Jacobum

2339 846 2606 904 ﬂinorem
2633 856 2687 902 et
2724 845 2987 901 Joannem
3023 843 3442 916 Evangelistam.
3488 843 3556 898 Et
3593 842 3675 899 isti
3704 844 3855 899 nihilo-

2337 939 2519 995 minus
2567 937 2788 1008 cognati
2828 935 3040 992 Domini
3093 934 3341 992 l’uerunt.
3400 932 3634 989 Primam
3683 932 3854 990 Mariam

2338 1034 2494 1090 duxit
2553 1032 2607 1090 in
2655 1047 2880 1089 uxorem
2929 1031 3157 1103 Joseph,
3200 1031 3292 1104 qui
3348 1029 3649 1087 vocabatur
3697 1028 3856 1097 Justus,

2336 1131 2630 1185 secundam
2661 1127 2884 1184 Mariam
2910 1129 3064 1183 duxit
3089 1124 3362 1198 Alpheus.
3389 1125 3638 1181 Secundo
3659 1125 3857 1182 milliaria

2339 1234 2366 1275 a
2401 1218 2659 1288 Sephori,
2703 1217 2852 1277 Cana
2901 1216 3157 1282 Galilaare,
3187 1224 3379 1272 contra
3408 1214 3705 1283 Orientem;
3736 1230 3760 1270 a
3785 1205 3858 1284 qua

2339 1312 2620 1384 Philippus
2653 1322 2710 1368 et
2745 1311 3066 1368 Nathanaal.
3106 1310 3165 1366 in
3194 1327 3299 1382 qua
3335 1321 3391 1366 et
3421 1325 3555 1380 puer
3581 1308 3742 1375 Jesus,
3769 1326 3856 1366 cum

2339 1415 2514 1462 matre
2561 1406 2913 1462 discumbens
2965 1405 3018 1461 in
3059 1405 3280 1474 nuptiis,
3325 1419 3519 1474 aquam
3567 1405 3862 1460 cauvertitiu

2338 1499 2544 1554 vinum.
2583 1499 2643 1554 in
2705 1496 2973 1555 Nazareth
3011 1496 3214 1554 labitur
3264 1495 3386 1553 foris
3415 1495 3671 1568 exiguus;
3712 1497 3759 1550 in
3785 1512 3863 1567 quo

2340 1588 2393 1643 in
2445 1588 2680 1660 pueritia
2747 1602 2846 1644 sua
2898 1588 3146 1644 habitare
3204 1587 3434 1655 solebat,
3487 1597 3544 1641 et
3579 1586 3696 1642 inde
3742 1587 3864 1642 mini-

2339 1685 2516 1732 strare
2546 1675 2707 1731 matri
2743 1691 2856 1733 suae
2881 1685 2935 1733 et
2965 1676 3091 1733 sibi.
3123 1674 3376 1731 Milliario
3404 1691 3433 1730 a
3463 1674 3745 1742 Nazarelh,
3767 1693 3860 1731 coo-

2337 1775 2421 1822 tra
2469 1770 2775 1833 meridiem.
2826 1785 3004 1839 mons,
3039 1769 3132 1841 qui
3180 1768 3558 1840 Praecipitatus
3591 1770 3865 1838 dicitur;ex

2337 1875 2444 1930 quo
2475 1859 2730 1928 juvenem
2767 1859 2954 1917 Jesum
3004 1862 3344 1934 praecipitare
3397 1862 3698 1928 voluerunt,
3741 1879 3867 1917 semu-

2337 1950 2511 2006 lantes
2550 1952 2894 2021 prudentiam
2947 1951 3100 2022 ejus;
3138 1953 3232 2007 sed
3303 1952 3372 2006 ab
3432 1953 3513 2005 eis
3555 1952 3608 2006 in
3645 1963 3868 2006 momento

2337 2037 2626 2110 disparuit.
2688 2040 2895 2108 Quarto
2957 2041 3213 2096 milliaria
3269 2056 3299 2096 a
3363 2040 3668 2109 Nazareth,
3718 2054 3866 2098 contra

2336 2130 2623 2195 orientem,
2666 2144 2824 2188 mons
2876 2131 3133 2199 Thahar;
3170 2133 3222 2188 in
3257 2148 3365 2205 quo
3418 2134 3794 2206 transﬂguravil
3827 2149 3869 2192 se

2335 2223 2515 2291 Jesus,
2559 2226 2820 2295 apostolis
2855 2225 2971 2282 suis
3011 2224 3346 2294 videntibus,
3398 2225 3589 2294 Petro,
3629 2227 3810 2284 Joanne
3830 2237 3871 2284 et

2335 2313 2562 2383 Jacobo,
2610 2315 2795 2388 Moyse
2846 2325 2902 2373 et
2953 2316 3102 2384 Elia;
3151 2317 3351 2390 quibus
3391 2320 3559 2375 etiam
3603 2335 3701 2377 vox
3731 2319 3871 2376 Patris

2335 2407 2522 2461 audita
2554 2417 2658 2474 est,
2689 2406 2879 2463 dicens
2917 2424 2932 2463 :
2971 2405 3078 2463 Hie
3103 2418 3178 2463 est
3209 2405 3387 2464 Filius
3413 2425 3561 2465 meus
3594 2413 3792 2468 dilectus
3818 2413 3869 2467 “.

2339 2497 2596 2554 Secundo
2630 2497 2888 2554 milliaria
2916 2513 2946 2554 a
2973 2497 3219 2564 Thabor,
3245 2509 3438 2556 contra
3463 2503 3723 2560 orientem
3750 2517 3872 2558 motis
3968 2559 3969 2562 η

2337 2590 2596 2648 liermon.
2659 2591 2715 2646 in
2780 2593 3045 2648 descensu
3099 2593 3301 2649 mantis
3350 2593 3592 2662 Thabor,
3676 2596 3876 2652 obviavit
3968 2587 3969 2664 ξ

2335 2675 2586 2753 Abrahae,
2625 2683 2870 2741 redeunti
2928 2698 2960 2740 a
3011 2686 3160 2742 crede
3195 2684 3437 2754 Amalec,
3494 2687 3870 2745 Melchisedech.

2333 2779 2426 2852 qui
2477 2791 2533 2836 et
2586 2778 2737 2845 Sem,
2789 2777 2932 2834 (ilius
2988 2776 3125 2846 Nae,
3170 2781 3450 2850 sacerdos,
3483 2791 3542 2838 et
3579 2798 3668 2840 rex
3703 2781 3869 2849 Saiem,

2335 2883 2672 2944 praesentans
2723 2871 2773 2927 ei
2821 2886 3015 2943 panem
3057 2881 3112 2928 et
3164 2873 3386 2943 vinum;
3450 2876 3596 2946 quod
3651 2876 3872 2948 signiticet

2334 2966 2661 3023 oblationem
2724 2963 2915 3020 altaris
2972 2964 3178 3021 Christi
3235 2967 3338 3024 sub
3404 2969 3605 3038 gratia.
3661 2969 3871 3025 Secundo

2334 3060 2589 3118 milliaria
2614 3075 2647 3114 a
2678 3057 2919 3125 Thabor,
2951 3057 3106 3113 Naim
3151 3059 3346 3114 civitas
3375 3075 3391 3126 ;
3423 3061 3489 3115 ad
3523 3062 3673 3133 cujus
3699 3072 3867 3134 portam

2336 3155 2589 3211 Christus
2629 3152 2868 3209 restituit
2895 3153 3018 3209 vita
3083 3150 3254 3207 lilium
3289 3153 3485 3209 viduas.
3541 3153 3710 3225 Supra
3749 3153 3872 3209 Naim

2335 3261 2494 3303 mons
2537 3245 2722 3302 Endor
2750 3263 2765 3302 :
2796 3246 2864 3302 ad
2917 3245 3155 3301 radicem
3204 3245 3382 3315 cujus.
3414 3249 3589 3321 isupra
3625 3259 3874 3305 torrentem

2331 3338 2662 3404 Raduinum,
2703 3337 2798 3409 qui
2848 3347 2932 3392 est
2987 3347 3209 3393 torrens
3261 3337 3448 3406 Cison,
3511 3341 3602 3396 ubi
3646 3356 3758 3396 cum
3792 3339 3877 3394 lilio

2332 3433 2554 3491 Deboras
2589 3432 2962 3505 prophetissae,
2992 3431 3202 3488 Barach
3244 3433 3387 3491 ﬁlius
3425 3434 3689 3491 Abinsem
3729 3434 3874 3490 derint

2329 3526 2617 3594 Idumaeos,
2672 3527 2856 3582 Sisara
2895 3526 3149 3583 videlicet
3205 3528 3387 3584 occiso
3437 3543 3469 3583 a
3527 3528 3700 3596 Jahci,
3742 3542 3875 3583 uxore

2329 3617 2507 3676 lleber
2535 3619 2723 3686 Cinaei,
2747 3617 2860 3675 Zeb
2883 3627 3084 3687 autem,
3112 3629 3167 3676 et
3195 3618 3373 3677 Zebee
3403 3633 3460 3676 ct
3485 3620 3732 3677 Salmana
3752 3632 3872 3677 trans

2327 3711 2619 3769 Jordanem
2686 3726 3042 3784 persequens,
3106 3711 3286 3783 gladio
3350 3716 3616 3784 peremit;
3680 3715 3872 3782 Barach,

2328 3805 2470 3864 duce
2502 3819 2689 3860 eorum
2721 3805 2772 3860 in
2808 3804 3014 3870 Endor,
3039 3814 3096 3860 et
3125 3806 3229 3861 sub
3263 3805 3449 3862 Endor
3479 3810 3719 3865 exercitu
3740 3825 3870 3865 c250.

2329 3897 2456 3952 Inde
2507 3898 2560 3953 in
2597 3897 2828 3966 psalmo,
2885 3897 3096 3953 Tliabor
3139 3905 3189 3952 et
3226 3899 3458 3956 Herniea
3481 3903 3546 3966 ¹¹,
3579 3914 3682 3958 etc.
3709 3901 3872 3969 Quinto

2328 3992 2582 4047 milliaria
2613 4007 2642 4047 a
2690 3991 2870 4058 binim,
2903 3991 3152 4050 Jezrahel
3184 3995 3400 4058 civitas.
3439 4011 3564 4067 quae
3597 4007 3650 4051 et
3677 3995 3868 4058 lat-aia;

2325 4103 2392 4144 ex
2417 4103 2524 4157 qua
2549 4085 2788 4150 Jezabei,
2820 4085 3143 4157 impiissima
3196 4087 3408 4159 regina,
3441 4087 3563 4154 fuit,
3589 4104 3704 4160 quae
3722 4088 3869 4142 abstu-

2327 4180 2388 4237 lit
2422 4181 2634 4237 vineam
2665 4178 2879 4235 Nabath
2908 4195 2924 4236 :
2955 4195 3076 4250 quae
3105 4189 3185 4244 et,
3210 4197 3311 4252 pro
3343 4182 3750 4254 importunitate
3772 4196 3864 4245 sua,

2325 4274 2394 4332 de
2441 4287 2656 4330 summa
2693 4271 2881 4342 palatii
2939 4272 3024 4327 sui
3072 4271 3411 4342 praecipitata
3473 4272 3678 4330 interiit
3710 4272 3869 4342 :cujus

2327 4368 2505 4425 adhuc
2562 4367 2805 4440 pyramis
2827 4374 3104 4437 superstes
3151 4367 3387 4424 videtur.
3425 4367 3586 4424 Juxta
3639 4366 3865 4427 Jezrahel,

2326 4478 2547 4532 campus
2573 4460 2868 4531 Mageddo;
2900 4459 2953 4514 in
2985 4474 3093 4530 quo
3113 4457 3289 4516 Josias
3315 4477 3409 4517 rex
3438 4477 3468 4517 a
3497 4478 3623 4534 rege
3647 4459 3866 4517 Samaria:

641 4555 818 4608 {ructu
854 4553 1110 4609 saeculum
1149 4552 1411 4624 repletum
1434 4565 1538 4609 est.
1578 4552 1700 4610 Flos
1732 4555 1833 4609 iste
1875 4555 2029 4623 virgo
2056 4553 2222 4608 Maria
2251 4557 2300 4617 D
2327 4549 2580 4606 subactus
2612 4547 2884 4616 occubuit,
2918 4547 3113 4604 deinde
3143 4549 3446 4606 translatus
3486 4552 3540 4606 in
3574 4551 3701 4609 Sion
3737 4560 3867 4606 etse-

637 4662 704 4700 ex
753 4662 858 4718 qua
905 4647 1124 4704 Gabriel
1183 4645 1538 4719 archangeius
1600 4649 1652 4703 in
1706 4649 1894 4704 eadem
1946 4646 2214 4702 Nazareth

639 4732 835 4793 Filium
871 4737 1135 4792 Altissimi
1196 4739 1532 4794 nasciturum
1575 4737 1862 4801 nuntiavit,
1917 4736 2167 4803 inquiens
2211 4753 2225 4792 :

635 4834 764 4898 Ave,
797 4830 973 4885 Maria
997 4833 1063 4888 ".
1093 4832 1164 4886 De
1195 4830 1460 4886 Nazareth
1494 4833 1694 4886 dictum
1723 4831 1819 4886 fuit
1848 4853 1862 4890 :
1894 4833 1933 4885 Α
1962 4829 2228 4885 Ναιανειή

633 4934 804 4995 potest
838 4923 960 4978 boni
1009 4925 1213 4995 aliquid
1271 4925 1420 4979 esse?
1466 4923 1725 4978 Milliario
1761 4927 1954 4994 quinto
1984 4940 2010 4977 a
2050 4922 2222 4977 Naza-

639 5019 782 5085 reth,
815 5017 1080 5088 ‘Sephoris
1125 5019 1343 5084 civitas,
1383 5017 1487 5081 via,
1523 5033 1644 5088 quae
1682 5018 1831 5072 ducit
1874 5017 2089 5071 Achon.
2137 5012 2216 5069 Ex

640 5110 875 5180 Sephori
924 5122 1094 5168 mater
1127 5111 1298 5168 beata:
1345 5110 1566 5176 Mariae,
1611 5110 1790 5175 Anna,
1832 5119 1884 5164 et
1922 5107 2215 5177 llermana,

636 5219 872 5262 sorores.
906 5205 983 5261 De
1040 5205 1310 5262 Hermana
1363 5214 1487 5260 nata
1544 5214 1630 5259 est
1682 5203 1986 5267 Elizabeth,
2043 5212 2215 5258 mater

637 5298 861 5355 Joannis
923 5299 1198 5370 Baptistae.
1255 5299 1427 5355 Porro
1482 5297 1729 5355 Joachitn
1787 5297 1940 5352 duxit
1995 5298 2207 5350 Annam

637 5405 885 5456 uxorem,
925 5394 1014 5463 qui
1040 5393 1226 5464 genuit
1250 5407 1317 5446 ex
1346 5407 1408 5448 ea
1441 5391 1689 5457 Mariam,
1718 5388 1944 5445 Matrem
1976 5389 2209 5444 Domini.

637 5483 850 5541 Mortuo
874 5483 1144 5553 Jaachim,
1171 5484 1438 5556 CleOphas
1467 5483 1624 5539 duxit
1645 5485 1853 5537 Annam
1886 5483 1940 5536 in
1966 5496 2210 5545 uxorem,

634 5585 690 5631 et
725 5581 910 5652 genuit
946 5594 1014 5636 ex
1061 5594 1126 5636 ea
1155 5579 1384 5634 alteram
1420 5577 1668 5644 Mariam,
1734 5591 1854 5646 quae
1881 5575 1983 5631 fuit
2043 5584 2216 5630 mater

633 5670 823 5730 Jacobi
873 5671 1102 5730 minoris
1136 5671 1367 5745 Alphzei,
1413 5669 1506 5742 qui
1548 5668 1848 5740 appellatur
1890 5668 2054 5723 frater
2106 5666 2217 5722 Do-

707 5813 729 5846 '
753 5811 944 5882 Haltb.
977 5830 1099 5884 vin,
1136 5813 1223 5870 l2.
1299 5813 1320 5850 ⁹
1343 5809 1480 5872 ibid.
1509 5809 1598 5867 26.
1681 5811 1725 5843 ”
1755 5809 1891 5867 Luc.
1937 5825 1978 5868 ι.
2009 5807 2099 5865 28.
2180 5807 2221 5840 “
2250 5804 2444 5866 Matth.
2500 5819 2630 5877 xvii,
2663 5804 2718 5862 5.

637 5901 678 5957 ι,
709 5878 799 5942 21.

2328 4642 2508 4714 pultus
2536 4657 2551 4696 :
2582 4658 2677 4712 pro
2716 4640 2876 4712 cujus
2910 4648 3086 4696 morte
3131 4640 3259 4697 fecit
3312 4642 3576 4701 Jeremias
3623 4645 3866 4701 Lamenta-

2325 4739 2524 4793 tiones.
2577 4734 2832 4791 Milliario
2886 4753 2914 4788 a
2978 4733 3254 4803 Jezrahet,
3315 4751 3526 4795 montes
3578 4740 3795 4804 Ceiboe;
3826 4739 3864 4790 in

2325 4831 2522 4900 quibus
2576 4828 2907 4885 dimicantes
2947 4827 3075 4884 Saul
3128 4839 3180 4884 et
3238 4830 3516 4898 Jonathas,
3576 4835 3767 4888 subacti
3805 4830 3864 4887 si-

2325 4925 2557 4978 luerunt.
2604 4922 2757 4978 Unde
2799 4922 2966 4977 David
3008 4939 3022 4977 :
3075 4923 3277 4979 Montes
3322 4923 3509 4980 Gelboe
3540 4927 3604 4992 ”,
3643 4939 3740 4982 etc.
3786 4926 3864 4979 Se-

2325 5018 2506 5074 cundo
2543 5015 2798 5071 milliaria
2833 5031 2864 5071 a
2923 5015 3143 5086 Gelboe,
3201 5028 3387 5073 contra
3428 5018 3720 5080 Orientem.
3754 5019 3862 5089 Scy-

2328 5111 2562 5180 thopolis
2609 5111 2824 5173 civitas,
2869 5109 3106 5164 Calilaxe
3161 5113 3507 5180 metropolis,
3554 5129 3671 5184 qua:
3704 5123 3749 5168 ct
3788 5110 3865 5164 Bc-

2323 5207 2502 5271 thsan,
2545 5203 2597 5256 id
2631 5211 2731 5268 est,
2775 5203 2962 5257 domus
2991 5201 3146 5272 solis,
3195 5213 3274 5259 vel
3309 5205 3518 5271 civitas,
3556 5220 3710 5276 supra
3739 5202 3862 5272 cuius

2325 5313 2511 5352 muros
2569 5295 2969 5364 suspenderunt
3013 5304 3177 5363 caput
3219 5293 3394 5351 ‘Sanl.
3453 5297 3649 5363 Quinta
3701 5296 3862 5350 millia-

2319 5392 2401 5443 rio
2463 5402 2491 5441 a
2527 5384 2793 5450 Jezrahel,
2841 5384 3114 5457 geminum
3169 5386 3422 5456 Oppidum
3478 5390 3644 5453 illud,
3698 5403 3725 5441 a
3777 5398 3862 5454 qua

2319 5481 2508 5551 incipit
2590 5478 2861 5534 Samaria.
2915 5477 3140 5535 Decimo
3207 5479 3460 5536 milliaria
3517 5496 3547 5535 a
3613 5480 3860 5542 Samaria,

2321 5589 2440 5643 qua:
2469 5583 2522 5628 et
2550 5571 2796 5638 Sebaste,
2835 5572 2887 5627 id
2941 5580 3047 5636 est,
3080 5572 3346 5642 Augusta,
3389 5577 3456 5629 ab
3483 5577 3719 5644 Augusto
3763 5571 3858 5626 Cre-

2327 5680 2450 5721 sare
2481 5667 2622 5722 dicta
2655 5684 2669 5719 ε
2707 5665 2759 5720 in
2787 5679 2890 5736 qua
2921 5664 3164 5734 sepultus
3209 5664 3306 5721 luit
3357 5669 3753 5739 paranymphus
3787 5661 3860 5717 ille

2840 5804 2881 5838 ¹³
2905 5805 3052 5866 Psal.
3103 5819 3367 5877 Lxxxvm,
3403 5807 3486 5864 i3.
3598 5808 3640 5839 "
3671 5805 3715 5863 ll
3747 5803 3856 5876 Reg.
