4004 6206
295 350 402 416 997

1576 345 1674 408 DE
1715 343 1933 407 LOCIS
1974 341 2308 406 SANCTIS.

3448 346 3552 411 91-)8

297 477 351 540 et
381 481 682 535 pra’cursor
721 445 954 531 Domini,
984 463 1217 521 Joannes
1251 464 1519 534 Baptista,
1544 466 1611 518 ab
1658 461 1871 518 lieroue
1899 465 1946 522 Α
1974 459 2253 517 Bethleem
2311 461 2707 528 interpretatur
2758 457 2960 517 Domus
3011 464 3201 533 panis;
3273 478 3372 520 nec
3431 465 3550 522 sine

296 560 592 614 decollatus
617 569 769 613 trans
800 551 1090 615 Jordanem
1117 558 1269 627 juxta
1304 561 1480 612 lacum
1527 555 1869 624 Asphaltiten

295 653 346 705 in
397 652 637 706 Castello
689 650 1001 717 Macherus,
1061 661 1116 707 ct
1171 665 1201 705 a
1266 651 1546 720 discipulis
1601 650 1715 705 suis
1749 648 1874 703 inde

293 730 593 801 translatus
623 743 909 812 Sebasten,
958 745 1138 815 ibique
1185 745 1428 814 sepultus
1461 743 1599 798 inter
1634 741 1880 798 Eliseum.

293 853 341 892 et
375 840 607 894 Abdiam
647 855 661 894 :
701 849 888 909 postea
939 839 1136 894 exinde
1187 845 1526 907 assumptum
1593 837 1796 908 corpus
1839 849 1874 888 a

291 931 504 986 iuliano
528 938 810 1002 Apostata,
843 931 957 1000 ejus
983 932 1139 1002 jussu
1174 940 1476 988 crematum
1518 929 1689 985 fuisse
1745 942 1872 998 per-

290 1019 535 1088 hibetur,
569 1026 709 1078 datis
741 1034 914 1079 .vento
941 1025 1254 1089 cineribus;
1287 1025 1380 1080 sed
1415 1024 1624 1092 absque
1656 1023 1867 1093 capite,

289 1114 432 1178 quod
485 1113 866 1168 Alexandriam
896 1122 1052 1168 antea
1085 1113 1407 1170 translatum
1456 1113 1653 1178 ﬁtcrat,
1679 1124 1867 1184 postea

287 1205 839 1276 Cottstautinopolim,
882 1207 949 1261 ad
1003 1207 1252 1261 ultimum
1314 1209 1366 1262 in
1419 1207 1610 1262 Galliae
1671 1208 1868 1277 pagum

288 1293 705 1362 Pietaviensem,
753 1308 808 1353 et
859 1299 1064 1368 absque
1109 1299 1312 1369 judice,
1360 1301 1506 1371 quod
1557 1299 1867 1355 venientem

286 1389 475 1444 Jesum
507 1392 574 1444 ad
610 1390 881 1461 baptisma
927 1390 1208 1459 indicavit,
1255 1393 1441 1451 dicens
1472 1413 1485 1450 :
1523 1393 1657 1450 Ecce
1690 1397 1869 1464 Agnus

288 1478 385 1533 Dei
415 1479 483 1534 “.
511 1479 757 1535 Judicem
788 1479 999 1537 Justum
1037 1492 1227 1539 sancta
1256 1482 1420 1554 Virgo
1472 1495 1678 1557 martyr
1701 1485 1866 1556 Alpes

285 1574 411 1628 tulit
456 1572 684 1641 Thecla,
712 1575 802 1630 ubi
856 1575 958 1632 sub
991 1577 1225 1632 maxima
1258 1577 1605 1634 veneratione
1658 1586 1868 1634 leuetur

285 1666 336 1720 in
396 1667 627 1723 ecclesia
685 1667 1005 1725 Morinensi.
1058 1667 1306 1726 Samaria
1363 1685 1558 1726 nomen
1619 1671 1769 1726 urbis
1809 1679 1868 1726 et

284 1760 496 1828 patria.
535 1761 755 1828 Quarto
789 1761 1044 1818 milliario
1083 1777 1112 1816 a
1144 1761 1393 1827 Sebaste,
1437 1762 1711 1834 Neapolis,
1745 1778 1865 1834 quae

284 1855 342 1908 et
374 1848 617 1918 Sichem,
657 1868 690 1909 a
742 1852 961 1910 Sichem
994 1864 1148 1926 patre
1180 1855 1397 1921 Hemor,
1427 1858 1520 1927 qui
1577 1857 1769 1911 Dinam
1803 1857 1865 1911 li-

285 1941 416 1999 liam
455 1947 654 2015 rapuit,
686 1945 888 2002 ﬁnibus
916 1946 1024 2002 illis
1057 1947 1516 2004 deambulautem.
1546 1951 1605 2003 In
1646 1946 1864 2004 Sichem

285 2048 419 2090 vero
468 2035 637 2091 relata
688 2035 910 2092 fuerunt
952 2051 1073 2092 ossa
1133 2037 1331 2107 Joscph
1392 2053 1457 2094 ex
1507 2038 1760 2109 ZEgypto.
1805 2034 1865 2092 In

286 2126 508 2183 Sichem
553 2128 708 2198 juxta
749 2129 952 2185 fontem
1011 2129 1302 2185 fabricavit
1333 2129 1619 2185 Jeroboam
1670 2130 1866 2186 vitulos

281 2233 484 2277 aureos
519 2222 676 2284 duos,
710 2237 849 2291 quos
901 2221 1117 2276 adorari
1153 2221 1280 2277 fecit
1313 2238 1341 2275 a
1371 2220 1555 2277 decem
1592 2222 1865 2288 tribubus,

281 2327 423 2382 quas
477 2327 506 2366 a
541 2311 844 2368 Jerusalem
908 2313 1208 2368 abduxerat
1257 2325 1311 2368 et
1364 2315 1676 2369 seduxer‘at.
1708 2313 1868 2370 Unde

282 2419 451 2457 unum
479 2418 545 2458 ex
569 2405 649 2458 eis
670 2404 851 2474 posuit
885 2405 936 2458 in
963 2403 1101 2469 Dan,
1132 2404 1296 2459 alium
1329 2406 1378 2460 in
1405 2404 1612 2461 Bethel.
1647 2404 1866 2462 Sichem

283 2500 477 2551 urbem
515 2496 659 2550 illam
693 2495 1006 2551 deleverunt
1038 2497 1131 2551 ﬁlii
1175 2497 1362 2558 Jacob,
1395 2497 1703 2566 llemorque
1737 2514 1866 2569 per-

279 2598 557 2653 emerunt,
609 2588 852 2644 dolentes
883 2590 948 2644 de
995 2590 1262 2646 adulterio
1312 2589 1461 2646 Dina:
1500 2591 1701 2646 sororis
1731 2605 1862 2647 sua.

281 2682 506 2736 Sichem
535 2682 602 2736 iis
619 2681 811 2738 diebus
840 2682 1093 2747 Neapolis
1122 2684 1346 2747 dicitur,
1380 2684 1431 2738 id
1466 2693 1570 2749 est,
1601 2683 1749 2740 Nova
1784 2683 1864 2741 ο]-

282 2774 451 2838 vitas,
487 2770 683 2828 Sichar
727 2784 895 2839 ante;
961 2774 1114 2844 juxta
1146 2773 1362 2830 Sichem
1407 2777 1687 2843 praedium,
1718 2775 1865 2846 quod

282 2864 437 2919 dedit
466 2861 638 2920 Jacob
683 2865 794 2920 lilio
829 2877 926 2920 suo
982 2865 1207 2936 Joseph.
1262 2865 1323 2920 ln
1359 2883 1466 2937 quo
1504 2867 1626 2923 l'ons
1673 2865 1863 2936 Jacob,

277 2956 376 3026 qui
429 2961 485 3010 et
523 2965 753 3025 puteus;
806 2972 966 3028 supra
999 2972 1156 3026 quem
1207 2958 1628 3028 evangelizatur,
1661 2961 1862 3015 fessum

278 3051 483 3105 itinere
497 3048 702 3114 Jesum,
724 3065 1032 3106 sermonem
1064 3051 1318 3106 habuisse
1341 3068 1461 3106 cum
1488 3053 1860 3122 Samaritana;

280 3143 377 3198 ubi
424 3158 568 3198 nunc
620 3153 676 3198 et
706 3143 940 3200 ecclesia
999 3143 1356 3200 construitur.
1391 3143 1556 3202 Juxta
1617 3144 1858 3211 Sichem,

283 3235 629 3292 terebinthus
669 3236 780 3301 illa,
813 3238 915 3292 sub
950 3253 1056 3305 qua
1091 3235 1259 3293 Jacob
1281 3237 1566 3294 abscondit
1607 3240 1773 3295 idola.
1808 3239 1867 3296 In

277 3327 497 3394 Bethel,
537 3327 794 3384 milliario
834 3345 861 3383 a
902 3327 1143 3392 Sichem,
1179 3314 1327 3384 Luaa
1367 3329 1585 3396 civitas,
1639 3332 1693 3387 in
1759 3348 1866 3403 qua

274 3437 384 3492 per
414 3421 643 3477 multum
677 3421 941 3492 temporis
976 3421 1209 3492 Spatium
1242 3422 1508 3476 habitavit
1536 3423 1813 3480 Abraham
1847 3441 1862 3481 :

272 3513 372 3568 ubi
402 3521 457 3568 et
486 3510 678 3579 Jacob,
708 3511 1005 3578 dormiens,
1045 3511 1247 3566 scalam
1280 3513 1410 3567 vidit
1438 3515 1506 3568 ad
1538 3525 1696 3586 caput
1722 3515 1862 3586 ejus,

271 3605 488 3661 caelum
519 3614 849 3675 tangentem,
905 3603 1238 3674 angelosqne
1267 3621 1363 3676 per
1394 3621 1513 3662 eam
1566 3609 1867 3665 ascenden-

273 3709 366 3753 tes
412 3706 466 3750 et
494 3697 923 3764 descendentes;
963 3706 1019 3752 et
1063 3700 1250 3755 statim
1296 3699 1586 3770 evigilans,
1611 3701 1731 3756 ait:
1766 3700 1864 3756 llic

271 3792 432 3845 locus
493 3805 608 3845 vere
652 3801 869 3845 sanctus
897 3799 994 3858 est,
1022 3800 1070 3846 et
1100 3802 1256 3863 porta
1286 3793 1399 3847 caeli
1441 3793 1517 3860 ¹⁸,
1541 3794 1864 3866 erigensque

269 3883 515 3953 lapidem
553 3883 607 3938 in
671 3882 909 3950 titulum,
961 3882 1250 3955 oleumque
1313 3885 1541 3943 fundens
1605 3887 1860 3956 desuper,

271 3976 582 4048 appellavit
641 3992 838 4033 nomen
873 3977 975 4032 loci
1019 3977 1163 4031 illius
1213 3975 1425 4044 Bethel,
1465 3979 1558 4049 qui
1609 3981 1862 4051 primitus

271 4068 427 4124 Luza
458 4071 856 4142 appellabatur.
898 4069 952 4125 lu
986 4070 1196 4136 Bethel,
1230 4073 1406 4142 angeli
1447 4086 1738 4145 praecepto,
1766 4087 1864 4130 vo-

275 4164 385 4218 luit
419 4163 695 4218 Abraham
725 4163 1007 4220 immolare
1036 4163 1266 4219 Domino
1298 4166 1467 4220 lilium
1499 4181 1654 4223 suum
1684 4171 1860 4225 lsaac.

270 4258 382 4314 Est
417 4268 598 4313 autem
627 4256 815 4313 Bethel
841 4258 1178 4313 collateralis
1209 4273 1364 4314 mons
1395 4257 1662 4328 Garisim,
1689 4263 1864 4333 respi-

267 4352 435 4407 ciens
481 4359 716 4405 montem
786 4349 980 4410 Hebal.
1038 4350 1307 4406 orientem
1352 4349 1510 4422 juxta
1544 4351 1658 4408 Dan
1697 4369 1864 4424 super

273 4445 526 4500 Sichem.
565 4443 836 4499 Vicesimo
883 4443 1139 4499 milliario
1168 4459 1198 4498 a
1237 4445 1456 4500 Sichem
1490 4455 1799 4517 quartoque
1827 4463 1858 4503 a

1975 568 2167 618 causa,
2199 554 2326 622 quia
2353 552 2420 608 de
2462 551 2594 609 ﬂore
2638 553 2917 609 Nazareno
2948 558 3212 625 processit
3256 559 3309 612 in
3342 573 3404 613 ea
3435 559 3551 614 {ru-

1975 652 2100 700 ctus
2129 646 2272 707 vitae,
2304 645 2372 700 de
2400 643 2617 717 Virgine
2639 645 2804 702 Maria
2833 643 3001 704 Filius
3031 649 3122 703 Dei
3150 650 3278 714 vivi,
3299 651 3552 707 videlicet

1973 734 2222 790 Christus
2249 732 2427 797 Jesus,
2465 735 2555 805 qui
2604 737 2757 806 panis
2790 747 2872 792 est
2903 738 3240 810 angelorum,
3277 718 3551 810 totiusque

1974 823 2162 879 mundi
2213 824 2346 878 vita.
2384 822 2441 878 in
2501 825 2795 892 Bethleem,
2850 827 3005 897 juxta
3056 829 3228 882 locum
3285 828 3549 885 Natiiita-

1975 915 2065 978 tis,
2127 930 2383 985 praesepe,
2435 916 2490 973 in
2551 931 2658 987 quo
2709 928 2765 973 et
2816 920 2929 987 ipse
2983 919 3212 976 latitavit
3257 921 3434 975 infans
3460 923 3554 977 Je-

1970 1022 2085 1067 sus.
2121 1007 2272 1063 Unde
2301 1017 2355 1061 et
2403 1009 2666 1078 propheta
2703 1027 2715 1063 :
2751 1009 3007 1079 Cognovit
3052 1010 3141 1065 bos
3194 1029 3547 1078 possessorem

1972 1117 2126 1155 suum
2157 1102 2222 1158 ".
2263 1101 2340 1156 Ex
2386 1118 2493 1173 quo
2525 1100 2729 1158 frenum
2764 1102 2913 1169 illud,
2968 1103 3023 1158 in
3065 1119 3171 1174 quo
3215 1106 3547 1167 latitaverat,

1973 1193 2200 1248 Romam
2231 1195 2464 1250 delatum
2502 1193 2679 1250 fuerat
2717 1201 2786 1250 ab
2835 1195 3062 1262 Helena,
3093 1207 3143 1251 et
3198 1198 3426 1254 honeste
3458 1214 3546 1254 τες

1972 1286 2250 1341 conditum
2279 1287 2332 1341 in
2359 1287 2588 1343 ecclesia
2618 1300 2820 1344 sanctae
2853 1289 3033 1344 Maria:
3081 1289 3320 1358 majoris.
3350 1290 3545 1346 Miliia-

1971 1379 2053 1434 rio
2110 1395 2139 1432 a
2196 1378 2497 1446 Bethleem,
2557 1380 2763 1436 refulsit
2813 1381 2899 1436 lux
2943 1383 3265 1450 pastoribus,
3316 1381 3549 1437 Domino

1970 1480 2120 1537 nato,
2155 1471 2274 1542 ejus
2322 1481 2618 1542 apparente
2670 1472 2860 1542 angelo
2903 1485 2957 1529 et
2989 1475 3201 1530 dicente
3232 1494 3246 1529 :
3274 1473 3457 1529 Gloria
3490 1480 3544 1534 ia

1968 1568 2190 1621 excelsis
2215 1565 2323 1620 Deo
2349 1566 2414 1622 η.
2464 1567 2522 1621 Ιιι
2557 1566 2834 1622 Bethleem
2867 1582 3005 1623 nova
3060 1568 3215 1623 stella
3263 1572 3421 1637 duce,
3456 1586 3549 1625 ve-

1970 1667 2168 1717 nerunt
2201 1669 2308 1716 tres
2337 1675 2496 1730 reges
2543 1660 2611 1715 ab
2661 1658 2906 1726 Oriente,
2941 1662 3183 1716 venerati
3236 1675 3421 1717 uatum
3452 1663 3546 1719 Je-

1970 1769 2118 1819 sum,
2150 1761 2225 1820 et,
2259 1764 2318 1808 ut
2352 1751 2553 1825 Regem
2605 1754 2916 1822 angelorum
2964 1756 3275 1822 adorarent,
3311 1772 3547 1823 prazsen-

1975 1857 2152 1904 tantes
2185 1847 2417 1920 mystica
2448 1861 2697 1909 munera,
2723 1862 2938 1913 aurum,
2973 1848 3124 1912 thus,
3155 1855 3210 1901 et
3245 1850 3544 1918 myrrham.

1971 1939 2029 1996 in
2075 1939 2348 1998 Bethleem
2389 1939 2617 2009 ejusque
2651 1940 2873 2008 ﬁnibus,
2908 1940 3167 1996 decollari
3197 1940 3364 2009 jussit
3394 1940 3548 1997 inno-

1973 2045 2157 2090 centes
2210 2034 2453 2091 llerodes
2498 2050 2511 2087 :
2560 2048 2792 2104 quorum
2844 2047 2970 2103 pars
3034 2034 3303 2098 maxima,
3357 2043 3546 2096 contra

1973 2127 2278 2194 meridiem,
2317 2127 2558 2186 secundo
2609 2126 2858 2182 milliaria
2902 2142 2932 2180 a
2967 2126 3269 2195 Bethleem,
3304 2129 3546 2182 secundo

1972 2235 2003 2274 a
2031 2218 2276 2286 Thecua,
2306 2220 2516 2290 sepulta
2545 2221 2801 2290 quiescit.
2847 2219 3053 2286 Quarto
3085 2221 3340 2277 miliiario
3369 2238 3398 2277 a
3446 2222 3552 2278 Be-

1975 2311 2197 2377 thleem,
2230 2320 2419 2367 contra
2452 2311 2755 2377 meridiem,
2789 2318 2871 2366 est
2898 2311 3126 2367 ecclesia
3154 2311 3298 2368 beati
3323 2311 3549 2368 Paretu-

1973 2405 2080 2472 lis;
2113 2405 2203 2459 ubi
2227 2413 2302 2467 et,
2343 2405 2457 2474 ipso
2500 2413 2822 2460 transeunte
2855 2403 2921 2459 de
2974 2405 3076 2459 hoc
3107 2406 3328 2474 mundo,
3362 2421 3550 2460 mona-

1973 2498 2058 2555 chi
2113 2497 2252 2566 ejus,
2286 2498 2483 2568 quibus
2544 2499 2659 2567 ipse
2715 2505 2901 2566 pastor
2960 2497 3271 2568 praefuerat,
3326 2512 3448 2553 cum
3481 2514 3548 2554 eo

1973 2591 2177 2660 pariter
2207 2593 2674 2662 agonizaverunt;
2709 2590 2852 2661 quod
2889 2591 3025 2646 adeo
3057 2592 3251 2649 dev0te
3283 2592 3549 2662 praestite-

1973 2692 2122 2749 runt,
2165 2697 2230 2738 eo
2264 2684 2406 2752 quod
2436 2694 2591 2752 pater
2617 2697 2804 2738 eorum
2839 2682 2961 2751 pius
2984 2681 3271 2750 extiterat;
3302 2698 3398 2739 nec
3426 2691 3550 2752 post

1972 2791 2099 2832 eum
2130 2777 2183 2831 in
2220 2776 2418 2832 mundo
2447 2777 2628 2832 vivere
2658 2775 2936 2841 volebant,
2967 2778 3038 2831 ita
3069 2776 3186 2847 ejus
3214 2791 3403 2832 amore
3430 2778 3548 2832 ter-

1972 2869 2197 2938 vehant;
2230 2884 2460 2939 quorum
2494 2868 2830 2939 singulorum
2851 2870 3199 2940 compagines
3233 2871 3285 2925 in
3313 2871 3547 2926 ecclesia

1975 2965 2142 3020 videri
2179 2970 2428 3033 possent,
2459 2963 2619 3018 modo
2655 2961 2750 3017 illo
2797 2977 2904 3033 quo
2933 2977 2991 3017 se
3023 2963 3325 3018 habuerunt
3359 2964 3411 3019 in
3447 2964 3552 3020 de-

1972 3058 2238 3114 solatione
2263 3057 2432 3126 patris
2462 3071 2653 3112 eorum
2683 3057 3044 3126 agonirautis,
3083 3058 3329 3112 translati
3360 3069 3547 3127 postea

1893 3189 1938 3250 ε
1975 3152 2028 3206 in
2062 3149 2386 3207 Jerusalem.
2413 3148 2476 3204 In
2509 3147 2814 3216 Bethleem,
2868 3151 2923 3204 in
2958 3150 3180 3205 basilica
3213 3149 3356 3205 haud
3391 3151 3550 3221 longe

1971 3261 2000 3302 a
2054 3245 2339 3316 praesepio,
2375 3243 2672 3315 requiescit
2737 3259 2937 3314 corpus
2998 3245 3140 3301 beati
3202 3243 3544 3319 Hieronymi,

1973 3350 2119 3394 nune
2168 3337 2386 3407 quidem
2423 3336 2630 3402 Romae,
2682 3335 2968 3398 ubi_,etiam
3021 3337 3073 3392 in
3105 3338 3341 3394 ecclesia
3373 3339 3548 3394 sancti

1967 3427 2172 3485 Nicolai
2219 3431 2570 3499 requiescunt
2624 3443 2852 3498 corpora
2916 3438 3231 3485 sanctorum
3292 3430 3442 3486 Pauli
3491 3439 3548 3488 et

1967 3519 2278 3586 Eustachii;
2315 3519 2513 3590 quibus
2544 3518 2658 3590 ipse
2688 3517 3055 3590 Hieronymus
3109 3519 3321 3575 scribit.
3353 3519 3547 3576 Milli:-

1966 3616 2050 3670 rio
2080 3630 2112 3670 a
2143 3612 2443 3680 Bethleem,
2472 3612 2579 3678 via,
2609 3627 2728 3683 quae
2754 3613 2903 3667 ducit
2926 3611 3250 3679 Jerusalem,
3294 3612 3544 3682 Hablata,

1965 3712 2138 3774 locus,
2176 3709 2229 3765 in
2259 3723 2392 3780 quo,
2424 3721 2549 3762 eum
2582 3707 2882 3777 peperisset
2912 3705 3312 3778 Benjaminum,
3341 3709 3545 3765 Rachel

1965 3802 2256 3866 occubuit;
2308 3800 2492 3871 ibique
2540 3814 2667 3855 cum
2711 3797 2900 3865 Jacob,
2958 3801 3074 3856 viro
3109 3815 3230 3868 suo,
3276 3801 3542 3859 tumulata

1966 3891 2197 3964 quiescit
2239 3907 2256 3946 :
2295 3891 2453 3962 cujus
2478 3890 2533 3946 in
2567 3889 2775 3947 tumulo
2818 3891 3100 3961 supposuit
3145 3890 3314 3948 Jacob
3344 3893 3545 3950 duode-

1965 3985 2070 4042 cim
2102 3982 2311 4054 lapides
2339 3997 2445 4038 non
2485 3983 2750 4048 modicos,
2801 3983 2855 4038 in
2897 3991 3226 4040 testamento
3257 3985 3541 4043 duodecim

1965 4079 2200 4135 ﬁliorum
2232 4091 2474 4142 suorum,
2505 4075 2660 4148 cujus
2691 4076 2868 4131 adhuc
2916 4077 3152 4147 pyramis
3183 4091 3215 4130 a
3245 4085 3544 4143 transeun-

1968 4173 2111 4228 tibus
2140 4171 2374 4226 videtur.
2405 4169 2730 4236 Jerusalem,
2760 4168 2994 4240 gloriosa
3037 4167 3238 4225 Iudaee
3267 4179 3540 4240 metropo-

1965 4265 2056 4331 lis,
2084 4265 2240 4334 juxta
2269 4261 2617 4333 philosophos
2647 4262 2700 4316 in
2740 4262 2918 4317 medio
2949 4261 3133 4317 mundi
3163 4261 3268 4317 sita
3295 4270 3400 4318 est.
3432 4262 3540 4317 Re.

1962 4359 2150 4430 gnavit
2178 4367 2360 4412 autem
2384 4354 2549 4409 David
2579 4355 2630 4409 in
2659 4371 2720 4410 ea
2755 4355 2972 4426 triginta
2996 4355 3204 4410 duobus
3232 4355 3390 4411 annis
3415 4371 3538 4411 cum

1963 4449 2208 4506 dimidio.
2259 4446 2350 4502 Est
2381 4446 2596 4516 quidem
2630 4446 2682 4501 in
2714 4443 3017 4501 Jerusalem
3061 4461 3214 4501 mons
3247 4444 3410 4500 Maria
3441 4463 3538 4502 su-

271 4535 607 4600 Jerusalem,
643 4535 728 4590 via
779 4551 898 4604 quae
929 4537 1081 4591 ducit
1105 4536 1422 4607 Diospolim,
1447 4554 1604 4595 mons
1637 4538 1772 4608 Silo,
1806 4535 2061 4615 etDper
2114 4555 2274 4610 quem
2328 4539 2537 4603 David,
2593 4538 2777 4593 videns
2837 4537 3086 4607 angelum
3144 4538 3537 4608 percutientem

275 4629 498 4693 civitas,
530 4642 648 4697 qure
675 4635 730 4682 et
760 4624 965 4693 ﬂama;
1011 4629 1099 4682 ubi
1151 4643 1278 4684 arca
1315 4629 1530 4685 Domini
1583 4640 1642 4686 et
1679 4631 1858 4688 taber-

274 4722 536 4778 naculum
591 4722 658 4778 ab
722 4724 955 4779 adventu
1017 4722 1247 4779 ﬁliorum
1305 4725 1474 4782 Israel
1543 4737 1862 4786 manserunt

277 4829 457 4884 usque
479 4814 542 4868 ad
572 4812 1106 4886 temporaSamuelis
1129 4818 1402 4885 prophetae
1428 4817 1669 4888 etDavid
1696 4823 1860 4891 regis.

354 4909 632 4978 Vigesimo
695 4917 888 4977 quarto
942 4909 1198 4966 milliario
1260 4926 1287 4965 a
1355 4911 1595 4978 Sichem,
1649 4915 1862 4970 decimo

275 5016 476 5060 octavo
501 5020 527 5056 a
564 5002 820 5071 Di05poli,
863 5003 1074 5057 decimo
1098 5015 1253 5058 sexto
1283 5004 1350 5058 ab
1382 5004 1619 5070 llebron,
1646 5006 1858 5063 decimo

279 5098 442 5153 tertio
470 5112 498 5151 a
527 5093 765 5158 Jericho,
798 5104 990 5164 quarto
1021 5111 1050 5150 a
1083 5095 1385 5162 Bethleem,
1419 5098 1632 5153 decimo
1665 5110 1861 5155 octavo

279 5209 309 5246 a
341 5189 633 5254 Bersabee,
666 5190 927 5259 Vigesinto
959 5199 1149 5259 quarto
1188 5192 1253 5245 ab
1284 5191 1570 5255 Ascalone,
1607 5192 1862 5247 totidem-

278 5299 388 5354 que
416 5299 445 5337 a
498 5282 688 5352 Joppe,
738 5282 928 5352 quinto
969 5297 998 5336 a
1032 5281 1298 5338 Ramatha
1332 5299 1347 5348 ;
1376 5282 1695 5346 Jerusalem,
1733 5299 1862 5339 san-

281 5373 528 5431 ctissima
562 5373 774 5438 civitas,
804 5370 1002 5425 Judaaa:
1037 5361 1372 5440 metropolis,
1410 5385 1528 5440 quae
1586 5381 1641 5425 et
1689 5370 1858 5440 Sion;

281 5468 352 5521 de
373 5478 478 5537 qua
519 5467 720 5522 dictum
751 5477 834 5520 est
863 5484 879 5521 ;
913 5463 1164 5519 Gloriosa
1193 5464 1339 5517 dicta
1370 5474 1492 5518 sunt
1524 5468 1587 5518 de
1619 5474 1687 5532 te,
1719 5464 1856 5519 civi-

280 5570 365 5612 tas
400 5557 496 5614 Dei
548 5557 614 5612 “.
661 5558 790 5623 Quae
820 5555 964 5612 Elia
985 5556 1081 5623 χιιι)
1112 5555 1257 5610 Elin
1297 5554 1556 5620 Adriano,
1609 5556 1698 5622 qui
1737 5571 1860 5611 eam

279 5651 610 5708 construxit.
629 5648 929 5718 Bethleem,
955 5649 1148 5707 civitas
1164 5648 1338 5717 Judze,
1362 5664 1482 5722 qua:
1505 5660 1560 5705 et
1593 5649 1855 5721 Ephrata.

284 5767 580 5900 “"Joan.
615 5784 654 5837 ι,
685 5766 774 5825 29.
852 5766 898 5802 “
923 5765 1058 5826 Gen.
1102 5781 1298 5834 xxvnt,
1341 5766 1427 5823 t7.

1506 5767 1550 5799 ¹⁶
1576 5764 1719 5823 Psal.
1754 5779 1973 5834 Lxxxvt,
2027 5763 2080 5819 5.
2160 5764 2202 5797 ”
2233 5762 2339 5821 lsa.
2365 5776 2406 5833 ι,
2436 5761 2491 5819 5.

1967 4632 2256 4702 evaginato
2282 4628 2482 4699 gladio,
2509 4627 2599 4697 qui
2625 4626 2876 4696 populum
2906 4625 2996 4681 Dei
3017 4625 3534 4694 gravitercaedebat,

1961 4726 2181 4788 timens,
2215 4737 2280 4776 ne
2313 4721 2367 4775 in
2402 4733 2462 4775 se
2490 4728 2546 4774 et
2589 4719 2642 4775 in
2679 4719 2866 4773 urbem
2901 4717 3277 4783 ulcisceretur,
3309 4717 3448 4785 quod
3482 4718 3536 4771 in

1968 4817 2165 4887 populo
2195 4812 2528 4868 numerando
2581 4810 2886 4880 deliquerat
2911 4811 2950 4876 ,ε
2973 4810 3178 4878 primus
3226 4809 3277 4862 in
3335 4819 3537 4862 terram

1965 4911 2189 4972 corruit,
2219 4921 2344 4960 vere
2379 4903 2670 4974 poenitens,
2703 4897 3044 4972 graviterque
3094 4915 3151 4954 se
3183 4899 3442 4969 afﬂigens,
3485 4909 3541 4954 et

1968 5019 1996 5056 a
2026 5001 2252 5056 Domino
2302 4997 2614 5063 exauditus,
2681 4997 2888 5050 veniam
2938 4993 3169 5060 meruit;
3217 4993 3281 5047 de
3313 5006 3417 5062 quo
3464 4992 3541 5046 ait

1968 5093 2277 5149 Dominus:
2329 5090 2514 5145 Inveni
2564 5091 2731 5143 cirum
2779 5087 2937 5156 juxta
2992 5101 3084 5139 cor
3140 5099 3309 5138 meum
3359 5085 3423 5137 η.
3479 5084 3540 5139 ιιι

1971 5194 2155 5240 monte
2185 5180 2376 5247 Maria,
2413 5191 2675 5251 regnante
2711 5179 2894 5242 David,
2933 5175 3160 5232 ﬂorebat
3189 5192 3313 5230 area
3353 5174 3542 5232 Ornan

1967 5278 2218 5342 Jebusari,
2250 5293 2277 5331 a
2307 5290 2414 5345 quo
2452 5284 2506 5330 et
2544 5274 2660 5345 ipse
2710 5272 2877 5327 David
2907 5285 3025 5325 eam
3058 5285 3241 5326 emere
3277 5269 3444 5325 voluit
3472 5269 3542 5325 ad

1971 5354 2407 5427 constituendam
2452 5366 2524 5421 ibi
2559 5369 2773 5421 domum
2808 5361 3043 5428 Domini,
3078 5376 3144 5418 eo
3172 5361 3319 5432 quod
3371 5364 3542 5419 mise-

1969 5463 2262 5520 ricordiam
2307 5463 2425 5516 loco
2469 5459 2561 5516 illo
2591 5467 2920 5515 consecutus
2947 5466 3052 5524 est,
3093 5465 3149 5512 et
3174 5471 3240 5513 eo
3273 5457 3419 5528 quod
3445 5472 3543 5513 an-

1966 5558 2118 5630 gelus
2147 5553 2382 5620 Domini,
2412 5553 2460 5610 ei
2494 5566 2744 5623 parcens,
2783 5549 2899 5605 urbi
2935 5550 3233 5615 restiterat,
3267 5559 3397 5606 sunt
3423 5551 3514 5620 qui

1975 5652 2120 5716 dem,
2168 5647 2262 5704 sed
2287 5644 2511 5701 vetitum
2544 5643 2645 5699 fuit
2692 5657 2725 5698 a
2765 5641 3019 5712 Domino,
3041 5655 3120 5700 .ne
3155 5641 3544 5698 intromitteret

2596 5759 2641 5797 ¹⁸
2670 5756 2805 5820 Luc.
2839 5774 2902 5832 tt,
2936 5757 3023 5827 Η,
3129 5758 3173 5792 ¹⁹
3199 5755 3221 5813 ι
3247 5755 3380 5830 Reg.
3415 5771 3535 5825 χιιι,
