4004 6206
467 311 572 375 999

1879 300 2294 363 EUGESlPPI

3579 297 3724 367 1000

466 439 529 478 se
567 421 712 486 inde,
747 420 871 491 quia
905 419 985 474 vir
1011 417 1292 488 sanguinis
1322 427 1458 472 erat.
1498 416 1636 487 Ergo
1674 431 1810 486 quas
1836 415 1903 470 ad
1939 416 2042 471 hoc
2071 417 2118 476 Δ
2146 419 2235 484 tyr
2255 411 2527 469 occubuit.
2555 410 2730 482 Supra
2791 412 3047 484 templum
3081 413 3181 469 hoc
3212 412 3270 469 in
3305 413 3470 470 veteri
3524 411 3730 472 Testa-

466 523 862 584 praeparaverat
889 526 1176 582 expensas,
1212 510 1488 566 Snlomoni
1547 511 1657 565 lilio
1708 525 1829 576 suo,
1882 509 1966 564 cui
2010 522 2042 560 a

463 609 694 668 Domino
745 606 1160 671 concedebatur,
1190 604 1432 668 tradidit,
1479 613 1744 672 quatenus
1776 602 1899 657 inde
1948 602 2043 656 do-

463 713 609 755 mum
643 696 872 752 Domino
901 704 1269 752 construeret.
1303 693 1620 750 lEdilicavit
1655 710 1747 750 rex
1785 694 2040 750 Salomon

464 790 693 849 Domino
735 789 1028 857 templum.
1118 789 1170 844 id
1225 798 1350 854 est,
1409 788 1639 851 Betbel,
1701 795 1755 843 et
1809 787 1979 842 altare
2023 803 2038 842 :

460 899 581 953 quae
630 892 683 936 et
725 881 997 936 dedicavit
1048 881 1462 949 incomparabili
1510 890 1761 950 sumptu:
1792 888 1983 949 petens
2010 895 2042 936 a

461 978 720 1040 Domino,
770 977 934 1045 quod,
967 977 1274 1045 quicunque
1307 978 1373 1032 de
1399 992 1720 1047 quocunque
1753 977 2042 1031 Dominum

460 1072 790 1135 consuleret,
857 1070 914 1124 in
968 1085 1033 1124 eo
1091 1069 1333 1125 exaudiri
1368 1079 1687 1135 mereretur,
1719 1070 1861 1138 quod
1910 1083 2044 1126 con-

461 1177 678 1217 cessum
706 1161 805 1215 fuit
834 1179 861 1214 a
895 1160 1143 1216 Domino.
1175 1159 1315 1230 Ergo
1350 1160 1541 1215 domus
1572 1158 1811 1224 Domini,
1844 1160 2040 1215 domus

463 1255 699 1309 consilii.
729 1253 859 1308 lllud
890 1264 1091 1316 autem,
1141 1268 1237 1321 pro
1279 1251 1676 1307 incontinentia
1736 1251 2037 1322 principum

449 1360 515 1402 et
565 1346 769 1416 pepuli,
803 1346 1132 1416 exspoliavlt
1183 1345 1686 1400 Nabuchodonosor
1723 1360 1818 1414 per
1857 1343 2040 1398 Nabu-

455 1439 688 1502 zardan,
717 1438 1013 1508 principem
1043 1452 1338 1505 coquorum
1373 1451 1618 1499 suorum,
1662 1447 1905 1505 tempore
1940 1434 2040 1490 Se-

457 1530 669 1585 dechiae
705 1528 864 1597 regis,
923 1529 1210 1597 ipsumque
1265 1527 1494 1596 privavit
1551 1528 1707 1592 urbe,
1759 1536 2038 1595 totumque

461 1622 601 1687 quod
639 1620 935 1689 pretiosum
994 1616 1239 1688 fulgebat
1288 1618 1339 1672 in
1381 1620 1494 1671 aede
1540 1627 1594 1672 et
1623 1619 1673 1670 in
1705 1619 1856 1682 urbe,
1891 1618 2036 1685 tulit,

461 1711 678 1780 sibique
709 1711 1024 1781 przrsentari
1072 1710 1236 1780 jussit
1279 1710 1330 1764 in
1368 1709 1692 1781 Babylonem
1718 1751 1732 1774 ,
1767 1719 1822 1765 et
1869 1725 2036 1780 popu—

2150 511 2333 559 mento
2357 503 2702 560 sanetillcare
2742 504 2988 560 solebant
3020 514 3261 562 turtures
3312 517 3367 562 et
3399 508 3689 563 columbas
3718 527 3731 562 :

2146 598 2290 666 quod
2329 611 2358 651 a
2395 597 2685 655 Saracenis
2706 606 2893 667 postea
2923 599 3262 655 immutatum
3291 610 3374 656 est
3415 601 3469 654 in
3504 601 3736 656 horolo-

2143 689 2310 756 gium,
2347 696 2401 743 et
2451 690 2630 746 adhuc
2660 691 2834 746 videri
2873 700 3074 764 potest.
3120 691 3224 748 Per
3254 692 3566 762 Speciosam
3600 708 3737 766 per.

2146 789 2253 836 tam
2285 782 2467 852 templi
2496 783 2766 839 transiens
2797 782 2994 840 Petrus
3021 799 3144 839 cum
3169 784 3394 852 Joanne,
3434 787 3738 856 respondit

2142 873 2345 941 petenti
2375 873 2444 930 ab
2467 874 2545 931 eis
2578 890 2595 929 :
2630 874 2784 941 Quod
2812 887 2986 953 putem
3014 877 3202 944 habeo,
3234 879 3331 932 hoc
3355 878 3453 933 tibi
3480 879 3552 933 do
3574 879 3646 933 ³⁸.
3671 877 3737 934 ιιι

2142 963 2444 1024 Jerusalem
2470 966 2757 1024 Probatiea
2785 970 3034 1039 piscina;
3071 986 3257 1040 quam,
3296 982 3543 1042 tempore
3568 971 3734 1037 Jesu,

2143 1059 2309 1115 certis
2337 1060 2668 1128 temporibus
2697 1075 2914 1117 movere
2948 1063 3176 1131 angelus
3205 1061 3420 1118 Domini
3463 1063 3733 1131 solebat;

2143 1151 2454 1222 quicunque
2483 1152 2734 1209 infirmus
2759 1163 2939 1207 autem
2975 1163 3098 1223 post
3123 1157 3418 1210 motionem
3453 1155 3734 1221 intrabat,

2142 1258 2304 1297 sanus
2344 1245 2527 1310 llebat,
2557 1260 2586 1298 a
2630 1259 2954 1315 quacunque
2995 1246 3347 1302 detinebatur
3375 1245 3735 1303 inﬁrmitate.

2139 1334 2413 1392 Probaton
2449 1337 2658 1403 Graece,
2706 1353 2869 1408 pecus
2897 1336 3109 1404 Latine,
3141 1354 3204 1393 eo
3239 1341 3387 1410 quod
3423 1341 3474 1394 in
3507 1340 3740 1396 sacriﬁ-

2142 1425 2243 1482 ciis
2271 1427 2516 1482 solebant
2552 1428 2677 1483 inde
2704 1427 2853 1483 ablui
2885 1439 3008 1483 exta
3049 1429 3336 1498 pecudum.
3367 1429 3498 1485 Erat
3519 1431 3741 1502 quippe

2135 1518 2305 1573 rubea
2331 1533 2396 1572 ex
2429 1518 2644 1583 hostiis,
2678 1533 2798 1589 qua:
2845 1518 2919 1573 ibi
2951 1518 3396 1576 immolabantur.
3424 1519 3478 1576 lu
3515 1520 3743 1576 Proba-

2141 1610 2243 1664 tica
2277 1609 2379 1663 ista
2413 1609 2756 1678 languentem
2792 1610 3016 1666 sanitati
3050 1613 3293 1668 restituit
3324 1611 3509 1677 Jesus,
3529 1615 3743 1671 dicens

2140 1700 2189 1756 ei
2222 1717 2236 1755 :
2271 1699 2418 1754 Tolle
2448 1702 2726 1770 grabatum
2765 1712 2913 1756 tuum
2955 1702 3022 1770 ⁸⁵,
3057 1713 3162 1759 etc.
3192 1703 3248 1758 ιιι
3281 1705 3458 1760 medio
3494 1703 3744 1762 Jerusa-

466 1770 605 1860 lum:
654 1770 824 1858 Paulo
857 1814 982 1872 post
1030 1770 1248 1869 quidem
1285 1770 1497 1858 Pharae
1528 1770 1745 1857 Nechao
1779 1770 2031 1872 templum
2066 1770 2107 1825 Β
2140 1795 2269 1863 lem.
2298 1795 2556 1850 excitavit
2583 1812 2611 1850 a
2639 1804 2812 1851 morte
2844 1796 3078 1865 puellam
3111 1797 3291 1865 Jcsus,
3340 1799 3442 1854 sub
3469 1798 3747 1854 Salomo-

460 1894 659 1950 delevit
700 1905 752 1948 et
783 1896 993 1950 urbem.
1026 1894 1181 1950 Modo
1221 1910 1370 1961 vero,
1421 1911 1488 1949 ne
1524 1896 1741 1951 relatori
1786 1896 2036 1950 videatur

455 1987 779 2054 absurdum,
813 1989 1042 2042 auditori
1076 1989 1378 2054 taediosum,
1410 1990 1508 2042 sub
1531 1989 1728 2058 quibus
1760 1999 1807 2044 et
1853 2004 1879 2042 a
1915 1991 2036 2059 qui-

457 2081 560 2132 bus
593 2079 958 2135 rcstitutiones
1005 2089 1058 2134 et
1091 2081 1487 2135 destruetiones
1514 2082 1673 2150 primi
1723 2091 1774 2137 et
1809 2081 2034 2136 set-undi

447 2180 513 2225 et
543 2171 686 2225 tertii
734 2172 916 2241 templi
952 2172 1276 2238 commissas,
1315 2174 1414 2227 hoc
1445 2172 1510 2227 de
1541 2173 1796 2242 praesenti
1823 2173 2030 2242 Bethel,

456 2272 616 2330 prout
646 2263 823 2316 verius
871 2278 1089 2333 queam,
1123 2263 1396 2319 elucidare
1432 2263 1693 2319 conabor.
1727 2263 1933 2321 Revera
1969 2268 2033 2323 de

458 2354 562 2407 hoc
609 2352 813 2416 Dethel,
849 2354 950 2408 sub
991 2368 1099 2423 quo
1129 2362 1182 2408 et
1226 2367 1255 2408 a
1301 2368 1409 2423 quo
1442 2352 1687 2424 principe
1722 2355 2032 2410 restitutum

2139 1890 2224 1945 nis
2257 1890 2424 1962 regia,
2465 1892 2515 1944 in
2541 1892 2795 1944 accubitu
2843 1890 3000 1946 Sion.
3029 1893 3082 1946 ln
3120 1891 3403 1960 Josapbat,
3436 1893 3745 1947 natatoria

2139 1979 2284 2035 Siloe
2323 1997 2336 2035 :
2368 1981 2437 2035 ad
2470 1995 2631 2049 quam
2664 1980 2915 2037 Cbristus
2961 1997 3188 2047 caecum,
3223 1986 3292 2039 ab
3330 1999 3394 2039 eo
3433 1983 3744 2038 illumina-

2140 2082 2274 2140 tum,
2337 2072 2505 2139 misit,
2571 2080 2627 2126 ut
2651 2088 2718 2128 ex
2777 2086 2840 2127 ea
2898 2074 3108 2130 lavaret
3168 2077 3357 2133 oculos
3400 2093 3560 2146 suos,
3625 2081 3748 2150 qui

2136 2163 2346 2230 abiens,
2378 2163 2528 2230 lavit,
2561 2173 2616 2219 et
2635 2165 2788 2220 vidit.
2830 2163 2999 2232 Siloe,
3053 2167 3252 2224 missus
3303 2169 3742 2240 interpretatur.

2139 2256 2308 2323 Siloe,
2377 2259 2674 2313 secundum
2723 2257 3068 2314 traditionem
3128 2261 3418 2331 majorum,
3479 2277 3545 2319 ex
3602 2263 3748 2322 Silo

2138 2364 2359 2404 manare
2391 2351 2614 2405 dicitur.
2668 2347 2824 2406 Unde
2862 2351 3035 2408 lsaias
3068 2371 3082 2408 :
3119 2351 3268 2408 Siloe
3317 2369 3438 2409 cum
3490 2356 3748 2414 silentio

2137 2442 2404 2509 gurgitem
2446 2456 2606 2497 suum
2661 2442 2842 2511 ducit;
2895 2444 3025 2514 quia
3067 2446 3508 2503 subterraneum.
3544 2446 3752 2506 Juxta

2138 2531 2285 2589 Siloe
2310 2535 2520 2589 exstitit
2548 2548 2781 2604 quercus
2818 2534 2983 2606 Rege!
3009 2553 3024 2603 ;
3053 2539 3152 2593 sub
3193 2553 3300 2607 qua
3337 2539 3522 2595 beatus
3546 2540 3753 2598 [satias

2136 2624 2384 2695 sepultus
2430 2626 2684 2695 quiescit.
2717 2627 2774 2682 ln
2797 2629 2936 2682 valle
2970 2626 3256 2698 Josaphat,
3289 2633 3388 2686 sub
3412 2642 3566 2687 acuta
3617 2649 3749 2707 py-

2137 2718 2365 2785 ramide,
2439 2733 2532 2773 rex
2576 2719 2716 2773 idem
2759 2719 3023 2790 Josaphat
3073 2721 3316 2792 sepultus
3345 2725 3605 2794 quiescit.
3677 2728 3750 2785 In

2137 2806 2276 2862 valle
2305 2806 2570 2878 Josaphat
2600 2809 2843 2878 sepultus
2867 2819 2950 2865 est
2978 2810 3167 2866 beatus
3191 2810 3447 2880 Jacobus,
3477 2813 3757 2888 indeque

454 2901 752 2966 attulerat;
779 2901 872 2955 alii
901 2917 928 2955 a
955 2900 1264 2957 Iustiniano
1292 2903 1575 2975 Augusto;
1613 2903 1703 2959 alii
1738 2917 1766 2958 a
1797 2903 2031 2974 quodam
2138 2901 2433 2957 translatus
2471 2901 3002 2974 Constantiuoriolin.
3060 2904 3313 2962 Secundo
3371 2907 3644 2966 milliario
3713 2928 3751 2968 a

452 2993 775 3048 admirando
798 2993 1058 3065 Memphis
1089 2994 1331 3066 Egypti,
1367 3010 1466 3066 pro
1498 2994 1798 3051 reverentia
1825 2994 2032 3050 Allahi~
2132 2993 2457 3059 Jerusalem,
2489 3000 2598 3062 via,
2631 3012 2752 3066 qua:
2796 2998 2949 3052 ducit
2983 2995 3224 3065 Sichem,
3270 3014 3420 3056 mons
3462 3000 3755 3062 Sabaoth

447 3085 567 3156 byi,
595 3085 644 3139 id
670 3094 776 3153 est,
801 3087 996 3141 summi
1033 3085 1147 3152 Dei,
1174 3087 1338 3142 etiam
1366 3087 1431 3141 ad
1460 3087 1689 3158 primum
1720 3086 2028 3144 colendum.
2058 3119 2100 3178 ο
2137 3086 2188 3140 in
2221 3085 2362 3141 tribu
2388 3086 2690 3157 Beujamin.
2726 3087 2974 3145 Milliario
3020 3105 3051 3145 a
3089 3088 3411 3158 JeruSalem,
3442 3093 3493 3148 in
3545 3110 3756 3153 accu-

453 3176 536 3231 Ah
566 3178 714 3231 omni
771 3177 952 3250 lingua
1003 3179 1300 3235 reverenda
1333 3187 1619 3236 veneratur
1648 3194 1886 3250 praesens
1923 3179 2029 3236 hoc
2074 3176 2087 3178 ἡ
2137 3178 2252 3233 bitu
2295 3179 2494 3234 montis
2527 3178 2746 3243 Oliveti,
2783 3190 2970 3236 contra
2997 3181 3361 3252 Asphaltiten,
3389 3183 3683 3243 Bethania
3729 3204 3752 3252 ε

453 3268 742 3338 templum,
773 3279 1040 3340 quantum
1083 3269 1427 3341 praedicatur.
1449 3269 1614 3338 Cujus
1637 3269 1690 3326 in
1710 3269 2029 3341 penultimo,
2141 3284 2266 3340 qua;
2304 3270 2634 3327 collateralis
2671 3281 2756 3327 est
2795 3275 2962 3328 monti
3022 3275 3240 3333 Uliveti.
3290 3277 3438 3334 Mons
3484 3277 3757 3351 Olivesi,

444 3369 643 3415 octavo
684 3359 774 3415 die
804 3359 997 3414 natalis
1032 3361 1139 3424 sui,
1176 3359 1312 3430 puer
1349 3360 1706 3417 circumcisus
1735 3367 1855 3428 est;
1891 3376 2028 3431 prtc-
2138 3376 2296 3418 mons
2334 3361 2674 3429 oﬂ‘ensionis,
2705 3375 2758 3419 et
2790 3366 3104 3423 continuus.
3156 3366 3357 3426 Dividit
3395 3380 3573 3426 autem
3627 3389 3757 3434 eos

452 3452 662 3521 putium
691 3452 860 3523 cujus,
887 3450 1182 3508 Jerusalem
1217 3454 1268 3507 in
1296 3453 1495 3522 templo
1521 3455 1586 3508 de
1611 3453 1786 3520 caelis,
1821 3455 1890 3509 ab
1924 3470 2027 3509 an-
2140 3458 2249 3522 via,
2289 3471 2409 3526 qua:
2473 3457 2538 3512 de
2570 3456 2833 3526 Josaphat
2870 3473 2966 3528 per
2998 3459 3276 3534 Betphage
3322 3463 3486 3522 ducit.
3521 3466 3758 3527 Dictus

451 3548 595 3616 gelo,
622 3547 816 3602 Carolo
839 3547 1034 3616 Magno
1067 3549 1175 3617 regi
1209 3557 1596 3617 prresentatum
1634 3547 1757 3613 fuit,
1782 3558 1834 3605 et
1864 3550 1931 3604 ab
1960 3564 2027 3605 eo
2137 3561 2224 3605 est
2260 3559 2439 3604 autem
2473 3564 2626 3605 mons
2663 3551 3000 3615 offensionis,
3028 3569 3092 3608 eo
3139 3556 3284 3624 quod
3329 3573 3418 3614 rex
3449 3557 3756 3619 Salomon

450 3641 694 3697 delatum
736 3643 788 3694 in
835 3641 1066 3696 Galliam
1105 3641 1505 3713 Aquisgranum
1543 3660 1557 3697 :
1593 3653 1778 3713 postea
1808 3643 2026 3712 quidem
2139 3641 2191 3697 in
2220 3656 2285 3697 eo
2325 3641 2523 3696 idolum
2569 3640 2777 3698 Molocb
2811 3644 3077 3700 adoravit.
3127 3645 3390 3704 Bethania
3440 3659 3525 3704 est
3551 3656 3761 3723 Oppi-

454 3746 482 3784 a
509 3732 706 3786 Carolo
735 3729 900 3794 Calvo
932 3731 1250 3785 translatum
1285 3734 1336 3786 in
1366 3747 1561 3805 pagum
1604 3731 2023 3798 Pictavieusem,
2139 3735 2268 3789 dum
2295 3733 2449 3800 illud,
2487 3735 2539 3788 in
2570 3751 2677 3804 quo
2712 3732 2896 3790 Simon
2933 3737 3181 3808 leprosus
3225 3755 3364 3809 smpe
3408 3740 3604 3797 Jesutn
3647 3763 3766 3804 re—

453 3822 595 3891 aputl
625 3822 965 3886 Carnosiam,
1010 3823 1063 3878 in
1091 3823 1343 3888 ecclesia,
1370 3839 1532 3894 quam
1565 3824 1637 3879 ibi
1680 3824 1733 3879 iu
1764 3824 2024 3880 honorem
2137 3828 2284 3898 cepit
2305 3827 2359 3881 in
2387 3829 2650 3898 hospitem
2676 3845 2690 3894 ;
2719 3830 2807 3885 cui
2836 3829 3032 3886 devote
3058 3832 3437 3888 miniStrabant
3460 3834 3658 3893 Maria
3691 3853 3763 3899 et

451 3915 1161 3981 Salvatorisconstruxitmt
1187 3917 1348 3986 regiis
1378 3918 1534 3972 bonis
1551 3917 1903 3986 amplissimis
1927 3915 2028 3972 sub
2136 3918 2367 3975 Martha.
2403 3919 2678 3974 Bethania:
2731 3918 2898 3974 Maria
2960 3937 3082 3976 cum
3117 3923 3368 3995 lacrymis
3403 3925 3594 3996 rigans
3633 3948 3759 4001 pe-

445 4007 756 4063 monachali
811 4007 1072 4079 religione
1132 4009 1522 4078 locupletavit,
1586 4012 1729 4080 quod
1779 4025 1844 4065 ex
1897 4020 2027 4066 tunc
2145 4012 2240 4066 des
2293 4008 2444 4075 Jesu,
2502 4011 2728 4078 suisque
2761 4012 3002 4066 crinibus
3042 4024 3350 4085 extergens,
3391 4026 3442 4070 et
3496 4032 3762 4088 ungeus

446 4115 622 4170 usque
648 4103 808 4157 modo
846 4103 920 4158 ibi
948 4103 1266 4159 solemniter
1298 4112 1588 4161 veneratur
1615 4107 1729 4177 ipsa
1771 4106 2025 4177 praesenti
2143 4111 2436 4174 unguento,
2472 4118 2692 4158 suorum
2722 4104 2934 4158 veniam
2982 4107 3178 4160 metu“
3201 4117 3570 4175 peccatorum.
3627 4117 3766 4170 Be-

447 4207 550 4248 suo
583 4191 738 4249 Jesus
765 4208 792 4248 a
834 4201 1004 4249 matre
1051 4208 1148 4248 sua
1179 4203 1538 4264 prementatus
1567 4202 1669 4260 est,
1700 4204 1754 4250 et
1780 4209 2026 4270 receptus
2143 4194 2340 4249 thanite
2394 4194 2641 4250 Christus
2686 4193 2954 4250 Martham
3011 4197 3274 4265 laudavit,
3332 4209 3385 4255 et
3442 4198 3759 4276 Mariam,

449 4299 482 4339 a
533 4287 691 4340 beato
747 4285 991 4350 Simone,
1034 4285 1294 4340 dicente:
1331 4281 1491 4339 Nunc
1545 4287 1766 4341 dimittis
1817 4306 2024 4346 servum
2139 4282 2431 4346 Matutam.
2483 4283 2540 4337 in
2591 4283 2951 4339 miniSlt‘andO
3005 4287 3333 4354 SOUiCilami
3369 4287 3640 4358 Mariam,
3685 4296 3759 4353 in

450 4386 622 4441 tuum,
661 4377 883 4432 Domine
902 4376 968 4431 ".
989 4375 1063 4432 De
1087 4376 1288 4447 templo
1313 4376 1426 4445 ipso
1451 4375 1698 4433 liberavit
1727 4379 2025 4436 adulteram
2137 4375 2318 4432 verbis
2345 4376 2462 4447 ejus
2495 4376 2784 4432 sollicitam
2818 4395 2834 4432 :
2869 4393 3102 4448 quarum
3146 4383 3393 4448 precibus
3420 4390 3476 4437 et
3528 4385 3760 4460 lacry-

450 4471 521 4525 ab
537 4469 918 4525 accusantibus
941 4484 1083 4534 eam,
1110 4469 1330 4524 dicens:
1357 4468 1462 4534 Qui
1487 4469 1599 4523 sine
1627 4481 1836 4539 peccato
1863 4482 1936 4526 est
1958 4474 2028 4540 “,
2060 4462 2108 4520 Ι)
2137 4468 2240 4523 mis
2267 4479 2591 4534 commotus.
2629 4468 2853 4526 fratrem
2887 4485 3070 4526 earum
3108 4471 3374 4528 Lazarum
3425 4477 3478 4529 in
3516 4493 3763 4537 tuonu-

445 4571 560 4616 etc.
591 4560 695 4616 Ista
735 4561 978 4616 adultera
1004 4558 1107 4615 luit
1139 4561 1206 4616 de
1232 4560 1376 4616 tribu
1405 4558 1733 4631 Nephtalim,
1779 4563 1886 4618 tilia
1927 4566 2028 4620 δε.
2129 4571 2313 4617 mento
2339 4561 2453 4628 jam
2485 4563 2932 4631 quatriduanum,
2971 4563 3093 4619 vita:
3125 4565 3382 4620 restituit.
3413 4564 3751 4642 Bethania,

445 4669 568 4723 ger.
620 4654 675 4709 In
729 4653 929 4724 templo
975 4654 1079 4709 isto
1127 4653 1368 4709 laudavit
1413 4669 1612 4710 munus
1660 4658 2024 4727 pauperculae,
2126 4653 2316 4706 domus
2367 4653 2676 4710 obedientite
2713 4655 3125 4723 interpretatur.
3166 4654 3454 4725 Detphage,
3504 4675 3647 4727 qua:
3683 4677 3759 4720 ει

443 4752 593 4819 quod
635 4749 686 4805 in
719 4749 1104 4821 gazolihylacio
1143 4757 1434 4817 posuerat;
1474 4763 1595 4816 qua:
1649 4733 1844 4815 totum,
1882 4752 2026 4818 quod
2126 4743 2318 4797 vitulus
2334 4745 2691 4809 sacerdotum,
2723 4746 2906 4798 domus
2934 4745 3111 4799 bucca
3146 4747 3228 4800 vel
3256 4749 3608 4804 maxillarum
3649 4759 3759 4809 iu-

447 4841 703 4908 habebat,
738 4843 1018 4896 attulerat.
1051 4841 1107 4894 lu
1143 4840 1343 4907 templo
1387 4841 1511 4905 isto,
1544 4840 1670 4894 dum
1717 4852 2028 4895 moraretur
2131 4844 2476 4905 terpretatur.
2508 4835 2660 4891 Mnus
2697 4837 2915 4901 Οιὶνθιὶ.
2951 4854 3105 4893 mons
3151 4840 3426 4904 tribuariS.
3457 4843 3539 4894 Vel
3579 4863 3757 4903 san-

450 4933 775 4998 lerusalem,
805 4933 1034 4988 docebat
1072 4930 1309 4999 Iudaeos,
1359 4932 1484 4987 licet
1519 4946 1642 4987 eum
1674 4934 2018 4989 temulantes.
2130 4929 2497 4984 ctilicationis.
2540 4930 2706 4984 Vallis
2739 4929 3026 5002 Josapbat,
3065 4932 3214 4988 vallis
3238 4933 3444 5002 iudicii.
3482 4935 3759 4996 Jerusa-

447 5025 627 5094 Supra
679 5024 1024 5094 pinaaeulum
1069 5023 1252 5092 templi
1293 5022 1482 5100 statuit
1521 5019 1702 5075 Jesum
1753 5022 2025 5088 diabolus,
2132 5021 2258 5087 lem,
2287 5025 2424 5078 visio
2472 5025 2642 5093 pacis.
2705 5025 2857 5088 Sion,
2890 5027 3193 5095 speculum,
3250 5029 3333 5083 vel
3381 5032 3753 5100 speculatio.

453 5089 840 5182 ten-tans'eum,
878 5126 932 5172 et
957 5117 1139 5175 dicens
1171 5089 1273 5170 {Si
1310 5089 1481 5169 Filius
1519 5113 1613 5167 Dei
1641 5131 1692 5168 et
1717 5115 1784 5179 ³³,
1815 5127 1921 5170 etc.
1951 5116 2027 5170 De
2130 5113 2232 5168 Per
2289 5115 2432 5169 hunc
2468 5120 2740 5171 tramitem
2769 5120 3014 5173 ascendit
3041 5118 3203 5175 Jesus
3257 5089 3758 5199 llierosolytnam,

451 5209 656 5280 templo
681 5209 1043 5280 praecipitatus
1077 5207 1178 5261 fuit
1210 5209 1369 5264 divus
1395 5206 1652 5270 Jacobns,
1690 5210 1893 5277 primus
1919 5208 2020 5262 sub
2131 5207 2325 5260 sedens
2376 5221 2537 5275 super
2571 5208 2798 5274 asinam,
2853 5208 2960 5271 die,
3014 5225 3115 5279 qua
3165 5211 3471 5268 celebratur
3523 5231 3758 5280 ramus

438 5301 627 5373 gratia
673 5300 915 5371 pontifex
959 5301 1012 5356 in
1039 5300 1364 5356 Jesusniem.
1404 5299 1460 5352 ln
1504 5299 1701 5369 templo
1750 5299 1854 5352 isto
1890 5315 2027 5353 nuu-
2140 5297 2464 5366 palmarum.
2499 5298 2589 5352 Sic
2623 5310 2676 5352 et
2706 5300 2934 5369 quisQue
2963 5303 3261 5359 catholicus
3307 5304 3480 5374 angeli
3506 5316 3758 5370 summi

454 5396 649 5450 tiatutn
685 5393 806 5462 fuit,
852 5394 918 5449 ab
965 5392 1175 5465 angelo,
1213 5392 1511 5456 Zacharias,
1571 5392 1747 5447 natale
1800 5392 1891 5446 lilii
1947 5392 2028 5446 sui
2131 5389 2342 5444 consilii
2375 5389 2534 5444 debet
2559 5390 2836 5466 incedere,
2861 5401 2916 5447 et
2953 5394 3105 5447 adire
3130 5399 3472 5464 prteseutiam
3513 5414 3751 5461 sacer.

447 5486 675 5544 Joannis
709 5487 985 5556 Baptistae,
1033 5487 1170 5543 feria
1197 5496 1376 5551 sexta,
1427 5487 1557 5540 hora
1593 5483 1845 5539 secunda.
1888 5483 2034 5539 Inter
2131 5481 2344 5546 dotum,
2381 5483 2468 5554 qui
2498 5483 2586 5536 Dei
2617 5485 2838 5538 verbum
2874 5487 3189 5556 ruminant;
3217 5500 3275 5546 ut
3313 5494 3380 5548 ab
3412 5495 3492 5550 eis
3529 5502 3756 5557 cor-ri-

420 5598 422 5600 ·
455 5579 718 5651 templum
747 5586 800 5634 et
828 5579 1001 5636 altare
1033 5577 1344 5644 Zacharias,
1375 5576 1515 5632 titius
1546 5573 1849 5643 Barachiae,
1879 5590 2024 5630 mar-
2136 5585 2317 5646 satur,
2343 5587 2398 5630 et
2439 5577 2760 5648 instruatur,
2797 5593 2970 5649 coque
3005 5582 3233 5641 consilio
3261 5595 3315 5643 et
3349 5587 3594 5647 doctrina
3625 5607 3759 5652 su-

455 2444 548 2509 sit,
586 2443 697 2499 lere
728 2444 1032 2515 ignoratur.
1061 2445 1290 2511 Quidam
1327 2448 1494 2512 enim,
1548 2449 1647 2502 sub
1678 2446 2034 2503 Constantine

456 2538 809 2607 imperatore,
869 2539 936 2592 ab
988 2537 1192 2594 Helena
1269 2549 1445 2594 matre
1494 2556 1592 2595 sua
1650 2540 2030 2596 remditieatum

453 2626 622 2685 fuisse
649 2629 956 2698 perhibent,
1014 2645 1113 2699 pro
1143 2633 1450 2686 reverentia
1486 2641 1696 2689 sanctae
1729 2634 1905 2686 crucis
1939 2647 2034 2701 per

457 2734 579 2774 eam
627 2728 889 2789 repertae;
929 2719 1018 2774 alii
1054 2720 1121 2775 ab
1150 2719 1400 2777 [lerat-lio
1440 2722 1786 2793 imperatore,
1821 2738 1918 2793 pro
1951 2738 2034 2777 rc-

456 2808 700 2862 vereutia
731 2808 860 2876 ligni
898 2807 1134 2875 Domini,
1171 2811 1315 2878 quod
1347 2811 1413 2866 de
1440 2809 1662 2866 Perside
1690 2810 2033 2880 triumphans

533 5757 579 5791 ’°
608 5755 741 5816 Luc.
780 5775 843 5828 tt,
883 5759 976 5819 29.
1054 5760 1094 5794 ’¹
1121 5758 1273 5819 Joan.
1311 5777 1428 5828 vm,
1466 5761 1515 5816 7.
1592 5764 1636 5798 ³³
1665 5759 1855 5818 Matth.
1886 5776 1958 5829 tv,
1993 5762 2036 5818 ε.

2140 5766 2170 5798 ’³
2221 5765 2342 5822 Act.
2375 5782 2458 5834 ιη,
2519 5767 2570 5822 6.
2648 5767 2693 5800 ’⁵
2722 5768 2887 5825 Marc.
2928 5785 2985 5838 ll,
3014 5769 3067 5825 9.
