4004 6206
324 317 458 394 1001

1565 333 1664 394 DE
1704 328 1922 396 LOCIS
1944 326 2293 396 'SANC’I‘IS.

3453 334 3592 400 1002

322 445 443 499 bire
495 441 690 498 vallem
756 441 970 512 iudicii,
1029 440 1084 496 id
1140 450 1254 506 est,
1316 442 1698 499 contritionem
1755 461 1904 502 sanae
1936 448 2423 518 Aliquoribus,et
2476 445 2817 502 aromatibus
2875 445 3135 512 condivit,
3184 445 3597 518 involutumque

319 535 781 607 compunetionis,
810 536 862 588 in
897 544 1222 606 conspectu,
1255 539 1270 557 ‘
1291 533 1538 590 videlicet
1563 537 1650 607 qui
1681 553 1741 592 se
1767 537 1906 593 allii-

317 627 417 698 git,
452 640 550 696 per
583 637 790 695 portam
850 624 1181 680 Orientalem
1213 627 1372 695 digne
1405 626 1729 680 introiturus
1776 644 1904 681 sau-

320 729 462 774 ctam
490 715 818 784 Jerusalem,
852 718 1127 773 cmleStem
1181 716 1336 780 Sion,
1367 718 1501 773 stola
1547 721 1906 786 jurunditatis

317 811 681 865 decorandus.
719 811 896 867 Monte
935 810 1062 865 Sion
1100 812 1232 864 lavit
1263 809 1423 866 Jesus
1465 809 1628 880 pedes
1661 813 1904 880 discipu-

317 901 495 955 lorum
564 917 811 964 suorum,
865 896 1053 957 dicens
1108 901 1351 961 eis:Sie
1408 904 1570 972 facite
1625 903 1676 956 iu
1736 919 1903 955 meum

315 997 859 1049 commemorationem
903 995 968 1048 ³⁸.
1006 996 1184 1050 Monte
1239 996 1369 1050 Sion
1432 997 1670 1050 cteuavit
1739 991 1902 1049 Jesus

316 1102 441 1142 cum
491 1087 768 1155 discipulis
796 1089 931 1151 suis,
966 1089 1099 1142 dans
1136 1089 1214 1144 eis
1245 1089 1298 1141 in
1342 1104 1476 1156 pane
1505 1103 1703 1157 corpus
1743 1102 1902 1142 suum

315 1177 382 1232 ad
422 1178 888 1242 manducandum,
924 1189 978 1234 et
1029 1179 1082 1233 in
1141 1180 1264 1232 vino
1297 1181 1619 1249 sanguinem
1649 1196 1804 1234 suum
1836 1180 1900 1235 ad

315 1271 611 1327 bibendum
642 1289 656 1326 :
686 1275 829 1342 quod
856 1281 939 1326 est
971 1274 1224 1326 viaticum
1255 1284 1456 1326 nostras
1489 1274 1899 1343 redemptionis.

313 1362 499 1418 Monte
528 1362 684 1429 Sion,
724 1365 777 1418 in
806 1379 964 1420 caena
1001 1381 1163 1435 supra
1225 1379 1416 1435 peetus
1450 1368 1663 1421 Domini
1712 1371 1902 1420 beatus

312 1454 552 1513 Joannes
613 1459 906 1523 recubuit,
967 1460 1035 1515 de
1095 1461 1243 1513 foiite
1311 1460 1592 1530 sapientiae
1680 1470 1895 1530 potans.

313 1549 498 1605 Monte
535 1551 691 1616 Sien,
722 1551 897 1618 Judae,
929 1555 1190 1622 proditori
1216 1569 1336 1619 suo,
1371 1556 1422 1607 in
1456 1569 1614 1610 coena
1651 1553 1903 1610 Christus

313 1643 619 1699 buccellam
695 1644 854 1714 panis
883 1641 1114 1702 intulit.
1159 1645 1338 1700 Monte
1383 1645 1509 1701 Sion
1568 1646 1648 1701 ait
1696 1647 1898 1702 Jesus:

313 1733 522 1789 Mecum
562 1737 717 1790 estin
759 1752 964 1801 mensa,
1041 1753 1244 1792 mecum
1292 1738 1506 1809 iutingt‘t
1568 1757 1782 1794 manum
1847 1743 1899 1796 in

2018 544 2070 597 in
2094 543 2323 599 sindone
2353 541 2572 608 munda,
2603 541 2744 595 haud
2779 540 2933 610 longe
2962 542 3208 612 sepelivit
3241 541 3290 596 in
3327 541 3508 607 horto,
3543 544 3597 596 in

2018 646 2392 696 nannumento,
2428 634 2569 703 quod
2626 647 2826 688 novum
2870 633 2971 688 sibi
3007 635 3071 687 de
3104 649 3234 703 rupe
3270 634 3597 703 sculpserat.

2017 726 2150 782 lude
2202 727 2481 781 descendit
2538 729 2605 779 ad
2659 726 2863 781 inferos
2916 728 2980 780 ad
3019 727 3390 782 redimendum
3427 728 3603 782 homi-

2016 833 2191 875 nem:
2244 819 2366 873 inde
2401 821 2695 873 resurrexit
2724 861 2736 881 ,
2789 835 2948 874 verus
3002 819 3084 874 leo
3136 822 3201 874 de
3246 821 3386 874 tribu
3433 819 3600 884 Juda,

2018 920 2191 963 morte
2223 909 2447 964 subacta
2476 911 2548 964 ibi
2580 927 2595 965 :
2635 922 2687 965 et
2717 910 2944 980 angelus
2982 911 3191 963 Domini
3233 911 3436 962 sant-tis
3483 926 3602 962 tutt-

2017 1000 2237 1055 lierihus
2290 1005 2557 1070 apparuit,
2594 1004 2704 1071 jam
2745 1003 2814 1056 ab
2843 1002 2983 1055 osdo
3020 1001 3360 1055 monumenti
3420 1000 3600 1068 lapide

2016 1093 2285 1158 revoluto,
2309 1103 2382 1158 et,
2410 1093 2592 1158 Jesntn
2619 1109 2746 1148 vere
2771 1094 3141 1148 resurrexisse
3171 1094 3449 1159 nuntians,
3478 1091 3531 1144 ai
3583 1108 3596 1143 :

2015 1185 2115 1249 Ite,
2147 1197 2192 1239 et
2227 1187 2384 1240 dicite
2404 1188 2676 1254 discipuft's
2699 1187 2832 1256 ejus,
2867 1198 2913 1240 et
2959 1186 3140 1249 Petro,
3169 1187 3308 1258 quod
3341 1185 3599 1254 praecedet

2012 1296 2100 1334 vos
2131 1281 2183 1333 in
2231 1279 2507 1335 Galilteant
2544 1283 2609 1336 ⁸¹.
2644 1282 2760 1337 Sub
2794 1284 2912 1337 loco
2965 1282 3255 1347 Calvaritc,
3320 1281 3370 1335 in
3421 1280 3599 1349 capite

2010 1367 2292 1434 ECCiCSiiP,
2327 1371 2393 1426 ab
2426 1370 2628 1426 Helena
2675 1389 2809 1427 crux
2849 1373 3056 1427 Domini
3097 1382 3309 1440 reperta
3361 1381 3467 1428 est.
3499 1372 3600 1426 Se-

2010 1466 2190 1520 cundo
2226 1464 2528 1520 milliarioa
2557 1463 2886 1531 Jerusalem,
2920 1475 3114 1522 contra
3147 1467 3445 1521 Jerusalem
3478 1481 3599 1520 cre-

2011 1557 2086 1610 vit
2126 1558 2287 1611 arhor
2335 1556 2424 1611 illa
2461 1558 2801 1628 dignissima,
2839 1575 2891 1614 tn
2920 1577 3024 1629 qua
3058 1574 3216 1615 verus
3243 1559 3332 1614 ille
3379 1558 3462 1615 leo
3496 1574 3597 1628 pe-

2011 1649 2216 1717 pendit,
2248 1649 2338 1717 qui
2371 1657 2548 1704 morte
2571 1665 2668 1704 sua
2694 1662 2928 1706 mortem
2955 1652 3173 1716 delevit,
3202 1653 3369 1706 vitam
3393 1651 3598 1708 mundo

2012 1757 2292 1810 reparans.
2326 1741 2476 1797 Unde
2501 1745 2763 1813 propheta
2791 1761 2808 1800 :
2841 1743 2888 1798 ο
2921 1760 3085 1810 mors,
3107 1762 3194 1798 ero
3231 1761 3370 1799 mors
3400 1756 3491 1800 tua
3523 1747 3592 1811 ⁸³,

304 1830 610 1898 paropside.
635 1832 827 1901 quinte
855 1831 1150 1885 traditurus
1173 1842 1250 1885 est
1276 1833 1343 1888 ".
1383 1831 1480 1887 Cui
1501 1831 1702 1888 Judas:
1730 1834 1902 1888 Num-
1936 1835 1974 1889 8
2001 1846 2111 1892 etc.
2146 1835 2218 1891 De
2253 1841 2475 1892 carc‘ere
2510 1851 2662 1901 vero,
2714 1849 2771 1893 et
2817 1838 3000 1896 medio
3031 1841 3241 1901 mundi.
3272 1839 3595 1896 fabulatorie

302 1922 435 1992 quid
460 1939 553 1993 ego
588 1940 726 1990 sum,
761 1922 924 1979 Rabbi
951 1926 976 1976 3’
1007 1924 1167 1980 Jesus
1219 1926 1512 1996 respondet
1546 1929 1593 1981 ei
1632 1943 1648 1982 :
1688 1927 1768 1981 Tu
1811 1928 1897 1981 di-

305 2014 384 2067 cis
411 2014 480 2069 ⁸⁷.
509 2015 587 2067 Ad
615 2015 895 2069 sinistram
921 2019 1121 2072 montis
1151 2016 1305 2081 Sion,
1339 2033 1503 2086 super
1529 2034 1714 2088 agrum
1743 2034 1899 2088 pere-

303 2107 612 2173 grinorum,
656 2111 749 2178 qui
786 2119 840 2162 et
875 2108 1226 2174 llalteldama.
1281 2111 1333 2165 id
1365 2121 1468 2174 est,
1515 2126 1644 2179 ager
1670 2113 1895 2181 sangui-

303 2201 413 2269 ttis,
444 2218 607 2258 secus
638 2206 804 2270 viam,
831 2223 948 2276 quze
976 2207 1126 2262 ducit
1153 2208 1422 2280 Ephrata.
1446 2215 1462 2232 °
1483 2209 1634 2264 Mons
1666 2209 1819 2277 Sioa,
1842 2212 1894 2264 in

299 2308 413 2362 quo
439 2309 532 2350 rex
563 2294 823 2352 Salomon
857 2306 1076 2363 unctus,
1112 2303 1261 2371 regni
1293 2303 1546 2356 diadema
1581 2304 1809 2372 recepit.
1841 2304 1894 2357 lit

299 2385 607 2443 Jerusalem
647 2391 891 2445 vendidit
925 2388 1114 2446 Jesutn
1149 2392 1318 2447 Judas
1355 2395 1484 2447 hora
1517 2409 1893 2466 vesperarutn.

299 2481 360 2534 In
395 2481 650 2537 accubitu
710 2485 912 2540 montis
962 2484 1162 2540 Oliveli
1203 2498 1393 2543 contra
1441 2489 1707 2544 orientem
1744 2497 1896 2543 trans

297 2572 709 2644 Cedrmi,jactu
739 2575 935 2646 lapidis
964 2592 992 2630 a
1018 2578 1392 2645 Gethsemani,
1435 2580 1615 2634 oravit
1645 2579 1897 2635 Cbrisms

295 2670 369 2723 ad
423 2669 638 2724 Patrem
685 2685 868 2735 suum,
927 2676 1158 2730 dicens:
1190 2673 1386 2739 Pater,
1426 2676 1474 2729 si
1526 2676 1645 2745 ﬁeri
1706 2686 1894 2746 potest,

291 2770 535 2816 transeat
563 2774 595 2817 α
628 2780 710 2818 me
761 2764 904 2819 entia:
938 2766 1038 2820 iste
1068 2765 1153 2833 ²⁶;
1197 2767 1285 2822 ubi
1335 2783 1402 2821 ex
1450 2767 1646 2823 timore
1688 2769 1892 2832 carnis,

289 2854 552 2910 sudorem
589 2855 728 2911 fudit
763 2857 917 2928 quasi
966 2860 1288 2927 sanguinem
1321 2877 1338 2928 ;
1370 2862 1458 2915 ubi
1494 2871 1548 2913 et
1583 2863 1660 2916 ait
1684 2855 1846 2916 Petro
1876 2880 1892 2918 :

295 2942 425 3002 Non
451 2949 702 3018 potuistis
745 2967 852 3004 una
901 2949 1034 3004 Itoro
1067 2950 1290 3020 vigilare
1338 2968 1540 3007 mecum
1577 2953 1658 3008 "‘2
1692 2955 1895 3009 Deinde

285 3041 651 3099 Getbsemani
704 3058 985 3114 regressus
1033 3052 1140 3099 est.
1172 3041 1344 3100 Judas
1402 3056 1582 3100 autem
1638 3049 1888 3114 traditur,
1935 3077 1938 3079 -

285 3136 654 3204 acceptojam
683 3139 879 3206 pretio,
910 3137 975 3191 ad
1003 3136 1058 3192 id
1089 3141 1231 3207 quod
1268 3139 1333 3195 de
1363 3137 1488 3194 Jesu
1519 3139 1721 3195 Judaeis
1757 3158 1891 3210 spe-

285 3230 506 3297 pondit,
543 3229 754 3298 signum
785 3229 1006 3284 dederat
1034 3229 1245 3284 Cohorti
1279 3248 1292 3284 :
1328 3230 1703 3302 Quemcunque
1730 3251 1886 3288 oscu-

283 3320 438 3374 latus
463 3320 613 3389 [uero
641 3320 711 3386 ",
743 3332 851 3376 etc.
888 3320 1082 3387 Quem,
1115 3325 1391 3392 cognitum
1425 3323 1629 3377 fraudis
1675 3328 1884 3393 oscialo,

289 3414 537 3480 vinetum
570 3414 770 3467 ducunt
808 3414 860 3466 in
907 3414 1062 3480 Sion,
1110 3416 1176 3468 ad
1211 3415 1365 3469 l’ilati
1402 3420 1737 3488 prtctoriutn.
1788 3420 1885 3474 Ubi

281 3513 344 3558 et
389 3503 583 3560 Petrus
617 3513 702 3559 ter
735 3521 858 3558 eum
909 3509 1176 3575 negavit:
1213 3509 1353 3562 unde
1410 3519 1479 3571 et,
1544 3509 1666 3581 galli
1724 3525 1884 3566 cantu

287 3598 383 3667 ple
414 3598 771 3670 reminiscens
807 3599 955 3652 verbi
985 3597 1141 3664 Jesu,
1171 3615 1298 3654 vere
1322 3603 1600 3670 paenituit,
1633 3602 1885 3673 ﬂevitque

283 3702 520 3756 amare;
572 3703 625 3744 et
671 3683 884 3762 fugiens
913 3689 968 3745 iu
1023 3705 1335 3753 cavernam,
1395 3708 1515 3761 qua:
1547 3696 1704 3748 tnodo
1748 3697 1883 3751 Galli

283 3795 487 3840 cantus
516 3786 845 3856 appellatur,
881 3786 1285 3856 vulgariterque
1334 3786 1572 3843 Galiltca:
1618 3791 1726 3854 via,
1765 3807 1885 3858 quae

285 3878 578 3932 descendit
620 3871 907 3947 Josaphat,
957 3880 1057 3932 sub
1085 3888 1233 3947 porta
1269 3881 1470 3932 tuentis
1518 3879 1669 3937 Sion.
1704 3882 1883 3938 Monte

285 3958 428 4020 Sion
455 3964 638 4021 Jesum
665 3965 970 4037 upprobriis
997 3961 1273 4030 afﬂictum,
1307 3970 1623 4025 verberibus
1655 3987 1880 4039 cazsum,

280 4062 504 4115 catenis
545 4069 775 4124 tentutu,
809 4075 871 4114 ac
911 4059 1174 4124 derisum,
1225 4061 1406 4116 crucis
1461 4077 1573 4117 sua:
1620 4064 1879 4131 bajulutu,

284 4152 452 4209 Pilati
476 4151 654 4221 jussu,
688 4150 998 4207 Judatorum
1033 4151 1288 4222 impulsu,
1319 4155 1371 4209 in
1399 4153 1685 4225 Golgotha,
1734 4158 1878 4225 quod

279 4254 373 4302 est
414 4245 678 4301 Calvariat
730 4245 904 4309 locus,
944 4246 1120 4300 tunica
1157 4256 1401 4313 exutum,
1434 4247 1562 4303 felle
1607 4262 1663 4304 et
1724 4265 1879 4305 aceto

282 4350 557 4410 potatum,
588 4340 770 4394 crucis
793 4339 1036 4407 patibulo
1068 4354 1388 4406 suspensum
1435 4340 1556 4394 neci
1588 4343 1872 4398 dederunt.

284 4435 488 4499 Locus,
525 4436 768 4505 inquam,
819 4432 1088 4489 Calvaria:
1132 4435 1331 4497 dictus,
1396 4448 1462 4487 eo
1518 4435 1661 4502 quod
1699 4436 1749 4489 iu
1810 4453 1875 4491 eo

2005 1930 2362 1998 prtedicatnr;
2413 1946 2535 1984 cum
2593 1933 2877 2002 utriusque
2909 1932 3010 1987 loci
3051 1934 3292 2002 dignitas
3335 1934 3466 1988 satis
3499 1925 3598 1990 re-

2004 2024 2241 2077 verenda
2271 2025 2360 2078 sit.
2394 2024 2590 2090 Locus,
2624 2027 2864 2096 inquam,
2899 2025 2992 2098 qui
3023 2028 3179 2081 modo
3207 2028 3408 2081 Carcet'
3437 2027 3598 2084 Citri-

2003 2117 2070 2171 sti
2111 2117 2336 2181 dieitnr,
2373 2121 2422 2171 in
2460 2122 2716 2188 passione
2760 2119 2888 2176 Jesu
2930 2124 3255 2189 campestris
3301 2133 3455 2186 erat;
3496 2122 3593 2178 sed

2003 2209 2054 2262 in
2084 2209 2160 2279 lea
2196 2220 2402 2265 moram
2454 2211 2661 2277 habuit,
2726 2213 2962 2282 quandiu
3026 2213 3483 2268 machina-bantur
3540 2212 3590 2270 ei

2000 2305 2182 2358 crucis
2213 2305 2587 2372 suspendium.
2638 2304 2732 2360 illo
2769 2306 2983 2375 quidem
3016 2305 3161 2372 loco,
3205 2307 3448 2363 set-uado
3477 2323 3594 2361 ma-

2003 2397 2282 2451 nifestavit
2309 2413 2367 2452 se
2398 2396 2558 2453 Jestts
2600 2398 2782 2453 Mariae
2811 2397 3162 2469 Magdalenze,
3206 2414 3330 2456 cum
3386 2399 3594 2456 rediret

2001 2489 2069 2545 ab
2106 2489 2318 2546 inferis.
2352 2492 2553 2548 Eadem
2587 2492 2807 2564 diejam
2841 2493 3150 2549 declinante
3171 2495 3237 2548 ad
3277 2509 3587 2565 vesperam,

1997 2581 2101 2636 sub
2134 2584 2404 2650 peregrini
2439 2585 2623 2654 specie
2680 2585 2923 2649 latitans,
2960 2584 3213 2654 apparuit
3262 2585 3475 2641 duobus
3508 2587 3594 2640 di-

1999 2676 2223 2747 sripulis
2251 2677 2304 2730 in
2338 2677 2445 2740 via,
2501 2676 2604 2732 sub
2655 2688 2955 2747 conquestu
2985 2678 3052 2734 de
3078 2688 3255 2734 morte
3298 2678 3440 2734 illius
3473 2687 3591 2735 ten--

1998 2768 2251 2824 dentibus
2283 2767 2591 2839 Nicopoliu,
2623 2771 2674 2824 id
2699 2777 2809 2834 est,
2830 2770 3087 2827 Etnntatts
3114 2772 3396 2842 oppidum,
3419 2773 3590 2843 septi-

2000 2877 2089 2916 mo
2124 2863 2381 2935 ntilliario
2412 2879 2438 2915 a
2471 2861 2776 2917 Jerusalem
2807 2882 2823 2918 :
2853 2879 3012 2934 quem
3036 2874 3092 2921 et
3121 2866 3193 2920 ibi
3227 2877 3502 2935 receptum
3532 2867 3584 2923 in

1998 2953 2270 3024 hOSpilent
2334 2966 2767 3026 recognoverttttl
2837 2961 2894 3012 in
2961 2955 3228 3014 fractioue
3293 2961 3480 3028 panis;
3533 2968 3589 3016 et

2000 3049 2184 3101 statim
2219 3047 2488 3117 disparuit
2515 3051 2581 3101 ab
2629 3049 2727 3103 eis.
2783 3049 2963 3105 Monte
3003 3048 3136 3105 Sion
3171 3053 3425 3123 apparuit
3455 3065 3588 3120 apo-

1997 3140 2151 3193 stolis
2206 3141 2478 3206 omnihus,
2519 3139 2723 3210 absque
2761 3139 2995 3207 Thema,
3025 3141 3205 3207 ianuis
3233 3142 3457 3206 clausis,
3501 3143 3584 3196 di-

1996 3245 2124 3285 cens
2153 3233 2231 3286 eis
2267 3249 2279 3287 ε
2321 3231 2440 3286 I’ax
2485 3235 2624 3288 vobis
2671 3235 2736 3290 ".
2787 3234 2970 3290 Monte
3020 3234 3173 3302 Sion,
3225 3247 3414 3289 octava
3469 3233 3581 3295 die.

1995 3320 2218 3378 Thomas
2267 3341 2388 3379 cum
2425 3326 2553 3393 illis,
2579 3326 2759 3393 januis
2793 3325 2998 3384 clausis
3036 3328 3311 3392 omnibus,
3356 3327 3580 3382 vulnera

1993 3428 2089 3469 sua
2138 3415 2404 3486 palpanda
2433 3418 2648 3473 obtulit.
2700 3417 2798 3474 Cui
2851 3419 2927 3474 ait
2981 3417 3225 3474 Thomas
3271 3437 3285 3474 :
3324 3418 3582 3473 Dominus

1992 3525 2159 3576 meus,
2188 3521 2232 3562 et
2271 3510 2411 3564 Deus
2458 3527 2602 3564 meus
2639 3513 2705 3563 ³⁸.
2741 3510 2795 3565 1n
2837 3509 3061 3568 Galilza
3108 3527 3266 3566 secus
3321 3528 3488 3576 mare,
3526 3523 3581 3567 ct

1993 3607 2045 3658 in
2078 3604 2210 3658 tnari
2257 3604 2540 3672 discipulis
2578 3610 2691 3658 suis
2735 3615 2818 3659 ter
2856 3621 2914 3662 se
2984 3603 3378 3659 tnttuil’estavil.
3428 3605 3580 3673 Qua-

1994 3696 2305 3763 dragesimo
2336 3696 2444 3760 die,
2477 3698 2526 3750 in
2561 3707 2742 3750 monte
2789 3697 3008 3760 Olivcti,
3035 3708 3331 3766 susceptus
3355 3715 3382 3752 a
3413 3703 3574 3760 nube,

1993 3788 2246 3840 manibus
2272 3788 2492 3853 erectis,
2516 3786 2683 3842 (αλιος
2712 3790 2978 3844 ascendit.
3013 3789 3441 3861 Quatlragcsitno
3469 3792 3575 3854 die,

1988 3883 2078 3951 qui
2106 3880 2264 3936 nobis
2292 3880 2558 3949 jubileum
2588 3897 2817 3950 auuunt,
2853 3882 2906 3938 id
2941 3897 3043 3952 est,
3064 3895 3324 3940 aeternam
3353 3885 3578 3940 liberta-

1990 3981 2094 4027 tem
2123 3971 2346 4045 ligni-at,
2382 3973 2753 4043 apostolorum
2789 3973 2951 4029 corda
2984 3990 3207 4030 suorum
3239 3973 3574 4030 inﬂamman-

1993 4075 2127 4131 tem,
2160 4076 2409 4120 sanctum
2447 4065 2654 4120 remisit
2686 4067 2947 4136 Spiritum
2984 4066 3352 4125 Paracletum.
3392 4067 3572 4123 Monte

1987 4159 2116 4212 Sion
2154 4158 2338 4228 Virgo,
2388 4157 2515 4214 Jesu
2562 4160 2754 4225 Mater,
2804 4161 3017 4216 transiit
3047 4161 3116 4216 de
3164 4164 3385 4225 mando,
3424 4173 3480 4218 ct
3515 4163 3570 4216 in

1984 4251 2248 4322 Josapbat
2275 4254 2342 4307 ab
2371 4253 2629 4322 apostolis
2659 4253 2870 4322 sepulta
2905 4254 3040 4319 fuit;
3072 4255 3197 4308 imle
3233 4272 3260 4307 a
3300 4253 3439 4308 Filio
3470 4271 3571 4308 suo

1982 4359 2141 4413 supra
2175 4345 2370 4400 choros
2395 4346 2709 4416 angelorum
2734 4347 2994 4403 exaltant.
3033 4347 3212 4401 Mente
3244 4347 3374 4402 Sion
3402 4347 3570 4400 David

1983 4452 2098 4502 rex,
2149 4447 2203 4491 et
2259 4437 2545 4503 Salomon,
2603 4439 2807 4510 aliique
2857 4454 3011 4509 reges
3067 4437 3567 4509 tlterosolytuitani,

277 4529 513 4594 calvari,
551 4529 603 4582 id
640 4535 744 4592 est,
781 4526 1023 4580 damnari
1057 4526 1131 4579 rei
1162 4526 1430 4582 solebant.
1455 4527 1717 4584 Calvarias
1745 4531 1869 4584 dum
1902 4537 1956 4598 ι)
1980 4528 2177 4598 sepulti
2229 4531 2536 4600 quiescunt.
2595 4533 2736 4586 Ante
2796 4547 2881 4602 poi
2899 4541 3005 4586 tam
3067 4531 3390 4596 Jerusalem,
3445 4547 3567 4599 quae

279 4623 336 4677 in
368 4637 532 4676 t'l'ttt't‘.
580 4628 858 4690 pateretur
886 4616 1066 4682 Jesus,
1112 4616 1339 4673 Matrem
1370 4635 1524 4673 suam
1565 4621 1744 4675 amico
1779 4635 1878 4675 suo

279 4713 686 4768 cetnmeudavit
743 4721 798 4766 ιιι
839 4711 1105 4781 virginem
1159 4712 1347 4780 virgini
1401 4711 1580 4778 Matri,
1632 4713 1817 4768 dicens
1859 4733 1872 4768 :

285 4805 423 4859 Ecce
460 4806 606 4873 filius
632 4817 755 4859 tuus
789 4805 857 4868 ³³,
885 4816 996 4860 etc.
1037 4804 1301 4859 Ualvariue
1330 4806 1456 4859 dum
1488 4806 1540 4859 itt
1573 4821 1736 4862 cruce
1779 4823 1870 4875 pa-

281 4909 493 4953 teretur
539 4899 712 4952 hostia
755 4897 963 4962 mundi,
1023 4898 1216 4953 latroni
1272 4898 1524 4966 pendenti
1579 4900 1644 4953 ad
1682 4903 1867 4953 dexte-

284 5007 423 5052 ram,
459 4993 527 5042 al.
562 5006 624 5043 eo
665 4991 868 5059 petenti
922 4991 1157 5054 veniam,
1193 4990 1385 5044 stolam
1440 4992 1868 5045 immortalitatis

279 5085 585 5151 promisit:
629 5083 809 5137 crucis
866 5083 918 5138 iri
971 5084 1231 5152 patibulo,
1292 5082 1598 5152 perforatas
1656 5083 1865 5147 lancea,

280 5176 602 5244 sanguinem
663 5175 845 5230 emisit
915 5183 972 5228 et
1032 5189 1252 5244 aquam,
1328 5191 1392 5229 ex
1434 5191 1666 5244 quorum
1723 5176 1866 5229 stilia

279 5268 457 5336 aperti
508 5277 634 5322 sunt
676 5267 823 5322 oculi
888 5267 1142 5340 Longini,
1197 5271 1290 5340 qui
1328 5285 1449 5324 eum
1503 5280 1866 5338 percusserat.

281 5362 393 5415 Sub
431 5363 549 5416 loco
582 5363 847 5417 Calvarize
876 5364 944 5417 ad
984 5363 1288 5430 dexteram,
1329 5363 1380 5416 in
1425 5362 1646 5417 introitu
1678 5363 1870 5418 Eccle—

280 5455 398 5522 sitc,
433 5457 606 5520 locus,
638 5460 690 5511 in
726 5472 832 5528 quo
871 5455 1069 5528 Joseph
1114 5460 1425 5529 impetravit
1468 5475 1500 5512 a
1546 5458 1719 5514 Pilato
1749 5476 1870 5515 cor-

281 5565 377 5617 pus
411 5549 566 5616 .lesu,
604 5550 876 5604 sublatum
903 5553 970 5605 de
1000 5567 1163 5606 cruce
1204 5552 1336 5604 lavit
1367 5559 1682 5606 reverenter
1725 5554 1872 5616 caris

353 5728 400 5759 ”
432 5727 560 5780 Luc.
600 5740 737 5789 ιλιι,
764 5725 851 5781 19.
899 5727 976 5783 ,⁸⁸
1005 5729 1202 5783 Matth.
1237 5744 1385 5792 XXVI,
1412 5729 1505 5785 93.

282 5813 337 5866 ι,
365 5800 461 5852 26.
538 5799 582 5827 ³⁸
616 5797 809 5850 Matth.
846 5813 1042 5863 xxvut,
1077 5799 1130 5852 7.
1211 5798 1255 5830 ³³
1290 5799 1427 5854 Osee
1465 5817 1579 5867 xm,
1615 5803 1699 5858 Η.

597 5896 872 5954 ΡΑτιιοι..
907 5895 1022 5954 Gn.
1060 5893 1411 5958 CXXXili.

1581 5730 1627 5760 "
1660 5730 1792 5787 Ibid.
1825 5730 1918 5786 9.5.

1778 5803 1820 5834 ³⁸
1850 5799 1984 5861 Luc.
2020 5819 2171 5870 χιιν,
2202 5804 2293 5859 56.

1982 4622 2201 4691 respicit
2237 4639 2489 4678 occasum
2519 4628 2533 4643 ‘
2563 4627 2690 4678 urbs
2720 4637 2906 4680 sancta
2936 4623 3127 4686 lsrael,
3149 4626 3301 4678 saxis
3333 4626 3564 4676 obrutus

1979 4714 2173 4770 beatus
2206 4715 2520 4786 Stephanus
2544 4725 2911 4787 protomartyr
2936 4717 3091 4780 obiit,
3117 4717 3245 4772 inde
3269 4717 3562 4770 translatus

1979 4810 2033 4862 in
2073 4808 2228 4872 Sion,
2261 4825 2312 4863 et
2360 4813 2606 4879 sepultus
2653 4814 2791 4865 inter
2820 4810 3177 4866 Nicodemum
3227 4809 3559 4874 etllabilou,

1973 4910 2026 4956 ct
2081 4902 2474 4968 Gamalielem;
2527 4913 2716 4971 postea
2778 4902 3282 4973 Constantinopolin
3321 4919 3337 4957 :
3376 4905 3557 4958 limine

1981 4995 2047 5047 ad
2081 4994 2331 5047 ultimum
2372 4992 2526 5048 beato
2582 4995 2876 5048 Laurentio
2927 4993 3358 5049 contumulatus.
3405 4992 3560 5048 Unde

1978 5100 2032 5138 et
2065 5086 2116 5138 in
2153 5088 2361 5140 tumqu
2385 5089 2641 5142 scribitur
2673 5105 2685 5141 :
2725 5087 2855 5153 Qua:
2894 5085 3024 5142 Sion
3051 5089 3240 5141 occidit
3267 5087 3412 5140 nobis
3439 5086 3517 5139 bis
3538 5087 3558 5109 ‘

1972 5191 2157 5233 austra
2220 5181 2381 5234 misit.
2444 5183 2583 5235 Ante
2625 5193 2829 5250 portam
2889 5182 3212 5245 Jerusalem,
3261 5181 3409 5252 juxta
3472 5183 3557 5234 lo-

1973 5288 2092 5324 cum
2143 5276 2234 5342 qui
2288 5273 2513 5342 respicit
2565 5273 2848 5328 meridiem
2879 5288 3046 5328 cavea
3096 5273 3209 5339 illa,
3244 5276 3293 5326 iu
3331 5289 3435 5343 qua
3466 5273 3553 5327 leo

1973 5363 2217 5432 quidam,
2265 5367 2424 5434 jussu
2490 5367 2580 5421 Dei
2640 5367 3056 5438 omnipotentis,
3092 5378 3388 5438 martyrum
3442 5369 3554 5421 lere

1973 5456 2256 5509 duodecim
2296 5457 2464 5512 millia
2501 5457 2603 5513 sub
2637 5459 2874 5515 Cosrhoe
2910 5468 3206 5529 perempta,
3244 5475 3350 5514 una
3397 5477 3556 5515 nat-te

1975 5551 2166 5610 detulit
2211 5570 2223 5604 :
2264 5554 2406 5607 unde
2461 5564 2514 5607 et
2577 5569 2807 5609 caverna
2861 5554 3032 5610 leonis
3098 5557 3319 5611 dicitur.
3385 5559 3554 5610 Sexta

2401 5733 2446 5775 ’⁸
2488 5730 2622 5786 lbid.
2655 5731 2746 5787 40.
2822 5732 2867 5764 ⁸⁸
2901 5729 3035 5786 ibid.
3078 5730 3169 5787 48.

2370 5803 2414 5835 ³⁸
2441 5802 2602 5860 Joan.
2639 5820 2729 5875 ax,
2771 5805 2862 5861 28.

2000 5731 2044 5762 ³⁸
2071 5731 2209 5786 Ibid.
2235 5733 2323 5787 '59.
2401 5733 2446 5775 ’⁸
2488 5731 2622 5786 lbid.
2655 5731 2746 5787 40.
2822 5732 2867 5764 ⁸⁸
2901 5731 3035 5786 ibid.
3078 5731 3169 5787 48.
3248 5733 3466 5790 "Joan.
3499 5753 3548 5790 at

3149 5895 3220 5956 32
