4004 6206
478 283 614 357 1003

1693 291 2090 357 THEODORI
2132 292 2532 355 PRODBOMI

3589 297 3717 360 1004

459 405 730 463 milliaria
788 418 815 455 a
876 399 1203 465 Jerusalem,
1251 401 1358 466 via,
1396 417 1515 471 quae
1564 403 1707 456 ducit
1760 403 2048 467 Itamatba,
2077 411 2129 468 Α
2158 404 2344 466 David,
2379 407 2622 459 miserere
2648 406 2746 460 mei
2772 405 2837 469 ”,
2862 406 3015 460 abeo
3044 406 3336 465 illuminari
3372 410 3592 474 meruit,
3617 418 3722 465 tam

472 515 628 556 mons
667 497 846 552 Modin
875 512 890 562 ;
928 512 990 551 ex
1020 511 1126 565 quo
1158 494 1507 561 blatltathias,
1533 504 1682 564 pater
1711 496 2048 551 Macltaba‘o-

472 607 625 652 rnm;
664 590 715 642 in
739 603 848 658 quo
874 587 1070 655 sepulti
1097 587 1410 654 quiescunt,
1439 600 1623 641 eorum
1653 588 1829 641 adhuc
1877 603 2047 655 appao

473 685 716 741 rentibus
767 681 1014 737 tumulis.
1072 681 1274 734 Octavo
1331 661 1583 733 milliaria
1637 696 1662 732 a
1700 678 1903 739 Mariis.
1961 680 2043 732 via

472 791 592 848 quae
622 775 772 831 ducit
825 773 1058 843 Joppen,
1120 771 1314 834 Lidda,
1371 787 1493 841 quae
1552 782 1605 826 et
1641 772 1905 841 Diospolis
1943 791 1954 825 :
1991 773 2042 823 in

470 886 577 940 qua
608 883 805 937 corpus
833 866 976 921 beati
1029 863 1246 934 Georgii
1279 864 1542 932 sepultum
1599 864 1768 918 fuisse
1819 863 2047 917 manife-

471 970 668 1018 statur.
700 959 956 1013 Milliario
997 972 1026 1010 a
1063 956 1353 1017 Ramatha,
1392 956 1552 1010 tertio
1588 956 1845 1012 milliaria
1883 973 1908 1007 a
1949 955 2046 1010 Be-

470 1055 693 1120 thleem,
719 1051 939 1108 Thecue
968 1050 1246 1120 oppidum,
1292 1065 1351 1103 ex
1387 1065 1492 1119 quo
1522 1050 1687 1102 Amos
1737 1035 1996 1118 propheta
2029 1066 2042 1103 :

471 1147 564 1219 qui
594 1156 649 1200 et
680 1145 754 1200 ibi
787 1145 1028 1215 sepultus
1072 1144 1328 1214 quiescit.
1358 1143 1562 1210 Quarto
1591 1143 1845 1196 milliaria
1894 1158 1921 1195 a
1951 1140 2045 1196 Je-

476 1239 708 1295 rusalem
736 1239 803 1291 ad
853 1246 1124 1302 austrum,
1149 1236 1403 1306 oppidum
1457 1236 1608 1300 illud,
1642 1235 1692 1288 in
1730 1251 1838 1302 qua
1863 1250 2044 1289 mora-

473 1333 634 1388 batur
659 1322 953 1385 Zacharias
1003 1337 1131 1384 tunc
1183 1330 1465 1395 temporis,
1528 1343 1652 1382 cum
1691 1327 1862 1382 Mater
1912 1325 2042 1383 Jesu

473 1423 659 1486 Maria,
700 1422 985 1486 festinans,
1013 1420 1123 1488 jam
1158 1421 1362 1476 habeas
1414 1424 1464 1474 iu
1499 1431 1654 1475 utero
1689 1417 1886 1474 Filium
1922 1420 2042 1486 Dei,

474 1508 619 1570 venit
643 1514 707 1568 ad
734 1511 1069 1567 salutandam
1097 1511 1390 1575 Elisabetb,
1415 1521 1698 1581 cognatam
1725 1527 1900 1576 suam,
1920 1528 2042 1580 qua:

473 1617 593 1662 erat
635 1604 858 1676 gravida
895 1601 1106 1658 Joanne
1140 1603 1423 1674 Baptista;
1458 1619 1618 1672 quem
1651 1603 1724 1659 ibi
1760 1612 1814 1658 et
1857 1596 2062 1662 natum.

475 1698 641 1753 fuisse
684 1695 987 1766 perhibent.
1023 1696 1240 1750 Decium
1275 1697 1434 1750 tertio
1463 1685 1715 1750 milliaria
1759 1711 1786 1750 a
1828 1695 2041 1753 Jerusa'

2150 496 2382 552 interius
2411 513 2570 566 quam
2606 498 2860 552 exterius.
2895 496 3080 557 Tertio
3128 497 3382 557 milliaria
3417 515 3446 554 a
3479 496 3724 562 Jericba,

2150 590 2388 644 secundo
2438 590 2691 644 milliaria
2739 606 2766 643 a
2823 591 3104 659 Bethagla,
3152 592 3296 660 quod
3335 591 3729 661 interpretatur

2152 683 2295 736 locus
2327 685 2461 751 gyri,
2495 699 2557 737 eo
2589 684 2729 752 quod
2774 683 2842 736 ibi
2895 697 3046 738 more
3100 685 3464 756 plangentium
3500 683 3728 739 circuis-

2151 783 2267 828 sunt
2298 773 2482 828 funera
2518 774 2708 838 Jacob,
2750 777 2845 829 lilii
2877 776 2991 844 ejus
3021 787 3071 831 et
3102 793 3238 848 gens
3271 792 3392 842 sna,
3429 777 3725 834 referentes

2150 882 2269 918 eum
2305 866 2370 919 de
2402 865 2638 937 {Egypto
2663 869 2710 919 in
2743 866 2976 925 Hebron.
3013 869 3252 937 Engaddi
3294 870 3344 924 in
3386 870 3530 924 tribu
3567 868 3725 935 Juda.

2151 957 2237 1010 ubi
2300 958 2582 1012 abscondit
2629 974 2685 1032 se
2730 958 2895 1012 David
2945 959 2996 1012 in
3051 959 3365 1026 solitudine,
3411 971 3648 1029 quaeest
3680 961 3726 1016 in

2149 1051 2343 1103 auloue
2370 1053 2388 1070 ⁹
2422 1049 2656 1115 Jericho,
2693 1053 2794 1106 hoc
2824 1062 2925 1112 est,
2950 1053 3001 1106 in
3039 1054 3257 1123 regione
3295 1054 3381 1118 illa
3409 1053 3726 1122 campestri,

2150 1143 2214 1196 de
2237 1159 2341 1210 qua
2366 1157 2525 1210 supra
2563 1145 2816 1204 diximus.
2849 1143 3090 1200 Vocatur
3119 1148 3266 1204 vicus
3290 1147 3380 1201 ille
3403 1150 3727 1218 pergrandis

2149 1232 2478 1289 Iudaeorum.
2520 1235 2572 1287 In
2621 1235 2804 1291 Gadda
2848 1237 3002 1306 juxta
3037 1251 3183 1293 mare
3229 1237 3523 1303 Mortuum,
3551 1239 3730 1294 balsa-

2150 1339 2294 1381 mum
2348 1326 2528 1383 atlerri
2565 1329 2772 1383 solebat
2819 1341 2872 1383 et
2901 1330 3054 1385 oriri.
3094 1329 3246 1385 Unde
3299 1342 3352 1383 et
3411 1331 3586 1386 vineae
3616 1330 3726 1394 En-

2148 1419 2308 1489 gaddi
2354 1431 2751 1490 nuncupantur.
2807 1421 3010 1477 Octavo
3062 1422 3310 1486 milliaria
3373 1439 3402 1476 a
3457 1421 3733 1482 Nazaretlt

2149 1519 2336 1566 contra
2364 1511 2668 1568 Carmelum
2721 1512 2891 1571 Cbam
2944 1528 3135 1582 mons;
3165 1517 3232 1575 ad
3278 1517 3519 1578 radicem
3552 1517 3727 1586 cujus,

2146 1606 2300 1676 juxta
2342 1607 2568 1672 fontem,
2615 1607 2872 1671 Lamcch,
2910 1619 3060 1678 pater
3089 1609 3220 1673 Noe,
3248 1612 3440 1678 sagitta
3474 1627 3571 1674 sua
3606 1626 3730 1681 per-~

2151 1699 2284 1752 emit
2316 1698 2470 1761 Cain,
2518 1715 2757 1768 arcuque
2793 1716 2889 1755 suo
2917 1701 3108 1760 ducem
3154 1718 3330 1762 suum.
3365 1701 3521 1760 Unde
3547 1703 3729 1762 furare

473 1793 573 1846 lem
607 1799 794 1844 contra
833 1791 1072 1853 boream,
1105 1785 1344 1854 Iericho,
1385 1803 1452 1842 ex
1500 1802 1605 1857 qua
1640 1788 1826 1842 Rahab
1861 1803 2040 1843 mere-
2080 1767 2116 1823 Β
2152 1790 2408 1860 repletus,
2466 1803 2519 1847 et
2571 1794 2760 1856 iratus,
2822 1794 2897 1850 ait
2931 1810 2943 1845 :
2974 1793 3154 1848 Occidi
3208 1796 3377 1852 virum
3430 1798 3485 1850 in
3540 1798 3729 1851 vulnus

476 1883 604 1946 trix,
635 1899 753 1952 quae
787 1882 1022 1950 hospitio
1048 1882 1284 1950 suscepit
1311 1891 1364 1935 et
1403 1882 1549 1950 pavit
1578 1882 1880 1952 celavitqne
1912 1898 2041 1951 qua-

476 1988 597 2034 tuor
651 1975 1028 2043 exploratores
1105 1984 1260 2031 terrae
1316 1973 1716 2043 promissionis.
1787 1973 1866 2029 Ex
1938 1989 2041 2043 qna

468 2067 731 2122 Zacharus
782 2075 988 2122 statura
1039 2067 1287 2135 pusillus,
1337 2067 1563 2122 audiens
1612 2064 1818 2131 Jesum,
1863 2076 2045 2136 partes

468 2161 589 2215 illas
620 2159 1106 2230 perambulantem,
1138 2157 1752 2229 sycamorum’arborem
1778 2161 2040 2224 ascendit,

468 2263 544 2316 et,
583 2264 638 2306 ut
671 2251 959 2308 Dominum
986 2253 1216 2317 videret,
1248 2261 1304 2307 et
1351 2267 1474 2307 cum
1516 2267 1583 2308 eo
1613 2253 1949 2322 loqueretur,
1985 2269 2044 2308 se

467 2345 746 2410 indicavit,
779 2355 968 2416 petens
1001 2346 1249 2411 veniam;
1274 2361 1339 2399 ex
1376 2362 1480 2416 qua
1512 2355 1565 2399 et
1595 2345 1768 2416 pueri,
1796 2346 1883 2414 qui
1919 2346 2044 2400 bea-

472 2449 583 2493 tum
615 2438 894 2502 Elismum,
936 2436 1358 2508 Hierosolymam
1389 2438 1798 2503 ascendentem,
1836 2428 2046 2492 derise-

468 2541 596 2585 runt
630 2531 1002 2586 exclamantes
1036 2547 1052 2585 :
1089 2529 1329 2584 Ascende
1353 2529 1516 2592 calve,
1553 2530 1776 2583 ascende
1798 2530 1944 2584 calve
1971 2529 2037 2583 ”.

470 2622 722 2678 Secunda
760 2622 938 2693 lapide
977 2637 1004 2676 a
1039 2619 1256 2678 Jericlta
1308 2623 1374 2676 ad
1408 2631 1673 2687 austrum,
1715 2634 1794 2678 est
1851 2626 2041 2683 deser~

469 2725 611 2779 tum,
643 2716 784 2785 quod
818 2715 1165 2782 Quarantena
1199 2724 1444 2780 vocatur,
1498 2717 1548 2770 in
1578 2732 1687 2785 quo
1714 2717 1872 2772 Iesus
1904 2733 2040 2786 qua-

467 2808 714 2878 draginta
775 2807 966 2866 diebus
1025 2807 1362 2878 tatidemqne
1438 2811 1689 2865 noctibus
1746 2810 2040 2880 jejunavit,

464 2917 700 2972 eumque
734 2903 803 2958 ibi
831 2904 1159 2957 esurientem
1196 2911 1416 2957 tentans
1446 2903 1718 2966 diabolus,
1753 2905 1825 2957 ait
1866 2922 1880 2960 :
1921 2904 2039 2969 Dic,

467 3006 521 3051 ut
565 2996 765 3067 lapides
813 2996 902 3051 iui
942 3012 1100 3064 panes
1152 2994 1286 3063 ﬁam
1323 2997 1390 3050 ⁸⁷.
1428 2996 1681 3051 Secunda
1737 2998 2040 3052 milliarioa

2149 1900 2338 1948 meum,
2366 1893 2414 1937 et
2444 1885 2885 1940 adolescentulum
2920 1888 2970 1940 in
3006 1887 3221 1940 livorem
3250 1876 3417 1942 meiut:
3446 1889 3516 1943 “.
3543 1882 3738 1950 Tertio,

2149 1975 2398 2030 milliaria
2452 1992 2478 2028 a
2525 1976 2656 2030 Cain
2694 1987 2894 2039 monte,
2923 1993 3083 2031 mons
3133 1977 3388 2043 Carmeli,
3419 1981 3485 2032 de
3528 1994 3642 2049 quo
3675 1980 3733 2033 in

2145 2068 2384 2124 Cattticis
2420 2086 2435 2123 :
2465 2065 2672 2123 Collum
2708 2079 2878 2134 tuum,
2915 2082 2966 2122 ut
3013 2071 3286 2125 Carmelus
3323 2073 3399 2140 “;
3451 2075 3503 2127 in
3538 2089 3650 2143 quo
3675 2084 3728 2129 et

2148 2176 2242 2228 per
2279 2161 2506 2214 multum
2565 2164 2827 2231 temporis
2892 2165 3126 2233 spatium
3187 2167 3502 2229 conversari
3557 2168 3728 2223 voluit

2148 2255 2334 2308 beatus
2377 2255 2544 2320 Elius,
2611 2257 2833 2326 ejusque
2881 2259 3178 2326 discipulus
3229 2276 3349 2314 cum
3402 2277 3497 2326 ea,
3531 2262 3726 2331 beatus

2158 2347 2400 2402 Elssarus.
2429 2347 2670 2417 Septimo
2704 2349 2952 2402 milliaria
2976 2365 3002 2402 a
3023 2350 3291 2406 Nazareth
3320 2365 3508 2406 cantra
3559 2352 3723 2408 Geni-

2149 2440 2333 2502 utium,
2365 2439 2558 2506 Gaver,
2583 2441 2731 2494 locus
2756 2443 2808 2497 in
2831 2459 2937 2510 quo
2960 2442 3093 2496 Jcltu
3131 2460 3218 2498 rex
3251 2445 3412 2500 Israel
3459 2446 3724 2514 percussit

2151 2532 2443 2586 Ocltoziam
2477 2546 2656 2600 regem
2707 2530 2925 2587 Judaeze.
2964 2531 3178 2586 Decimo
3219 2544 3374 2588 sexto
3415 2533 3670 2588 milliaria
3696 2551 3721 2586 a

2148 2620 2416 2693 Nazaretlt
2474 2633 2663 2674 contra
2732 2620 2995 2674 orientem
3043 2637 3202 2690 supra
3253 2638 3403 2677 mare
3463 2622 3722 2689 Galilee,

2145 2715 2405 2785 Gergesa,
2434 2715 2642 2769 vicuins
2683 2712 2793 2779 ille,
2832 2716 2882 2768 in
2937 2731 3045 2785 quo
3109 2715 3358 2769 Salvator
3413 2731 3510 2772 eos
3544 2719 3636 2787 qui
3697 2737 3721 2770 τι

2147 2809 2486 2864 ὁδειιξο-οῑίωδ
2521 2808 2881 2872 vetabantur,
2946 2808 3164 2862 sanitati
3205 2810 3482 2882 restituit;
3511 2825 3579 2863 ex
3614 2825 3722 2879 qun

2146 2909 2200 2954 et
2225 2903 2277 2954 in
2314 2901 2452 2955 mari
2495 2901 2642 2970 porci
2694 2899 3017 2971 praecipitati
3067 2901 3272 2965 obiere.
3311 2903 3534 2957 Decimo
3566 2915 3722 2957 sexto

2147 2993 2400 3047 milliaria
2430 3003 2610 3050 monte
2638 2992 2867 3046 Carmeli
2893 3005 3084 3046 contra
3114 2995 3420 3058 meridiem,
3452 2993 3722 3055 Cesarea.

465 3087 818 3154 Quarantena
853 3093 1042 3142 contra
1091 3082 1390 3151 Galilaeam,
1432 3101 1586 3146 mons
1634 3085 1889 3140 excelsus
1931 3086 2038 3152 ille,
2069 3111 2112 3172 ρ
2147 3086 2447 3142 Palaestina:
2480 3085 2819 3156 metropolis,
2871 3102 2932 3140 ex
2996 3101 3100 3155 qua
3137 3087 3423 3146 Cornelius
3457 3089 3723 3154 centurio,

467 3182 523 3236 in
558 3196 668 3250 quo
704 3181 900 3236 iterum
938 3178 1188 3235 diabolus
1241 3182 1470 3235 tentavit
1499 3179 1707 3246 Jesum,
1744 3183 2037 3235 ostendens

464 3275 513 3328 ei
550 3275 732 3328 omnia
784 3288 944 3341 regna
988 3273 1201 3340 mundi,
1242 3283 1298 3328 et
1348 3273 1646 3344 inquiens:
1686 3271 1817 3327 Ηιεε
1859 3274 2035 3327 omnia

465 3365 559 3421 tibi
585 3365 744 3430 dabo,
795 3366 841 3419 si
870 3368 1062 3420 cadens
1104 3367 1408 3420 adoraveris
1440 3383 1516 3420 me
1539 3367 1604 3420 ³⁸;
1658 3365 1768 3421 Sub
1791 3366 2039 3432 Quaran-

466 3469 611 3524 tena,
653 3458 816 3516 fontis
853 3459 997 3513 illius
1040 3459 1271 3522 rivulus,
1307 3473 1466 3528 quem
1528 3461 1723 3512 beatus
1789 3457 2035 3521 Eliszcus,

466 3553 585 3623 ejus
622 3561 810 3607 sanata
852 3553 1164 3617 sterilitate,
1220 3551 1287 3606 de
1327 3567 1513 3607 amaro
1539 3553 1827 3620 potabilcm
1867 3553 2042 3604 reddi-

467 3647 564 3700 dit.
615 3644 757 3699 Ante
803 3642 1044 3710 Jericbo,
1097 3659 1258 3700 secus
1292 3644 1456 3708 viam,
1509 3659 1682 3706 caecus
1740 3645 2039 3706 mendicus,

468 3733 692 3790 audiens
733 3738 876 3805 quod
928 3734 1085 3794 Jesus
1143 3734 1416 3799 transiret,
1465 3735 1742 3791 clamans:
1775 3732 1922 3813 Jesu,
1959 3735 2040 3802 fili

536 3899 583 3932 ³⁸
623 3897 690 3954 1V
724 3896 859 3970 Reg.
904 3914 967 3965 ιι,
1008 3898 1095 3953 25.

468 3984 561 4037 vn,
599 3970 651 4024 5.

1201 3899 1246 3932 ⁸⁷
1277 3899 1470 3958 Matth.
1508 3915 1578 3970 tv,
1616 3901 1670 3956 3.

1771 3903 1812 3935 ³⁸
1843 3901 1974 3957 Ibid.
2018 3904 2068 3957 9.

2145 3194 2305 3249 quem
2339 3179 2390 3231 in
2423 3193 2485 3232 ea
2523 3178 2817 3247 baptizavit
2863 3178 3056 3240 beatus
3095 3178 3310 3245 Petrus,
3337 3193 3389 3234 et
3423 3185 3630 3237 creavit
3668 3184 3719 3244 in

2146 3272 2490 3341 episcopum:
2520 3271 2569 3323 in
2599 3287 2702 3341 qua
2735 3281 2788 3323 et
2826 3272 2992 3326 turris
3022 3271 3316 3337 Stratonis,
3351 3290 3518 3343 quam
3550 3276 3724 3331 Hero.-

2147 3366 2244 3420 des
2293 3376 2483 3419 contra
2526 3368 2818 3420 adventum
2870 3367 3094 3436 Augusti
3125 3365 3358 3423 Caesaris
3415 3351 3723 3426 construxit

2149 3460 2214 3520 dc
2266 3457 2386 3514 albo
2445 3474 2746 3523 marmore;
2797 3470 2850 3513 et
2899 3461 3127 3523 turrim,
3182 3474 3306 3529 qua:
3355 3464 3723 3529 supereminet

2147 3548 2558 3622 Hierosolymis,
2608 3551 2721 3619 ipse
2770 3550 3031 3616 Herodes,
3084 3566 3204 3620 qua:
3245 3561 3300 3606 et
3334 3557 3502 3611 turris
3550 3554 3718 3608 David

2146 3644 2366 3709 dicitur,
2397 3643 2633 3714 .Ioscpho
2675 3651 2988 3708 attestante,
3027 3643 3316 3700 fabricavit
3349 3660 3579 3716 eamque
3606 3648 3721 3700 An-

2149 3736 2348 3791 toniam
2376 3735 2610 3792 vocavit.

2178 3903 2219 3934 ⁸³
2279 3901 2468 3956 Matth.
2525 3917 2603 3967 ιχ,
2663 3899 2753 3954 27.
2862 3902 2907 3932 ‘°
2953 3897 3091 3955 Gen.
3148 3915 3224 3966 tv,
3282 3899 3373 3956 23.
3475 3898 3516 3930 ⁸⁸
3553 3899 3720 3956 Cant.

1651 4343 1799 4387 POST
1831 4343 2086 4387 MEDIUH
2127 4343 2432 4387 SECULUM
2470 4344 2556 4385 ΧΠ

675 4525 2004 4708 THEODOBUS

2153 4523 3490 4706 PBODBOMUS

1845 4974 2349 5064 ΝΟΤΙΤΙΑ

875 5158 966 5222 (Ex
995 5157 1160 5206 Leone
1195 5155 1374 5204 Allatio
1403 5158 1470 5205 De
1496 5152 1767 5204 Theodoris
1803 5168 1935 5202 num.
1969 5153 2133 5212 CXVI,
2165 5165 2240 5215 ap.
2276 5154 2448 5202 Maium
2476 5154 2523 5203 in
2556 5156 2679 5205 Bibl.
2712 5159 2839 5207 Nov.
2873 5159 3015 5207 Patr.
3042 5163 3162 5208 tam.
3191 5155 3287 5236 γι.)

533 5407 848 5465 Theodorus
896 5412 1240 5480 Prodromus,
1277 5415 1390 5468 sive
1445 5416 1988 5484 I’tocltoprodromus,
2025 5417 2094 5467 ita
2127 5415 2266 5467 enim
2298 5413 2592 5480 saepissime
2627 5413 2680 5467 in
2741 5417 3125 5487 manuscriptis
3171 5417 3495 5490 exprimitur,
3532 5411 3704 5466 Chri-

461 5501 651 5557 stianis
686 5507 999 5575 parentibus
1031 5519 1203 5570 ortus,
1240 5509 1394 5564 bonis
1427 5509 1638 5579 piisque
1669 5510 1970 5579 disciplinis
2001 5508 2310 5564 instruitur.
2345 5509 2460 5577 Ipse
2491 5509 2634 5563 enim
2670 5509 2735 5564 de
2762 5525 2821 5564 se
2860 5509 3029 5569 dicit:

1513 5626 1607 5688 ’ος
1637 5626 1884 5695 πατέρων
1933 5621 2029 5693 μὲν
2061 5625 2255 5692 ὲξέφυν
2293 5625 2618 5692 Θεοφρόνων,

1503 5697 1612 5748 Καὶ
1639 5695 1819 5749 πίστιν
1848 5697 1909 5748 ἐκ
1956 5711 2016 5746 τε
2050 5697 2391 5766 πραγμάτων
2428 5698 2802 5749 πιστουιιένων

1504 5766 1614 5819 Καὶ
1640 5767 1863 5827 κλῆσεσι
1889 5766 2120 5827 μάλιστα
2153 5767 2576 5832 γριστωνυμίαςο
