4042 6206
174 311 318 378 1097
1599 314 1766 377 PIUE

1838 316 1996 378 mo
3302 311 3434 382 1098

163 444 414 502 qumque
451 432 653 501 gradus
673 432 1065 487 ascendebatnr
1089 432 1477 490 celebraretur.
1514 435 1665 490 Alias
1702 435 1842 502 apud
1880 432 2133 487 Nostrum
2161 434 2314 488 sedes
2361 433 2476 487 sive
2519 439 2760 502 potestas
2783 446 2906 486 rum
2937 433 3078 502 regia
3111 441 3228 486 tum
3272 435 3408 487 ercle

174 518 402 573 siastt’ra
429 518 530 572 hoe
556 521 776 574 nomine
802 521 970 574 venit.
1002 522 1176 590 Atque
1201 522 1274 575 ita
1310 522 1364 576 in
1399 524 1490 576 illa
1521 523 1770 592 inaugnr:

1846 526 2121 586 oratione,
2171 523 2311 593 Διχῆ
2342 526 2472 592 γὰρ,
2524 526 2721 593 inquit,
2758 522 2856 592 τῆς
2884 514 3010 575 καθ’
3045 522 3196 592 ἡμᾶς
3217 521 3438 593 ἁπάσης

164 608 512 680 διῃρημένης
535 610 714 680 ἀρχῆς
744 611 837 664 καὶ
862 609 989 663 δυσὶ
1017 611 1588 684 συνδιανενεμημὲνης
1618 615 1729 676 soi;
1761 615 1988 686 βήμασι,
2029 616 2106 686 τῷ
2141 618 2425 686 ἱερατικῴ,
2469 620 2634 684 φημὶ,
2668 617 2761 668 καὶ
2787 613 3059 685 βασιλικῷ
3086 631 3103 647 ·
3136 624 3189 669 et
3215 611 3267 669 in
3295 626 3439 670 orat.

165 698 238 749 ad
276 697 527 750 Alexium
553 696 867 752 Aristenum
899 701 1079 754 eidem
1109 699 1489 771 nomophylaci
1522 711 1576 758 et
1607 702 1759 772 orph:

1844 708 2054 774 itropho
2089 705 2280 760 tribuit
2316 705 2376 757 τὸ
2409 704 2782 775 συγκλητικόν
2837 719 2898 754 τε
2930 695 3048 773 ἅμα
3116 702 3215 758 καὶ
3281 703 3440 774 ἱερα-

167 784 330 835 τικὸν
354 784 529 853 βῆμα.

245 870 505 939 Plerique
533 876 860 928 monachum
897 874 1062 929 fuisse
1092 874 1437 930 Theodorum
1470 886 1717 930 nostrum
1748 877 1953 934 velunt.
1986 879 2048 933 Et
2079 881 2346 949 profer-to,
2386 883 2431 935 si
2461 900 2624 936 unum
2662 883 3024 948 (-umdcmqne
3078 873 3312 933 facimus
3370 891 3435 932 ac

169 955 732 1027 Ptoclmprodronnnn
767 963 915 1016 illum
949 963 1014 1016 de
1043 978 1151 1031 quo
1184 961 1445 1029 diximus,
1477 977 1585 1018 non
1619 981 1904 1034 possumus
1928 969 2071 1022 aliud
2098 978 2355 1026 statuere.
2395 973 2449 1026 lu
2495 974 2559 1025 iis
2599 973 2738 1023 enim
2778 971 3025 1023 versibus
3080 981 3219 1036 quos
3277 979 3443 1035 supe-

169 1046 290 1101 rius
322 1048 678 1102 indicavimus
737 1049 786 1103 id
825 1049 890 1104 de
920 1065 978 1104 se
1012 1060 1197 1116 aperte
1241 1062 1445 1115 narrat,
1490 1053 1577 1107 ubi
1608 1055 1674 1108 de
1727 1055 1963 1109 aliorum
1995 1058 2263 1124 elegantia
2301 1060 2569 1113 scribendi
2608 1057 2742 1112 dixit
2774 1075 2788 1111 :
2857 1043 2998 1124 Ἐὴὼ
3060 1049 3105 1110 δ’
3139 1056 3240 1124 οὐχ
3294 1049 3442 1106 οὕτω

173 1135 407 1206 γράφω,
439 1135 534 1188 καὶ
572 1135 682 1204 γὰρ
707 1134 1074 1206 ἀγράμματός
1106 1138 1225 1208 εἰμι
1268 1140 1362 1192 καὶ
1382 1139 1499 1202 νέος
1544 1141 1882 1214 ῥικενδύτης
1933 1147 2031 1198 καὶ
2066 1146 2303 1216 μοναχδς
2355 1147 2465 1199 τῶν
2514 1146 2752 1199 εὐτελῶν
2782 1146 2894 1199 τῶν
2933 1144 3102 1215 μηδὲν
3153 1159 3331 1208 κεκτη
3347 1140 3445 1210 μέ-

173 1240 307 1278 νων.
338 1222 651 1290 Congrncre
680 1223 792 1277 brec
825 1223 958 1279 satis
983 1224 1236 1279 videntur
1265 1240 1388 1280 cum
1416 1229 1481 1282 iis
1506 1245 1626 1298 qua:
1650 1230 1716 1284 ad
1744 1228 1769 1283 ι

1847 1231 1978 1286 iccm
2018 1234 2211 1289 scribit
2244 1234 2381 1305 (l2),
2411 1237 2480 1288 τὰ
2542 1235 2587 1289 δ’
2616 1234 2866 1305 ἡμέτερα
2900 1232 3263 1302 ἀλουτοῦμεν,
3309 1243 3443 1291 etc..

169 1321 227 1364 et
249 1325 340 1380 ep.
396 1310 422 1362 1
480 1309 550 1364 de
604 1309 898 1366 solitudine
935 1327 1055 1366 sua.
1085 1309 1156 1367 Ut
1181 1313 1325 1367 enim
1359 1314 1550 1370 borum
1581 1327 1765 1387 tempm

1847 1334 1880 1371 η
1917 1320 2153 1390 scriptor
2174 1320 2389 1377 Hicetas
2414 1323 2553 1394 (45),
2583 1323 2707 1375 δέον
2738 1323 2798 1374 ὲν
2838 1320 3027 1383 τόποις
3057 1319 3443 1389 δυσερενήτοις

170 1401 272 1452 καὶ
361 1398 589 1469 χωρίοις
686 1403 1029 1470 πανερὴμοις
1089 1403 1203 1463 τοῖς
1298 1402 1627 1470 μονάξουσιν
1684 1407 1764 1458 ἀπ

1847 1405 1959 1471 ἱξαι
2037 1408 2101 1461 τδ
2168 1409 2457 1478 σκήνωμα.
2546 1409 2702 1476 Quod
2759 1409 2806 1463 si
2857 1409 2910 1462 in
2984 1405 3443 1476 orphanutrophio

174 1498 364 1557 postea
397 1489 551 1551 vixit,
607 1488 774 1543 fuisse
803 1489 877 1543 ibi
909 1491 1004 1543 καὶ
1032 1490 1383 1559 μοναζὸντων
1411 1495 1504 1545 καὶ
1535 1496 1770 1564 pop.qu

1848 1493 1902 1546 ὒν
1932 1494 2284 1564 καταγώγια,
2314 1497 2557 1552 Zonaras
2615 1506 2670 1550 et
2701 1498 2857 1550 Anna
2894 1495 3027 1550 locis
3080 1494 3257 1547 allatis
3304 1508 3444 1547 nar-

174 1585 326 1631 rant.
361 1577 561 1631 Contra
599 1592 746 1643 vero,
777 1577 904 1647 quid
934 1589 1080 1632 esset
1108 1593 1206 1632 cur
1239 1581 1540 1635 monachus
1568 1582 1637 1636 de
1667 1582 1862 1651 capillo
1904 1592 2190 1655 tantopere
2247 1596 2590 1655 quereretur,
2618 1586 2762 1655 quod
2816 1585 2994 1653 capite
3049 1582 3314 1645 ﬂuxisset,
3379 1596 3439 1635 ιιι

174 1668 297 1738 ipse
323 1666 454 1722 iacit
482 1667 643 1734 epist.
678 1666 740 1720 l0
765 1667 900 1734 illaut
925 1667 1016 1736 qui
1049 1669 1312 1723 monacho
1335 1670 1474 1724 idem
1501 1673 1818 1726 conveniret
1843 1684 2112 1739 unguento
2140 1675 2491 1738 delibutnsmt
2509 1675 2670 1729 habet
2697 1674 2858 1739 epist.
2896 1675 2961 1727 l3
2987 1673 3010 1726 l
3035 1672 3110 1726 De
3143 1671 3441 1726 monacho-

176 1772 300 1811 rum
329 1769 550 1810 tonsura
592 1755 674 1809 his
701 1757 1032 1823 temporibus
1054 1757 1208 1812 testis
1232 1768 1315 1811 est
1342 1757 1640 1824 Ccdrenus,
1669 1761 1764 1830 qui
1793 1761 1858 1813 de
1886 1759 2147 1818 Micbacle
2176 1762 2470 1832 Calepliate
2494 1777 2522 1814 a
2556 1761 2669 1816 Zoe
2698 1762 2763 1816 de
2798 1762 3028 1829 imperio
3059 1758 3270 1826 deiecto
3298 1758 3434 1812 Scri-

177 1847 280 1908 bit,
313 1845 372 1896 ὲν
409 1840 488 1912 τῷ
519 1842 663 1894 κατὰ
697 1841 797 1912 τὴν
829 1842 990 1912 νῆσον
1028 1841 1263 1913 Πρώτην
1282 1845 1641 1917 μοναστηρίῳ
1693 1847 1792 1916 τὴν
1821 1850 2100 1920 κοσμικὴν
2142 1848 2485 1920 ἀποθέμενος
2546 1851 2707 1920 τρίχα
2738 1849 2830 1903 τὸν
2893 1849 3083 1901 λοιπὸν
3144 1849 3244 1916 τῆς
3297 1847 3444 1916 ζωῆς

175 1935 404 2005 διήνυσε
434 1933 648 2003 χρόνον.
685 1931 747 1984 In
788 1931 979 1988 insulae
1006 1936 1194 1988 Proles
1222 1936 1540 1988 monasteria
1568 1938 1892 1990 mundanum
1917 1939 2178 2004 deponens
2199 1938 2473 2003 capillum,
2503 1937 2757 2008 reliquam
2786 1939 2946 1988 vitam
2973 1936 3163 2002 exegit.
3223 1934 3442 2000 Verum,

175 2038 304 2075 cum
338 2037 480 2075 nunc
504 2035 717 2091 quoque
745 2021 962 2075 Grmcos
987 2027 1285 2076 monachos
1313 2023 1592 2076 videamus
1614 2024 1809 2091 capillo
1843 2026 2120 2095 aliquanto
2151 2027 2394 2096 longiore
2427 2028 2524 2087 uti,
2545 2037 2596 2077 et
2625 2040 2748 2079 cum
2773 2028 2914 2091 apud
2949 2021 3192 2084 Latinos,
3249 2038 3357 2073 non
3395 2021 3444 2073 id

177 2109 364 2165 facere
392 2110 818 2165 ecclesiasticam
850 2122 1149 2174 tonsuram,
1182 2119 1239 2164 ut
1271 2111 1450 2166 crines
1487 2115 1764 2166 resecaudi
1807 2118 2028 2169 omnino
2058 2116 2171 2168 sint
2214 2128 2229 2166 :
2267 2130 2380 2168 rem
2436 2113 2594 2182 plane
2617 2115 2757 2182 apud
2789 2127 2874 2167 me
2940 2115 3274 2167 constituere
3331 2125 3440 2164 non

178 2212 409 2268 possum
446 2215 461 2261 ;
492 2197 620 2262 etsi,
660 2208 923 2252 utverum
958 2197 1150 2263 fatear,
1189 2199 1241 2253 in
1266 2215 1384 2252 eam
1441 2212 1646 2268 partem
1679 2201 1903 2256 inclinat
1962 2203 2200 2266 animus,
2245 2216 2364 2270 quae
2421 2203 2591 2271 ponit,
2627 2217 2656 2253 a
2713 2199 3219 2270 PtoihOprodromo
3265 2198 3356 2269 qui
3389 2212 3449 2252 se

177 2289 345 2341 etiam
378 2285 708 2342 l‘lilariouem
743 2288 1043 2341 inonastieo
1083 2287 1297 2340 nomine
1332 2297 1504 2349 vocat,
1543 2288 1708 2342 fuisse
1739 2288 2095 2343 Prodrnmum
2127 2299 2370 2344 nostrum
2405 2290 2704 2344 diversum.

256 2373 462 2427 Versus
492 2373 689 2442 quibus
729 2373 781 2427 in
806 2369 1032 2429 Baream
1057 2373 1172 2428 sive
1203 2372 1377 2443 Baryn
1410 2373 1675 2436 scribens,
1711 2373 2026 2443 parentibus
2056 2386 2115 2429 se
2145 2381 2322 2429 ortum
2352 2373 2535 2444 probis
2567 2381 2755 2427 narrat
2784 2372 3120 2442 optimisque
3144 2369 3448 2440 disciplinis

181 2466 522 2519 instructum
556 2473 608 2518 et
636 2462 704 2519 de
736 2464 999 2519 avunculo
1028 2464 1277 2534 episcopo
1311 2465 1567 2534 loquitur,
1600 2465 1687 2518 alii.
1707 2478 1755 2520 rt
1785 2464 2088 2520 Fabricius.
2119 2463 2310 2516 Mirum
2367 2472 2449 2517 est
2477 2460 2783 2532 Kmniginm
2848 2461 3206 2517 Prodromutn
3269 2462 3446 2532 ipsum

182 2563 434 2609 nostrum
465 2557 776 2624 episcopum
809 2555 988 2608 facere
1010 2553 1213 2626 (ἐοιγωὶ
1245 2556 1295 2608 in
1321 2553 1555 2626 Phrygia
1588 2571 1604 2620 ;
1636 2563 1690 2608 et
1723 2554 1964 2610 scribere
2015 2551 2266 2605 eumdem
2331 2549 2579 2604 ﬂoruisse
2639 2549 2894 2611 sarculo,“
2927 2567 2941 2617 ;
3001 2548 3285 2604 Fabricius
3335 2564 3445 2616 quo

179 2652 411 2699 auctore
442 2643 526 2696 vel
560 2649 697 2697 teste
731 2641 782 2695 id
813 2642 896 2695 ille
920 2641 1141 2708 dixerit,
1175 2642 1371 2697 fatetur
1429 2657 1490 2698 se
1523 2643 1800 2710 ignorate.
1822 2639 2076 2695 Arbitror
2107 2648 2283 2692 tamen
2316 2638 2369 2692 in
2397 2650 2639 2692 errorem
2666 2637 2945 2692 inductum
2983 2653 3011 2691 a
3063 2637 3193 2707 Cyri
3231 2639 3450 2692 nomine

177 2733 332 2801 quod
370 2729 619 2784 nonnulli
651 2730 700 2782 ei
740 2731 1064 2794 tribuerunt,
1094 2732 1239 2799 quod
1271 2732 1521 2801 legerunt
1554 2729 1724 2801 κύρου
1761 2732 1773 2780 l

1850 2726 2038 2799 ιδιῖῳου
2069 2728 2166 2780 τοῦ
2204 2726 2564 2798 Πρυδρόμου;
2599 2728 2807 2797 Cyrum
2839 2742 2969 2782 vero
3001 2726 3152 2782 illum
3178 2725 3446 2781 celebrent

177 2823 282 2876 sub
310 2819 620 2873 Theodosio
645 2819 861 2888 juniore
882 2819 1010 2872 nliut
1040 2817 1226 2874 CPolis
1253 2819 1597 2888 praelectum,
1630 2828 1815 2888 postea
1843 2818 2246 2889 Smyrnarorum
2277 2817 2592 2888 episcopum
2618 2828 2744 2874 sunt
2773 2818 2864 2887 qui
2895 2816 3097 2887 Cotymi
3130 2817 3446 2885 episcopum

188 2911 365 2965 fuisse
399 2908 605 2970 volunt,
644 2919 703 2962 ut
740 2908 1003 2962 Baronius
1035 2909 1147 2979 (Η)
1181 2911 1369 2964 tradit.
1396 2911 1869 2977 Supervacaneum
1903 2922 2033 2962 vero
2055 2915 2140 2962 est
2168 2908 2462 2963 admouere
2493 2906 2666 2978 κύρου
2697 2923 2794 2978 pro
2850 2905 3041 2976 κυρίου
3091 2905 3298 2960 dixisse
3329 2921 3446 2958 ma-

182 2999 331 3053 xime
361 2997 462 3051 aevi
494 2997 764 3064 sequioris
803 2996 1046 3062 Graecos,
1102 2997 1342 3068 adeoque
1377 2997 1588 3052 titulum
1616 2994 1840 3051 honoris
1873 3010 1996 3052 esse
2057 2997 2209 3063 illud,
2242 3011 2345 3051 non
2410 3012 2604 3052 nomen
2666 2998 2718 3050 in
2760 2997 3048 3051 Theodoro
3099 3006 3312 3058 nostro,
3368 2996 3446 3048 uti

183 3086 823 3153 animadverteruntjam
855 3085 1033 3150 inulti,
1073 3084 1349 3148 Barthius,
1380 3085 1726 3148 Gaulminns,
1760 3083 2065 3150 Fabricius,
2097 3095 2206 3141 etc.
2264 3086 2532 3140 Caeterum
2593 3095 2728 3140 tetas
2786 3083 3087 3147 Theodori,
3151 3092 3349 3154 praeter
3379 3098 3443 3137 ea

183 3191 310 3247 qua:
338 3173 592 3244 superius
618 3175 874 3240 diximus,
911 3174 1265 3229 confirmatur
1295 3189 1361 3229 ex
1399 3177 1482 3230 his
1513 3174 1758 3244 epistolis
1785 3173 1990 3229 nostris
2025 3191 2040 3241 ;
2071 3189 2137 3229 ex
2166 3183 2436 3243 postrema
2469 3173 2680 3228 scilicet
2718 3186 2837 3241 qua:
2872 3173 2936 3226 ad
2970 3171 3282 3243 Gregorium
3314 3171 3451 3227 scri-

184 3266 358 3330 bitur,
373 3264 465 3316 ὅτε
487 3255 621 3334 ἦλθε
647 3260 787 3332 πρὸς
812 3262 872 3314 τὸ
899 3262 1089 3334 νησίον
1115 3265 1144 3316 ὁ
1165 3262 1470 3330 entheata;
1494 3261 1651 3333 ἡμῶν
1671 3260 1942 3332 δεσπότης
1970 3262 2081 3315 ἀπὸ
2103 3263 2198 3318 τοῦ
2226 3261 2624 3334 πατριαρχείου
2655 3260 3022 3332 ἀρρωστήσας
3049 3261 3143 3313 καὶ
3168 3276 3449 3330 παραιτη-

188 3352 436 3424 σάμενος
454 3368 470 3382 ο
498 3352 710 3422 quando
737 3353 806 3405 ad
835 3351 1068 3406 insulam
1091 3354 1224 3406 venit
1244 3352 1604 3406 sanctissimus
1636 3352 1882 3405 dominus
1904 3361 2082 3405 noster
2112 3369 2140 3405 ι
2167 3350 2539 3420 patriarrltatu
2567 3359 2680 3417 post
2704 3350 2945 3402 morbum
2966 3358 3016 3402 et
3037 3348 3445 3403 abdicationem.

189 3440 368 3496 hemo
398 3440 489 3494 hic
515 3455 622 3495 non
648 3447 904 3510 agnoscet
929 3437 1246 3494 Michaelem
1273 3438 1339 3503 ll,
1364 3438 1578 3495 Oxitein
1603 3439 1831 3505 dictum,
1856 3439 1948 3510 qui
1981 3454 2105 3492 cum
2175 3455 2266 3494 an.
2305 3439 2440 3494 1145
2499 3439 2663 3493 Leoni
2720 3438 3018 3508 Styppiota:
3065 3439 3444 3500 successisset,

196 3541 321 3600 post
345 3543 524 3583 annos
555 3527 694 3583 duos
723 3541 1041 3597 mensesque
1069 3534 1194 3583 octo
1226 3543 1363 3597 quos
1390 3529 1507 3596 ejus
1532 3527 1644 3582 sedi
1672 3525 1950 3597 Philippus
1972 3526 2202 3599 Cyprius
2226 3540 2390 3598 atque
2418 3543 2606 3584 omnes
2631 3528 2718 3582 alii
2760 3527 3192 3598 patriarcharum
3220 3526 3446 3594 Cela-'ogi

189 3621 466 3684 tribuunt,
488 3631 545 3671 se
567 3616 939 3685 patriarchatu
972 3615 1264 3683 abdicavit,
1286 3616 1577 3670 utNicetas
1598 3614 1713 3686 (45)
1743 3626 1797 3668 et
1817 3617 2115 3672 Cinnamus
2138 3613 2249 3688 ($6)
2277 3616 2542 3671 scribunt.
2567 3615 2742 3685 Atque
2764 3615 2891 3669 hinc
2919 3616 3270 3669 conﬁrmatur
3303 3612 3450 3681 quod

188 3720 305 3763 erat
339 3725 408 3763 ex
445 3707 567 3761 aliis
625 3705 992 3760 meuuinentis
1019 3706 1374 3760 constitutum
1404 3721 1432 3759 a
1484 3705 1663 3771 nobis,
1698 3706 1946 3759 ﬂoruisse
1970 3703 2329 3758 Prodromum
2377 3716 2550 3773 usque
2573 3705 2640 3756 ad
2671 3718 2756 3767 an.
2792 3702 2930 3757 1143
2959 3717 2974 3767 ;
3031 3699 3230 3756 addere
3281 3699 3446 3753 etiam

192 3810 490 3866 possumus
518 3810 608 3849 an.
647 3792 800 3848 1146.
835 3792 960 3848 Haec
989 3792 1198 3862 longius
1231 3793 1459 3848 fortasse
1484 3794 1552 3848 de
1585 3794 1853 3862 scriptore
1886 3802 2097 3859 nostro,
2132 3795 2199 3847 de
2223 3807 2331 3862 quo
2359 3802 2486 3848 sunt
2512 3791 2686 3847 ferme
2741 3792 2920 3846 omnia
2953 3799 3010 3844 ut
3036 3789 3184 3848 vides
3246 3789 3450 3843 obscu-

190 3885 585 3950 rissima;nee
615 3891 794 3936 tamen
819 3898 919 3936 nos
959 3880 1166 3950 aliquid
1198 3883 1599 3936 nonilluxtrare
1628 3884 1898 3952 cupimus.
1967 3880 2120 3949 Quod
2151 3877 2411 3950 epistolas
2460 3886 2674 3950 spectat
2730 3886 2857 3931 sunt
2910 3876 3012 3931 illa:
3069 3891 3294 3930 numero
3355 3875 3444 3939 14,

198 3988 456 4042 magnam
493 3979 701 4040 partem
735 3969 1258 4038 0lliciosa:,qnaaque
1288 3971 1356 4024 ab
1413 3969 1534 4023 aliis
1599 3983 1850 4042 acceptas
1873 3969 2134 4041 epiSIolas
2186 3969 2525 4022 tandantaut
2585 3969 2800 4020 easdem
2853 3973 3114 4033 expetunt
3171 3980 3275 4017 non
3331 3966 3450 4017 sine

195 4065 380 4131 aliqua
420 4057 844 4113 intermissionis
873 4071 1059 4110 earum
1090 4057 1332 4125 querela.
1369 4056 1684 4124 Eloquentia
1727 4069 1903 4113 tamen
1941 4056 2172 4111 hominis
2203 4064 2382 4110 exstat
2411 4055 2570 4123 plane
2623 4054 2935 4122 singularis,
2984 4069 3104 4121 quae
3174 4056 3224 4106 in
3254 4054 3444 4106 cutem

195 4155 524 4220 argumento
555 4159 730 4213 eoque
763 4142 967 4211 vulgari
996 4144 1156 4197 habet
1189 4143 1547 4198 nihilominus
1576 4159 1792 4213 semper
1821 4144 2023 4213 aliquid
2056 4144 2202 4212 quod
2267 4144 2528 4200 delectat.
2565 4143 2797 4198 Morosis
2850 4141 3152 4209 praesertim
3211 4139 3449 4194 homini-

195 4243 298 4291 bus
321 4236 416 4306 qui
449 4249 615 4304 genus
648 4231 775 4285 illud
807 4230 1087 4286 fastidierit
1124 4231 1483 4286 redundantis
1533 4240 1589 4284 et
1638 4233 1792 4300 quasi
1824 4232 2156 4287 lascivientis
2216 4234 2503 4296 orationis,
2563 4227 2921 4301 reputandum
2979 4239 3082 4293 est,
3134 4243 3239 4283 non
3297 4230 3451 4281 aliter

193 4327 441 4380 scribere
468 4328 566 4376 hoc
603 4333 847 4389 tempore
877 4319 1228 4386 consuevisse
1285 4319 1377 4388 qui
1419 4320 1562 4389 apud
1599 4315 1817 4375 Graecos
1870 4319 2172 4376 doctissimi
2215 4330 2377 4391 atque
2412 4319 2842 4389 eloquentissimi
2917 4315 3276 4378 habebantur,
3340 4317 3449 4368 ituo

197 4416 491 4468 historicos
515 4410 683 4479 ipsos,
717 4416 863 4463 utex
895 4403 1107 4469 Nieeta,
1142 4406 1293 4460 Anna
1314 4405 1593 4460 Contnena
1623 4407 1856 4476 aliisque
1890 4418 2125 4464 constat.
2158 4407 2342 4463 llestat
2390 4418 2448 4462 ut
2483 4409 2549 4462 de
2580 4407 3026 4476 interpretatione
3076 4419 3194 4457 mea
3246 4403 3443 4456 dicam.

197 4501 265 4554 Et
297 4502 528 4571 primum
577 4511 675 4552 cur
713 4495 898 4550 ltalice
930 4500 1144 4549 vertere
1169 4495 1265 4546 has
1291 4491 1572 4549 Prodromi
1607 4495 1818 4550 litteras
1844 4498 2127 4550 maluerim
2156 4495 2178 4548 ?
2205 4496 2400 4550 Verum
2427 4495 2530 4548 hoc
2585 4509 2652 4548 ex
2701 4509 2785 4548 me
2839 4493 2928 4561 qui
3001 4489 3444 4545 IttoleSllSSimttttt

213 4591 320 4644 hoc
353 4586 885 4651 tricosissimumqne
914 4582 1307 4648 interpretandi
1338 4583 1614 4652 negotium
1648 4584 1942 4652 aliquando
1998 4595 2378 4653 susceperunt,
2413 4598 2507 4638 eos
2559 4581 2882 4652 quaesituros
2941 4595 3046 4634 non
3111 4590 3258 4648 puto.
3305 4579 3449 4632 Satis

195 4678 344 4731 enim
371 4687 571 4730 norunt
603 4684 808 4743 quanto
839 4672 1178 4725 commodius
1200 4669 1402 4728 Grzecis
1437 4670 1619 4726 Italica
1653 4673 2016 4742 respondeant
2048 4689 2210 4741 quam
2240 4673 2456 4736 Latina,
2486 4670 2596 4726 Cur
2628 4671 2788 4740 igitur
2812 4671 2986 4724 minus
3024 4671 3126 4724 hoc
3159 4669 3291 4724 mihi
3329 4683 3446 4722 mo-

201 4766 379 4820 lestia:
421 4779 525 4816 non
562 4776 813 4831 caperem
845 4760 868 4813 ?
901 4761 1080 4814 minus
1111 4759 1274 4812 etiam
1319 4759 1639 4825 lectoribus,
1677 4776 1813 4831 quos
1849 4763 2020 4815 ferme
2055 4760 2223 4814 Italici
2280 4759 2549 4815 sermonis
2607 4775 2709 4811 non
2765 4759 3050 4824 imperitos
3116 4757 3448 4811 obventuros

213 4851 348 4904 nubi
380 4848 688 4917 sperabam,
719 4846 1036 4899 exhiberem
1065 4843 1088 4898 3
1122 4842 1314 4898 Postea
1343 4853 1524 4898 tamen
1559 4859 1680 4898 cum
1712 4859 1895 4901 essent
1930 4850 2022 4918 qui
2065 4847 2314 4902 Latinam
2376 4846 2871 4917 interpretationem
2926 4844 3252 4914 ﬂagitarent,
3278 4855 3444 4899 totum

206 4938 258 4990 id
294 4935 498 5006 negetii
530 4935 704 4987 amico
725 4934 868 4994 dedi,
907 4933 998 5001 qui
1035 4943 1276 4985 nostram
1306 4948 1429 4986 cum
1452 4933 1701 4994 vidisset,
1727 4949 1757 4988 e
1779 4933 1987 4991 ϐιηθεὶς
2024 4946 2201 4990 tamen
2235 4951 2386 4990 suam
2416 4937 2728 4990 adornavit.
2769 4935 2956 5004 itaque
2992 4935 3038 4988 si
3097 4935 3217 4989 haec
3248 4932 3443 4988 alicubi

204 5027 484 5091 discrepat
518 5038 547 5076 a
587 5037 727 5086 mea,
762 5039 866 5074 non
905 5035 1116 5083 recuso,
1153 5023 1445 5090 quominus
1483 5021 1563 5074 illi
1591 5023 1770 5092 petius
1804 5023 1975 5078 lector
2011 5026 2213 5078 haereat
2240 5041 2399 5093 quam
2428 5038 2582 5078 meae.
2611 5021 2722 5094 Ego
2757 5025 2809 5078 in
2838 5023 3044 5079 Graecis
3068 5024 3442 5091 exprimendis

204 5113 373 5184 paulo
409 5113 642 5165 lortasse
671 5107 895 5164 liberius
927 5119 1174 5163 versatus
1195 5125 1338 5163 sum.
1372 5108 1629 5164 Nolebam
1661 5113 1806 5164 enim
1832 5112 2016 5166 ltalica
2057 5112 2324 5187 legentem
2360 5128 2464 5166 non
2501 5121 2608 5165 tam
2647 5112 2830 5167 Italica
2864 5114 3025 5166 verba
3062 5124 3116 5166 et
3140 5127 3445 5165 sermonem

206 5208 453 5257 nostrqu
485 5197 728 5252 invenire
763 5213 923 5266 quant
954 5195 1201 5252 Graecum
1227 5212 1320 5251 seu
1354 5199 1665 5253 barbarum.
1697 5198 1800 5252 Sed
1834 5210 1889 5254 ut
1921 5202 1970 5253 iu
2003 5202 2221 5255 caeteris
2258 5203 2336 5253 ita
2364 5200 2451 5254 hic
2482 5201 2656 5256 multo
2713 5202 2884 5270 magis
2921 5215 3015 5256 sua
3070 5201 3271 5270 cuique
3302 5201 3438 5254 ratio

205 5301 263 5344 et
290 5287 580 5343 consilium
595 5285 885 5356 placet.Ut
911 5283 1094 5340 Graeca
1123 5289 1307 5341 darem
1342 5286 1670 5340 correctiora
1699 5287 1765 5340 ad
1789 5287 1968 5344 Vatie.
2000 5293 2122 5344 cod.
2155 5288 2354 5351 εδει.
2385 5304 2545 5359 quem
2579 5291 2831 5360 superius
2868 5288 3154 5359 descripsi,
3189 5286 3404 5355 confugi
3434 5308 3446 5344 :

207 5377 392 5432 attulit
415 5374 580 5430 etiam
611 5387 767 5443 opem
784 5373 1023 5442 aliquam
1055 5374 1108 5429 in
1139 5375 1411 5429 nonnullis
1431 5390 1548 5443 qua:
1576 5376 1887 5429 eontiuebat
1912 5377 2152 5446 ejusdem
2190 5377 2308 5434 Vat.
2345 5379 2472 5438 bibl.
2497 5376 2630 5432 Cod.
2664 5378 3100 5434 Othobouianus.
3133 5377 3190 5432 In
3229 5378 3450 5431 varian-

210 5467 353 5522 tibus
413 5462 737 5523 lectionibus
785 5462 1109 5520 exhibendis
1146 5465 1257 5520 sive
1286 5462 1637 5519 emendandis
1654 5467 1855 5520 nostris
1870 5469 2101 5536 primum
2133 5467 2364 5522 iudicavi
2393 5468 2568 5523 littera
2587 5465 2628 5522 C
2648 5468 2760 5524 sive
2785 5466 3051 5539 cunt'Cod.
3081 5465 3198 5522 Vat.
3222 5465 3449 5540 prtecis:

283 5624 397 5705 “Et
431 5621 609 5705 .593?!-
640 5623 727 5705 ιο..
1366 5699 1392 5705 _

1366 5699 1392 5705 _
1956 5631 2065 5705 (ιδ)
2097 5631 2211 5705 Lib.
2250 5646 2304 5688 ιι,
2343 5643 2487 5681 num.
2525 5627 2576 5683 5.

285 5692 400 5772 μζ)
430 5694 487 5772 in
517 5692 886 5772 Manutiomn.‘
910 5695 1005 5752 lib.
1044 5711 1142 5762 vn,
1176 5712 1329 5754 nunt.
1363 5699 1419 5752 ‘2.
1957 5692 2067 5772 (46)
2099 5704 2213 5755 Lib.
2241 5717 2300 5762 ιι,
2330 5711 2437 5756 etc.

287 5764 398 5842 (Η)
426 5767 506 5817 Att
537 5780 631 5819 an.
661 5764 788 5821 Mli.

530 5860 805 5922 Ριιτιιοι..
840 5861 955 5923 Gn.
991 5860 1335 5926 CXXXII].

3058 5865 3133 5927 35
