4042 6206
1004 410 1109 476 Εἰς
1137 408 1255 478 τὴν
1281 398 1634 463 ἀνάστασιν.

539 502 636 556 Ναὶ
660 500 758 568 λὰξ
784 499 1000 556 ὲνάλλου
1025 500 1106 571 τῷ
1143 498 1377 569 θανάτῳ,
1412 495 1614 569 Χριστέ
1644 514 1768 568 μου,

537 595 641 651 Ναὶ
671 590 871 665 πλῆττε
899 593 998 665 τὴν
1026 592 1307 661 ἄπληστον
1335 590 1501 664 ’ᾼδου
1530 587 1796 662 γαστέρα,

537 686 684 750 Ἕως
705 686 771 740 ἂν
797 682 893 747 οὓς
930 683 1186 739 πέπωκεν
1218 683 1573 757 ὲξαναπτύσῃ
1592 700 1606 714 ·

537 777 646 830 Καὶ
667 776 757 830 λύε
788 775 916 841 τοὺς
951 774 1244 845 σχεθέντας
1274 774 1424 846 αὐτῷ
1458 775 1730 846 δεσμίους.

1098 886 1205 950 Εἰς
1244 885 1310 939 τὸ
1341 886 1508 942 αὑτό.

542 1006 767 1074 Ἐγρεο,
790 1002 1208 1074 πρωτόπλαστε,
1249 1000 1598 1071 παλαιγενὲς,
1634 1001 1794 1074 ἔγρεο
1837 1006 2075 1077 τύμϐου*

539 1095 722 1164 Κάμὲ,
755 1093 915 1162 Λόγε,
946 1092 1248 1164 ξυνάειρον,
1276 1093 1406 1160 ἐμὸς
1427 1091 1482 1147 δέ
1511 1111 1604 1150 κεν
1630 1088 1736 1159 uit;
1753 1096 2008 1170 ὲτύχοης,

541 1188 697 1258 Κάμὲ
726 1187 804 1254 δὲ,
833 1187 1169 1258 παμμεδέων
1188 1202 1202 1219 ·
1241 1184 1369 1257 μηδ’
1396 1188 1568 1255 ἡμέες
1606 1181 1708 1241 ὧδε
1742 1190 2039 1261 μενοῦμεν.

543 1281 773 1341 Πανσοόὶ
797 1281 974 1336 πάντα
1005 1279 1148 1351 φόως
1190 1278 1566 1351 ποτιδέρκεσθ⁸
1605 1281 1764 1338 ἔθνεα
1791 1284 2022 1356 νεκρῶν.

978 1399 1084 1462 Εες
1114 1397 1223 1464 τὰς
1242 1400 1647 1466 μυροφόρους.

548 1506 790 1572 Ἰωάννα,
824 1506 948 1573 ποῦ,
993 1507 1120 1574 ποῦ,
1156 1505 1411 1578 Σαλώμη,
1449 1509 1760 1581 συντρέχεις

535 1600 668 1674 ttan
697 1602 962 1673 Μαριάμ;
1009 1602 1105 1667 Εἰς
1134 1601 1315 1673 Ἰησοῦ
1346 1602 1436 1656 τὸν
1472 1604 1669 1673 τάφον.

547 1692 710 1763 Κάγὼ
739 1695 833 1748 σὺν
856 1695 1002 1766 ὑμῖν.
1033 1694 1142 1748 Ποῦ
1170 1696 1215 1749 δ’
1249 1698 1276 1750 ὁ
1305 1695 1495 1766 νεκρὸς
1524 1696 1732 1771 ὲκλάπη
1761 1717 1775 1767 ;

545 1787 654 1841 οὐκ
681 1787 916 1859 ὲκλάπη,
951 1789 1235 1857 γυναῖκες,
1266 1787 1402 1842 ἀλλὰ
1428 1787 1535 1854 ζῶν
1565 1790 1732 1862 μένει.

1057 1947 1126 2003 1η
1159 1950 1612 2006 resurrectionem.

601 2038 719 2099 Eia.
742 2039 957 2096 Christe
979 2043 1070 2109 mi,
1101 2042 1328 2112 pedibus
1346 2042 1607 2097 insultans
1650 2051 1874 2099 mortem
1900 2045 2114 2112 procul-

541 2147 644 2199 ca;
679 2134 759 2188 eia
784 2129 1158 2204 inexplebilem
1195 2133 1488 2189 inferorum
1531 2135 1842 2203 voraginem
1876 2138 2107 2207 corripe,

542 2227 712 2281 donec
741 2227 878 2297 ipsa,
911 2243 1046 2296 quos
1090 2227 1261 2283 hianti
1312 2228 1447 2284 rictu
1500 2229 1773 2294 exhausit,
1822 2240 2105 2301 revomat;

541 2328 596 2374 et
618 2319 862 2376 detentus
901 2321 970 2375 ibi
998 2319 1239 2390 captivos
1271 2321 1322 2375 in
1356 2321 1657 2377 libertatem
1687 2327 1889 2380 assere.

1192 2435 1258 2493 In
1293 2439 1447 2498 idem.

604 2552 822 2606 Anuose
865 2552 1059 2619 Adam,
1094 2552 1189 2622 qui
1239 2554 1390 2615 prior
1426 2554 1689 2608 formatus
1737 2569 1814 2621 es,
1870 2569 2102 2627 exsurge

539 2643 780 2712 tumulo;
816 2655 869 2700 et
921 2659 1028 2710 me,
1055 2659 1088 2701 ο
1119 2644 1377 2712 Verbum,
1407 2646 1606 2712 excita,
1636 2661 1752 2704 mea
1787 2647 1913 2703 item
1953 2647 2102 2706 fuisti

536 2736 783 2805 soboles;
811 2754 895 2795 me
924 2739 1112 2811 etiam,
1133 2741 1504 2810 potentissime
1528 2740 1673 2807 Rex;
1720 2742 1807 2798 hic
1835 2759 1937 2798 non
1962 2745 2086 2810 dia-

536 2830 642 2886 iius
690 2831 1063 2900 morabimur;
1100 2844 1363 2904 quantum
1416 2847 1775 2902 mortuorum.
1807 2836 1938 2892 estis
1991 2851 2098 2894 uno

535 2937 716 2980 sumes
740 2924 942 2996 impetu
972 2925 1143 2982 lucem
1167 2927 1414 2994 aspicite.

743 3040 820 3097 De
867 3041 1177 3095 mulieribus
1206 3053 1529 3113 unguentum
1578 3044 1880 3110 ferentibus.

599 3159 737 3226 Quo,
765 3157 997 3222 .loanua,
1024 3174 1152 3228 quo,
1184 3157 1419 3222 Salome,
1468 3158 1672 3213 citatim
1719 3160 1940 3216 curritis
1992 3177 2096 3216 una

525 3267 650 3308 cum
679 3253 877 3307 comite
914 3250 1124 3306 Maria?
1164 3249 1221 3306 In
1273 3251 1471 3308 Christi
1519 3253 1847 3322 sepulcrum.
1889 3254 1951 3309 Et
1999 3268 2098 3323 ego

531 3357 616 3398 me
641 3343 791 3399 vobis
813 3342 1122 3415 adiungam.
1160 3344 1276 3412 Quo
1317 3359 1443 3400 vero
1474 3345 1797 3400 subductum
1826 3354 1907 3401 est
1933 3347 2096 3402 cadas

532 3432 671 3488 ver?
726 3431 1076 3506 Nequaquam
1144 3445 1356 3504 raptum
1445 3444 1567 3502 est,
1639 3434 1928 3504 mulieres;
1971 3441 2094 3494 ‘sed

527 3524 681 3582 vivit.

1711 293 1814 354 TH
1823 293 2136 359 EODOR‘I
2180 298 2575 363 PRODROMl

2151 416 2204 472 Λ

3657 308 3783 375 1196

2823 414 2926 483 Εἰς
2952 413 3016 471 τὸ
3042 416 3208 472 αὑτό.

2227 503 2321 564 Τίς
2347 503 2481 559 λᾶαν
2514 507 2823 581 μτάειρεν,
2857 510 3145 581 ὑπιρμεγα
3171 511 3340 583 πῶμα
3365 510 3598 582 repeto;

2225 593 2319 658 Τίς
2345 595 2401 650 ὥ
2431 614 2490 651 τε
2513 599 2706 669 νεκρὸν
2734 602 2945 656 ἄνακτα
2975 601 3246 674 συλήσατο
3272 604 3481 674 τύμϐον
3503 603 3742 674 ὀρύξαςς

2223 685 2390 756 Σῶμα
2414 689 2604 759 νεκρὸν
2633 690 2819 745 συλάει
2840 692 3223 764 τυμϐωρύχος.
3260 693 3447 765 Αὐτὰρ
3495 693 3705 765 Ἰησοῦς

2227 779 2465 850 Ἔγρετ¹,
2495 781 2620 837 ἐπεὶ
2648 783 2782 849 Θεός
2807 787 2924 856 ἐστι
2942 801 2956 818 ο
2986 785 3178 858 Πέτρῳ
3202 788 3339 858 φάτι
3383 786 3584 857 ταῦτα,
3605 789 3791 856 γυναι-

3580 879 3721 952 [κες.

2751 973 2858 1038 Εἰς
2878 973 2967 1037 τὸ,
2996 973 3257 1042 Χαίρετε.

2221 1059 2293 1112 Τὸ
2321 1062 2478 1131 χαῖρε
2505 1063 2600 1115 καὶ
2618 1063 2748 1134 πρὶν
2779 1066 2979 1137 ἐρρέθη
3007 1068 3074 1138 τῇ
3110 1067 3404 1138 Παρθένῳ⁹

2220 1152 2293 1206 Τὸ
2313 1157 2471 1225 χαῖρε
2502 1157 2594 1209 καὶ
2627 1157 2720 1210 νῦν
2759 1161 2878 1220 ταῖς
2912 1159 3159 1228 γυναιξὶν
3190 1159 3417 1231 ἐρρέθη.

2229 1245 2295 1299 Ἠ
2329 1248 2428 1317 μὲν
2452 1247 2670 1303 δέδεκτο
2697 1253 2797 1323 τὴν
2820 1255 2998 1324 ,χαρὰν
3021 1252 3121 1325 τὴν
3146 1253 3368 1323 ὑψόθεν,

2218 1339 2285 1392 Ai
2323 1338 2378 1393 δὲ
2401 1340 2658 1411 κροτοῦσι
2680 1341 2777 1415 τὴν
2795 1344 2982 1416 ,χαρὰν
3002 1347 3100 1415 τὴν
3134 1346 3199 1399 ὲκ
3229 1344 3423 1414 τάφου.

2780 1435 2886 1500 Εἰς
2906 1433 2972 1495 τὸ
3002 1435 3172 1489 αὐτό.

2217 1518 2532 1594 Θηλυτέρῃς
2564 1522 2868 1597 προτέρῃσι
2893 1525 3225 1596 παλαιγενὲς
3257 1528 3459 1582 ἔπλετο
3486 1528 3694 1594 πένθος
3712 1545 3727 1562 ·

2217 1607 2535 1682 Θηλυτέρῃς
2575 1614 2877 1686 προτέρῃσι
2903 1618 3078 1687 χαρὰν
3105 1616 3242 1684 ιδότο
3273 1619 3511 1689 Χριστὸς
3538 1621 3797 1688 ἀναστάς.

2218 1699 2412 1773 Γήθευ,
2436 1702 2476 1775 σε’
2498 1703 2700 1775 κόσμος
2720 1705 2885 1774 ἅπας,
2920 1710 3118 1780 χειρῶν
3145 1710 3189 1765 δ’
3212 1711 3311 1765 ἐπὶ
3330 1710 3596 1783 κύμϐαλα
3618 1715 3798 1783 παῖζε,

2151 1779 2193 1836 Β
2220 1795 2378 1852 Ὀττι
2412 1795 2461 1850 σ⁹
2492 1796 2625 1865 ἄναξ
2647 1799 2935 1873 ἀνέγειρεν
2970 1803 3150 1858 ’Δῒδαο
3173 1804 3236 1858 ὲκ
3264 1779 3588 1866 πυλεῶνων.

2871 1959 2938 2018 1η
2972 1965 3128 2020 idem.

2294 2047 2426 2116 Quis
2457 2050 2726 2131 ingentem
2755 2052 3011 2124 lapidem,
3040 2072 3149 2128 quo
3181 2069 3597 2116 monumentum
3625 2074 3794 2133 conte

2216 2139 2379 2211 gitur,
2400 2141 2505 2197 alio
2532 2142 2806 2199 traduxit?
2833 2144 2967 2212 Quis
2991 2147 3117 2202 item
3146 2151 3527 2220 sepulcrorum
3549 2150 3795 2213 effracta!

2214 2239 2480 2286 mortuum
2499 2230 2699 2302 Regem
2721 2234 2987 2306 sacrilege
3009 2237 3165 2293 tulit?
3185 2240 3281 2295 soli
3299 2255 3648 2300 mortuorum
3666 2259 3794 2314 pras-

2213 2322 2432 2379 datores
2455 2324 2714 2380 cadavera
2739 2327 2942 2382 violant
2961 2345 2974 2383 :
2995 2329 3103 2384 imo
3142 2329 3299 2389 Iesus
3351 2344 3549 2405 suapte
3578 2339 3797 2408 virtute,

2215 2427 2335 2469 cum
2370 2415 2690 2483 sitDeus,a
2740 2420 2970 2477 mortuis
3012 2423 3279 2494 surrexit;
3335 2426 3386 2480 id
3438 2430 3588 2499 quod
3643 2429 3795 2489 Petre

2201 2509 2513 2578 .edisserite,
2538 2509 2808 2568 mulieres.
2995 2585 2998 2589 .

2802 2607 2868 2661 In
2898 2610 2951 2663 id
2982 2626 3001 2664 :
3047 2612 3220 2667 Aucte.

2274 2694 2431 2751 Prius
2463 2697 2675 2766 quidem
2712 2699 2915 2771 Virgini
2949 2704 3064 2760 Ave
3108 2707 3530 2776 prmnuntiatum
3583 2713 3793 2780 fuerat;

2209 2801 2347 2840 nunc
2371 2801 2533 2856 porro
2563 2789 2750 2843 eadem
2813 2793 3135 2852 mulieribus
3165 2799 3422 2856 salutatio
3459 2804 3789 2872 replicatur;

2203 2876 2290 2930 illa
2319 2878 2529 2945 quidem
2561 2879 2744 2933 laetitia
2791 2883 3000 2940 caelitus
3038 2888 3253 2957 perfusa
3285 2901 3387 2957 est,
3434 2894 3558 2950 ista:
3604 2895 3781 2950 hilari-

2205 2970 2442 3024 tudinem
2471 2985 2502 3025 e
2535 2971 2738 3026 tumulo
2762 2989 2879 3028 cum
2913 2977 3101 3046 plausu
3126 2992 3426 3053 reportant.

2863 3068 2929 3123 In
2961 3073 3121 3127 idem.

2281 3157 2538 3217 Omnium
2565 3165 2751 3230 prima:
2774 3163 3027 3219 mulieres
3053 3165 3343 3234 patientem
3371 3168 3660 3228 Christum
3683 3172 3785 3231 elu-

2205 3262 2432 3321 xerunt;
2465 3254 2702 3308 omnium
2755 3254 2958 3324 primas
3009 3259 3135 3312 item
3191 3260 3448 3318 mulieres
3489 3272 3785 3336 resurgens

2203 3345 2453 3401 Christus
2480 3347 2844 3403 exsultatione
2875 3349 3116 3418 perfudit
3165 3369 3180 3408 :
3232 3355 3444 3423 gaudiis
3482 3357 3727 3426 exsulta,
3759 3371 3786 3410 r

2201 3438 2372 3500 orbis.
2405 3438 2652 3509 cymbala
2695 3441 2946 3496 manibus
2981 3432 3212 3513 pulsato,
3242 3444 3384 3515 quod
3415 3454 3470 3501 te
3498 3463 3598 3505 rex
3628 3447 3784 3506 Chri-

2198 3540 2316 3590 stus
2353 3533 2419 3588 ab
2449 3533 2743 3591 inferorum
2778 3522 3062 3595 vestibulis
3091 3540 3366 3598 extulerit.

1903 3873 2380 3964 ΜΑΡΚΟΣ.

1891 4188 2394 4286 MARCUS.

977 4503 1082 4571 Εἰς
1112 4501 1222 4556 τὸν
1250 4501 1605 4572 μογιλάλον.

530 4597 734 4672 ’ἰατρὸν
757 4597 954 4669 εὑρὼν,
985 4595 1301 4668 μογγιλόιλε,
1331 4595 1419 4650 τὸν
1453 4595 1649 4665 Λόγον,

516 4695 628 4767 Τὴν
652 4692 903 4763 γλῶσσαν
933 4689 1167 4760 ὑγίαινε,
1197 4691 1289 4743 καὶ
1323 4689 1538 4760 τρανῶς
1571 4686 1696 4756 λέγε
1717 4704 1731 4719 ο

515 4787 620 4843 Τοῦ
651 4786 759 4858 γὰρ
781 4785 955 4853 Λόγου
980 4783 1267 4854 παρόντος,
1303 4782 1362 4835 οὗ
1407 4780 1699 4849 φθέγξαιτό
1725 4778 1763 4851 γ
1793 4796 1913 4848 τιςς

513 4881 628 4935 Καὶ
653 4877 748 4933 τοῦ
779 4876 966 4949 ἰατροῦ
996 4873 1415 4947 μογγιλαλήσειέ
1443 4891 1526 4936 τις
1550 4890 1563 4939 ς

1077 4969 1182 5033 Εἰς
1207 4965 1275 5020 τὸ
1313 4965 1484 5020 αὑτό.

514 5062 860 5136 Μογγιλάλου
891 5060 1146 5133 γλῶσσάν
1169 5058 1291 5114 ποθ’
1321 5058 1574 5130 ὑγίασας,
1609 5052 1653 5112 ὢ
1679 5058 1781 5115 ἄν).
1816 5056 2040 5129 Χριστὲ,

773 5230 838 5286 ἶιι
875 5247 992 5286 eum
1024 5231 1110 5300 qui
1147 5230 1397 5300 impedita
1454 5237 1566 5284 erat
1597 5229 1794 5300 lingua.

567 5326 670 5393 Tu,
703 5327 792 5396 qui
819 5339 959 5395 aegre
987 5325 1245 5396 loqueris,
1274 5324 1494 5379 invento
1522 5324 1730 5378 medico
1757 5320 1848 5377 Dei
1881 5319 2073 5380 Verbo.

2117 4506 2164 4562 D
2193 4499 2300 4556 Καὶ
2334 4500 2475 4572 μετὰ
2497 4500 2548 4554 ol
2582 4501 2828 4573 χείλεσφι
2857 4500 3019 4571 λόγον
3054 4499 3223 4572 πόρες
3252 4499 3623 4571 ἁγλαόφωνον
3641 4515 3661 4535 ο
3723 4532 3730 4538 -

2187 4593 2375 4664 Αὐτὰρ
2400 4592 2530 4664 ἐμὸν
2551 4593 2970 4665 βραδύγλωσσον
2994 4591 3088 4647 ἐπὶ
3122 4593 3300 4663 στόμα
3330 4594 3509 4665 γῆρυν
3534 4591 3770 4651 ὀπάσαις

2187 4686 2618 4759 Κραιπνοὸάτιν,
2645 4687 2936 4758 ταχέεσσιν
2967 4687 3297 4758 ὲῖσκομένην
3328 4688 3648 4755 πετεηνοῖς.

2251 4825 2353 4890 Εἰς
2378 4821 2496 4890 τὴν
2531 4821 2604 4876 τὰ
2632 4821 2741 4878 δύο
2764 4823 2958 4877 λεκτὰ
2985 4820 3450 4892 προενέγκασαν
3481 4820 3716 4890 χήραν.

2185 4960 2369 5031 Ψυχὴ,
2409 4959 2600 5013 παθῶν
2619 4960 2821 5029 χήρευε
2854 4959 2964 5011 τῶν
2991 4956 3304 5029 όμοξύγων,Δ

2181 5054 2292 5109 Καὶ
2312 5053 2482 5107 λεπτὰ
2511 5052 2843 5124 προσκόμιζε
2870 5050 2946 5122 τῷ
2977 5050 3134 5122 Λόγῳ
3154 5049 3266 5115 δύο,

2192 5221 2410 5277 Christe
2443 5222 2576 5286 Rex,
2606 5202 2925 5275 transmissa
2959 5217 3076 5286 eius
3097 5215 3258 5271 labiis
3285 5215 3574 5272 articulata
3603 5231 3758 5285 voce,

2191 5314 2323 5370 mihi
2369 5329 2498 5369 vero
2557 5328 2698 5369 nunc
2748 5327 2845 5368 ore
2897 5311 3206 5380 tardiloquo
3251 5309 3515 5365 laboranti
3569 5325 3755 5367 vocent

515 5423 696 5491 lingua
728 5419 870 5476 belle
894 5427 946 5473 te
977 5419 1197 5483 habeas,
1219 5418 1466 5488 expedite
1490 5417 1748 5486 loquere;
1775 5428 1900 5468 num
1932 5411 2074 5467 enim
2188 5410 2450 5482 praebeas,
2475 5409 2545 5464 ita
2565 5407 2891 5478 expeditam,
2920 5414 2977 5460 ut
3002 5404 3307 5476 pernicibus
3329 5403 3552 5460 alitibus
3581 5404 3747 5462 simil.

511 5515 682 5585 possit
704 5513 840 5579 fieri,
873 5521 929 5569 ut
956 5511 1075 5582 quis
1120 5518 1384 5582 przesente
1414 5509 1588 5566 Verbo
1641 5523 1746 5564 non
1787 5505 2080 5576 loquatur?
2186 5505 2311 5558 lima
2342 5503 2431 5559 sit.

511 5615 606 5663 aut
633 5621 813 5667 coram
855 5605 1064 5662 medico
1095 5619 1220 5659 num
1250 5603 1376 5673 quis
1407 5601 1680 5657 balbutire
1710 5598 1928 5670 potest?

1169 5697 1235 5752 In
1264 5697 1422 5751 idem.

571 5793 925 5852 Balbatieutis
956 5792 1191 5851 hominis
1238 5790 1477 5860 linguam
1525 5785 1798 5859 quondam
1835 5783 2060 5850 sanasti,

2455 5593 2532 5647 De
2565 5592 2720 5647 vidua
2757 5593 2901 5646 binos
2934 5591 3189 5646 teruntios
3211 5593 3476 5661 oﬁ‘erenle.
3578 5647 3581 5651 ,

2255 5687 2464 5742 intimis
2488 5685 2788 5752 affectibus,
2818 5685 3024 5753 tibique
3042 5694 3236 5740 natura
3263 5683 3746 5756 coniunctissimis.

2183 5798 2215 5838 o
2259 5782 2457 5844 anima,
2488 5789 2604 5838 esto
2655 5778 2840 5845 vidua,
2883 5778 3200 5848 duobusque
3271 5780 3488 5835 minutis
3539 5775 3745 5837 assibui
