3880 6206
153 380 280 451 1201

663 508 767 574 Εἷς
799 506 904 562 τὸν
935 506 1198 564 ἄσωτον.

159 595 260 666 Τὴν
282 595 378 668 σὴν
403 596 812 670 δαπανήσαντα,
851 601 1058 673 Σῶτερ,
1090 603 1301 670 οὐσίαν,

160 687 260 740 Καὶ
291 688 822 761 χοιροὸοσκήσαντα,
848 693 987 766 πλὴν
1021 695 1334 766 στραφέντα
1375 715 1442 768 με

157 779 320 843 Φιλεῖς
345 780 622 850 ὑπαντῶν,
655 784 751 839 καὶ
781 788 1006 858 κρατεῖς
1036 785 1128 842 ὐπ’
1151 788 1426 858 ἀγκάλην.

160 871 216 925 Ὠ
247 873 535 947 σπλάγχνα
563 880 766 950 πατρός
793 880 809 935 Ῑ
834 881 918 943 τίς
944 881 1159 950 φρονῶν
1194 883 1522 951 ἀπελπίσει;

711 974 816 1039 Εἰς
860 978 925 1029 τὸ
961 975 1132 1030 αὐτό.

156 1061 435 1136 Δεξιτερὴν
464 1064 729 1135 παλάμην
762 1082 855 1136 μοι
876 1064 964 1118 ἐπ’
994 1067 1206 1139 αὐχένι,
1234 1067 1449 1135 τέκνον,
1481 1073 1716 1145 ἀνάρτα,

158 1154 314 1219 Ἷζεο,
350 1156 443 1211 τὸν
466 1156 754 1212 δακτύλιον
789 1158 930 1229 ἀμφ’
962 1160 1027 1214 ἑὰ
1057 1160 1298 1215 δάκτυλα
1347 1162 1572 1233 βάλλευ.

155 1246 337 1317 Δμῶες
363 1247 512 1321 ἐμοὶ,
548 1249 643 1303 τὸν
672 1250 898 1321 ἄριστον
937 1253 1145 1324 ἰκρίοφι
1173 1252 1373 1309 θύσατε
1405 1256 1644 1327 μόσχονο

153 1337 355 1412 Nape;
388 1343 417 1396 ὁ
448 1343 576 1408 παῖς
600 1342 720 1397 ποτ’
757 1342 854 1414 ἔην
886 1347 981 1400 καὶ
1013 1345 1300 1417 ἄμπνυτο·
1328 1348 1555 1421 χαίρετε
1581 1350 1718 1404 πάν-

1050 1469 1051 1472 γ
1508 1437 1623 1511 [τες

338 1524 444 1593 Εἷς
471 1525 581 1579 τὸν
612 1527 930 1596 πλούσιον,
965 1530 1062 1584 καὶ
1098 1529 1208 1585 τὸν
1234 1530 1521 1602 Λάζαρον.

161 1616 217 1673 '0
239 1617 497 1684 πλούσιος
530 1618 660 1686 ζῶν,
686 1622 781 1675 καὶ
805 1622 1137 1694 τελευτήσας
1163 1625 1358 1697 πένης,

149 1709 243 1764 Τδν
268 1711 452 1775 ζῶντα
476 1713 578 1786 μὲν
607 1715 816 1784 πένητα
846 1715 1008 1786 μέχρι
1038 1719 1138 1773 καὶ
1161 1719 1428 1790 τρύφους,

147 1802 378 1856 θανόντα
409 1803 468 1856 δὲ
493 1805 770 1871 πλούσιον,
811 1809 1058 1880 αἰτήσεις
1100 1810 1265 1880 ὕδωρ,

157 1891 287 1947 Ἀλλ’
316 1895 379 1948 οὐ
415 1893 620 1969 λάὅῃςο
654 1896 714 1949 τὸ
740 1898 930 1966 χάσμα
958 1900 1054 1952 καὶ
1085 1900 1193 1973 γὰρ
1228 1900 1302 1968 ὡς
1342 1904 1507 1973 μέγα.

717 1989 821 2053 Είς
854 1988 919 2043 τὸ
948 1992 1118 2047 αὐτό.

146 2075 365 2133 metiore
388 2078 523 2151 τῷδε
545 2079 741 2150 πένητι
769 2081 910 2135 δίδου
948 2081 1184 2154 τρύφος·
1220 2083 1441 2138 ἔσσεται
1480 2079 1637 2156 ἦμαρ

154 2169 384 2226 ὀππότε
408 2172 506 2226 κέν
540 2189 635 2245 μιν
661 2173 845 2246 ἀρήσῃ
872 2175 1026 2247 ὑγρῷ
1052 2177 1183 2248 περὶ
1207 2177 1383 2247 χεῖλος
1416 2175 1639 2246 ἀλεῖψαι

147 2263 354 2331 ’Υδατι,
384 2266 686 2335 καιομένην
714 2266 769 2321 δὲ
796 2268 931 2338 πυρὶ
952 2268 1306 2340 δροσίσασθαι
1334 2270 1614 2339 γλῶσσαν.

156 2355 306 2412 Ἀλλά
338 2358 363 2412 ἑ
392 2358 580 2430 χάσμα
607 2358 859 2414 κολούσει
886 2360 1179 2433 ὑπέρμεγα
1210 2362 1378 2431 ἐγγὺς
1403 2363 1640 2419 ἱκέσθαι.

467 2450 571 2519 Είς
610 2451 885 2519 ίαθέντας
909 2451 1056 2506 δέκα
1082 2453 1366 2524 λεπρούς.

154 2538 208 2594 '0
227 2541 580 2615 Σαμαρείτης
607 2545 927 2615 εὐχαριστεῖ
955 2544 1034 2616 τῷ
1062 2546 1248 2619 Λόγῳ,

155 2629 209 2686 '0
235 2632 606 2707 Σαμαρείτης,
633 2637 760 2701 τοὺς
786 2637 842 2690 δὲ
871 2635 1094 2702 λοιποὺς
1119 2640 1278 2695 ἐννέα

145 2725 294 2797 Δεινὴ
327 2726 589 2800 συνέσχεν
617 2729 949 2800 ἀχαριστίας
981 2732 1140 2798 νόσος
1159 2748 1173 2762 ·

149 2817 385 2875 ὀλοινιο
413 2824 602 2889 κακῶς
637 2825 731 2879 καὶ
756 2825 1091 2896 λεπρωθεῖεν
1126 2827 1312 2886 πάλιν.

657 2919 762 2985 Εις
794 2920 887 2986 τὸ,
908 2922 1174 2990 Χαίρετε.

143 3005 351 3064 Δώδεκα
376 3008 476 3079 μὲν
501 3010 761 3081 Χριστοῖο
786 3012 1043 3084 μαθητῶν
1072 3012 1252 3072 ἔπλετ’
1273 3018 1524 3092 ἀριθμὸς,

734 3149 814 3228 De
841 3174 1081 3245 prodigo.

200 3260 301 3329 Qui
336 3274 458 3319 tuas
488 3264 773 3336 abligurivi
804 3243 1110 3335 facultates,
1142 3287 1174 3327 ο
1204 3273 1472 3340 Salvator,
1494 3285 1547 3332 et
1579 3293 1706 3333 sen-
1735 3243 1779 3306 Ο

142 3369 224 3410 tus
255 3372 411 3414 meos
439 3374 540 3413 ceu
567 3375 763 3429 porcos
795 3361 940 3431 pavi,
1001 3365 1070 3418 ad
1100 3373 1151 3421 te
1181 3376 1359 3422 tamen
1401 3385 1707 3438 regressum

143 3451 345 3505 obviam
376 3468 701 3526 progressus
728 3458 1107 3528 amplecteris,
1139 3471 1194 3519 et
1228 3465 1332 3520 sub
1362 3465 1502 3523 ulnis
1533 3467 1705 3537 foves,

139 3539 178 3593 0
203 3538 384 3600 Patris
416 3545 621 3602 viscera
648 3549 661 3602 ι
694 3549 816 3618 quis
843 3561 1103 3619 praeterea
1149 3569 1299 3625 spem
1333 3557 1606 3628 deponat?

795 3663 864 3718 In
897 3667 1054 3722 idem.

203 3751 456 3811 Dextram
488 3773 705 3814 manum
736 3760 871 3816 meis
923 3763 1230 3818 cervicibus
1276 3768 1557 3837 appende,
1607 3772 1707 3838 liti,

137 3844 458 3918 sedednque
484 3850 678 3921 digitos
702 3853 960 3908 annulum
988 3853 1241 3912 immitte.
1280 3859 1424 3915 Heus
1455 3863 1470 3916 ι
1498 3861 1705 3932 famuli,

137 3951 402 4010 arreptum
437 3957 504 3998 ex
551 3946 764 4001 stabulo
819 3947 1045 4003 vitulum
1099 3952 1349 4007 occidite.
1412 3952 1710 4015 Defunctus

143 4039 259 4090 late
281 4033 430 4091 illius
451 4043 591 4102 erat,
629 4052 736 4106 quo
766 4038 1005 4095 redivivo
1031 4055 1218 4099 omnes
1241 4047 1525 4111 exsultate.

603 4129 686 4186 De
709 4132 871 4188 divite
901 4141 951 4188 et
986 4132 1225 4193 Lazaro.

195 4218 296 4288 Qui
319 4219 452 4277 dum
476 4221 686 4280 viveres
706 4239 828 4280 eras
845 4225 1018 4294 dives,
1034 4237 1089 4283 et
1112 4240 1232 4299 post
1252 4231 1455 4288 obitum
1481 4249 1706 4308 pauper,

134 4325 268 4381 eum,
298 4313 391 4386 qui
423 4314 553 4371 dum
585 4315 813 4386 viveret,
849 4320 1070 4389 itaerat
1101 4323 1274 4393 inops,
1308 4335 1366 4378 ut
1387 4342 1455 4382 ne
1492 4328 1703 4385 lrustu-

138 4405 234 4460 lum
259 4407 419 4477 panis
446 4407 692 4475 haberet,
728 4413 821 4468 sed
863 4410 992 4467 dum
1065 4415 1200 4471 obiit
1250 4416 1706 4489 locupletissimus

137 4501 323 4566 evasit,
371 4516 572 4572 aquam
623 4503 864 4572 rogabis.
905 4503 1048 4560 haud
1108 4516 1482 4578 accepturus;
1541 4522 1702 4568 terra:

139 4593 321 4667 quippe
352 4595 532 4652 hiatus
561 4595 954 4667 impedimento
979 4605 1084 4665 est,
1114 4613 1182 4654 ne
1205 4601 1414 4657 audiat.

778 4687 845 4743 In
885 4687 1047 4746 idem.

193 4777 324 4838 Huic
339 4796 514 4852 egeno
533 4781 762 4837 frustum
794 4782 953 4852 panis
979 4798 1168 4853 eruga,
1190 4799 1222 4840 ο
1248 4785 1420 4854 dives;
1452 4789 1556 4844 erit
1580 4804 1701 4846 cum

139 4890 248 4930 eum
280 4876 593 4946 precaheris
618 4884 708 4929 tua
741 4875 945 4930 circum
977 4875 1117 4930 labia
1157 4878 1402 4934 humenti
1435 4895 1573 4951 aqua
1604 4883 1705 4938 illi-

140 4981 276 5033 nere,
300 4975 356 5022 et
382 4974 633 5022 exustam
659 4964 893 5022 ﬂammis
917 4967 1156 5037 linguam
1202 4969 1459 5041 irrigare;
1489 4973 1607 5039 sed,
1635 4976 1704 5029 ad

141 5070 186 5115 te
215 5075 284 5116 ne
308 5060 563 5131 proxime
612 5060 859 5126 accedat,
917 5062 1108 5133 ingens
1169 5071 1442 5121 terrarum
1499 5083 1703 5140 vorago

138 5153 458 5222 prohibebit.

375 5248 444 5306 In
469 5249 645 5305 decem
676 5249 905 5320 leprosos
934 5268 966 5304 α
989 5248 1196 5306 Christo
1227 5262 1467 5312 sanatos.

205 5342 425 5398 Gratias
451 5342 676 5398 Christo
713 5343 962 5412 rependit
1014 5343 1417 5412 Samaritanus,
1457 5345 1704 5404 Samari~

136 5443 281 5492 tanus
310 5436 562 5502 tantuml,
607 5443 835 5491 ceteros
860 5450 988 5490 vero
1039 5451 1231 5492 novem
1278 5439 1478 5510 ingrati
1533 5443 1703 5498 animi

138 5530 343 5586 morbus
388 5528 689 5587 incessivit.
749 5527 1069 5601 Dispereant
1095 5532 1324 5602 utinam,
1368 5550 1430 5592 ac
1488 5551 1702 5594 rursum

134 5621 267 5693 lepra
302 5623 704 5680 sufiundantur.

756 5709 840 5766 ’1η
869 5710 1026 5766 idem.

195 5805 566 5864 Duodenarius
611 5813 733 5862 erat
772 5804 1163 5876 discipulorum
1235 5823 1513 5878 numerus,
1560 5828 1694 5883 quo-

135 5914 246 5958 rum
281 5902 606 5960 deterrimus
636 5915 779 5957 unus
815 5900 1073 5957 iscariota
1112 5902 1304 5972 periit;
1349 5905 1505 5962 denis
1575 5923 1702 5965 vero

984 388 1512 454 TETRASTICHA
1554 390 1636 453 IN
1677 392 1944 456 NOVUM
1981 393 2579 458 TESTAMENTUM.

1750 511 1799 568 Δ
1826 509 1919 576 Εἷς
1942 512 1986 566 δ’
2018 514 2126 587 ἄρα
2155 513 2263 567 τῶν
2291 512 2506 578 ὲξώλετ⁹
2537 511 2828 582 ἀϐέλτερος
2862 509 3220 582 Ἰσκαριώτης
3241 526 3256 541 ·

1729 4599 1780 4659 D

3254 392 3403 459 1202

1825 605 2081 677 Δεπροὺς
2106 607 2151 660 δ’
2176 602 2306 661 αὖτε
2338 608 2470 661 δέκα
2500 605 2740 678 Χριστοῦ
2765 604 2928 678 χέρες
2965 605 3208 679 ίήσαντο,

1828 695 1922 764 Εἷς
1954 700 2003 754 δί
2033 702 2084 755 oi
2109 700 2238 769 αὖτε
2263 700 2551 773 προσῆλθ’,
2584 702 2632 754 oi
2655 699 2702 751 δ’
2724 699 2883 752 ἐννέα
2915 697 3113 762 πάντες
3135 697 3398 754 ἁπέσταν.

1980 795 2219 862 Εἰς-’τὸν
2247 795 2644 866 φαρισσαῖον,
2691 792 2789 848 καὶ
2819 792 2928 847 τόν
2965 791 3259 861 τελώνην.

1825 888 1891 942 Ὦ
1917 888 2107 959 χρῆμα
2143 889 2342 942 σεπτὸν
2374 888 2680 957 πανσθενὴς
2705 884 3030 955 ταπεινότης
3052 885 3077 959 ί,

1824 983 1899 1036 Σὺ
1932 982 2024 1035 καὶ
2058 981 2192 1052 μόνη
2225 982 2478 1055 παροῦσα
2507 981 2702 1046 σώζειν
2735 980 2967 1053 ίσχΰεις,

1824 1075 1935 1130 Καὶ
1966 1077 2044 1146 μὴ
2076 1077 2327 1148 παροῦσα
2366 1077 2531 1131 πάλιν
2560 1075 2774 1140 ὀλλύεις
2799 1076 2977 1148 μόνηο

1824 1165 1906 1224 Τὰ
1943 1168 2041 1223 τοῦ
2078 1168 2309 1223 τελώνου
2346 1171 2436 1224 καὶ
2459 1169 2791 1244 Φαρισσαίου
2815 1169 2978 1238 λέγω.

2411 1262 2513 1328 Είς
2548 1263 2613 1317 τὸ
2644 1261 2816 1316 αὐτό.

1827 1355 2023 1427 Ἀνδρε
2059 1356 2155 1410 δύο
2178 1357 2339 1427 προτὶ
2372 1357 2540 1426 σηκὸν
2562 1355 2853 1424 ἀμείϐετον
2886 1350 3033 1424 ἴχνια
3057 1353 3274 1425 ταρσῶν
3292 1365 3309 1382 ⁸

1822 1449 1918 1504 Χὼ
1949 1449 2050 1520 μὲν
2085 1447 2182 1520 ἔην
2214 1450 2475 1519 ἀρετῇσιν
2512 1444 2599 1500 ἔπ’
2627 1446 2836 1516 ὀφρύας
2874 1443 3030 1514 ὑψός’
3058 1443 3282 1514 ἀείρων,

1821 1543 2007 1612 Αὐτὰρ
2033 1541 2115 1610 ὅγ’
2145 1541 2490 1613 ἀμπλακίῃσι
2520 1540 2662 1594 κατὰ
2693 1537 2883 1610 χθονὸς
2910 1536 3137 1608 ὄμματα
3161 1536 3333 1605 πῆγεοη

1822 1636 1932 1692 Καί
1965 1634 2015 1706 ῤ’
2041 1639 2068 1688 ὁ
2095 1637 2266 1698 κακὸς
2290 1635 2517 1705 νόστησε
2543 1633 2882 1702 δικαιότερος
2906 1633 3000 1685 καὶ
3032 1630 3255 1700 ἀρείων.

2306 1729 2410 1792 Εις
2442 1725 2550 1781 τὸν
2574 1729 2696 1781 Ζακ
2701 1726 2904 1794 χαῖον.

1823 1823 2060 1891 Ζακχαῖε
2096 1821 2282 1890 μικρὲ,
2323 1821 2519 1891 μικρὸς
2547 1821 2622 1872 ῶν
2653 1820 2714 1872 τὸ
2748 1817 3000 1888 σαρκίον,

1744 1885 1790 1942 Β
1829 1885 2064 1987 ’Υψηλδς
2092 1885 2140 1967 εἴ
2165 1885 2226 1968 τό
2260 1885 2480 1984 πνεῦμα
2506 1912 2601 1966 καὶ
2625 1885 3007 1983 κέδρου-πλέον
3026 1923 3039 1938 °

1821 2007 2048 2062 ’Δνελθε
2077 2006 2260 2061 λοιπὸν
2284 2006 2384 2076 τὴν
2410 2007 2582 2075 συκῆν
2606 2004 2770 2075 τάχος
2799 2003 2992 2074 τάχος,

1816 2103 1859 2156 Τ
1863 2101 1928 2174 ὴν
1955 2100 2202 2172 ἄμπελον
2234 2100 2291 2156 δὲ
2320 2101 2418 2172 τὴν
2453 2097 2715 2172 ἀληθινὴν
2738 2096 2925 2170 βλέπε.

2401 2192 2599 2262 Εἰς,τὸ
2646 2193 2816 2246 αὐτό.

1816 2287 1884 2342 Εἴ
1906 2303 1986 2342 σοι
2008 2286 2091 2342 ἐνὶ
2114 2279 2378 2356 στήθεσφι
2409 2284 2574 2349 πόθος
2605 2284 2736 2338 πέσε
2767 2278 3003 2355 Χριστὸν
3035 2283 3264 2344 ἰδέσθαι,

1828 2380 2174 2453 Ἀμπλακίης
2195 2376 2535 2448 πολύφυλλον
2558 2376 2834 2448 ὑπέρόαθι
2867 2377 3248 2447 συκομοραίην
3274 2393 3289 2408 ο

1827 2474 1918 2528 Ἐν
1942 2473 2095 2546 χθονὶ
2116 2473 2224 2544 γὰρ
2247 2468 2532 2541 στείχοντα
2562 2468 2847 2541 ἀμήχανόν
2874 2470 3024 2522 ἐστιν
3056 2468 3260 2524 ἰδέσθαι

1815 2561 1969 2632 Εἶδος
1997 2565 2294 2636 θειότερον,
2321 2553 2743 2633 κεκαλυμμένον
2765 2562 2892 2633 ἠέρι
2919 2561 3112 2632 πολλῇ.

2083 2662 2189 2728 Εἰς
2221 2661 2335 2725 τὴν
2381 2653 2702 2722 ὲξαίτησιν
2724 2655 2831 2709 τοῦ
2865 2652 3124 2710 Σατανᾶ.

1813 2756 2019 2822 Αίτεῖς,
2051 2753 2291 2816 Σατανᾶ,
2321 2747 2586 2814 σινιάζειν
2620 2750 2712 2804 τὸν
2738 2750 2946 2820 Πέτρον

1824 2852 1914 2914 Ὠς
1944 2851 2090 2903 σῖτον
2115 2863 2130 2914 ;
2165 2844 2334 2912 Αιτῶ,
2363 2842 2533 2916 φησιν
2558 2859 2573 2874 ο
2605 2839 2706 2897 εἶτ’
2739 2843 2840 2897 οὐκ
2870 2842 3140 2917 αἰσχύνῃ.

1815 2943 1978 3015 Κακὴ
2010 2939 2251 3010 κεφαλὴ,
2280 2939 2370 2993 τὸν
2389 2938 2444 2992 δὲ
2469 2937 2676 3007 Πέτρον
2697 2937 2760 2990 οὐ
2783 2936 3010 3006 τρέμεις
3039 2975 3054 3003 ,

1813 3036 1907 3105 Μὴ
1939 3033 2222 3105 σινιασθῇς
2253 3030 2458 3102 μᾶλλον
2492 3030 2528 3101 ἢ
2571 3031 2857 3102 σινιάσῃς;

1815 3196 2048 3266 leprosis
2103 3208 2298 3249 manus
2353 3192 2557 3249 Christi
2611 3191 2894 3247 medicata:
2939 3200 3110 3256 sunt,
3159 3205 3395 3261 quorum

1819 3305 1960 3346 unus
1989 3287 2369 3359 gratulaturus
2396 3285 2651 3352 accessit,
2680 3285 2893 3340 caeteris
2917 3283 3172 3340 omnibus
3203 3285 3396 3340 absce-

1813 3383 2085 3438 dentibus.

2059 3539 2067 3548 ,
2173 3474 2245 3530 De
2291 3475 2568 3530 Pharisa’o
2604 3485 2651 3530 ei
2685 3474 2999 3530 I’ublicano.

1888 3568 1933 3624 0
1967 3582 2053 3622 res
2098 3581 2357 3636 perquam
2413 3567 2669 3635 pretiosa,
2726 3565 3024 3623 fortissima
3067 3565 3387 3620 humilitas!

1815 3663 1870 3717 iu
1902 3671 1953 3716 te
1983 3660 2066 3715 vel
2107 3661 2218 3714 sola
2260 3668 2548 3730 praesente,
2594 3661 2800 3715 servari
2848 3675 3009 3731 posse
3056 3661 3218 3714 situm
3270 3666 3391 3719 est;

1813 3769 2046 3822 cumque
2079 3753 2160 3807 vel
2184 3754 2338 3818 abes,
2409 3752 2525 3808 sola
2563 3752 2791 3821 perdere
2822 3762 2975 3824 potes
3006 3767 3025 3809 :
3063 3752 3116 3808 id
3144 3751 3288 3823 quod
3327 3766 3392 3806 ex

1810 3844 1880 3902 iis
1919 3842 2202 3916 intelligo,
2276 3859 2398 3914 quae
2448 3842 2738 3913 Pharis:er
2778 3853 2833 3900 et
2882 3844 3170 3916 publicano
3214 3844 3396 3902 conti-

1811 3947 2024 4010 gerunt.

2463 4030 2530 4086 In
2565 4031 2724 4086 idem.

1889 4125 2001 4182 Duo
2025 4123 2127 4180 viri
2151 4123 2351 4202 pedum
2378 4124 2746 4195 glomerantes
2780 4123 3004 4193 vestigia
3046 4123 3101 4180 in
3128 4121 3389 4192 templum

1810 4227 1875 4270 se
1918 4211 2307 4275 conferebant;
2335 4225 2569 4280 quorum
2609 4209 2784 4267 altero
2832 4225 2945 4282 prae
2989 4209 3279 4264 virtutibus
3325 4208 3380 4261 in

1814 4303 2013 4361 cmlum
2036 4303 2326 4373 supercilia
2352 4301 2598 4370 tollente,
2629 4301 2766 4358 alter
2823 4303 2893 4357 ob
2931 4302 3168 4372 piacula,
3205 4300 3392 4355 oculos

1810 4397 1960 4454 humi
1985 4397 2281 4469 deﬂgebat;
2301 4395 2503 4468 quique
2528 4394 2705 4452 malus
2723 4405 2966 4463 venerat,
2989 4395 3181 4452 melior
3207 4408 3270 4448 ac
3303 4392 3392 4462 ju-

1809 4489 1948 4545 stior
1981 4503 2259 4559 regressus
2285 4497 2410 4552 est.

2417 4581 2494 4637 De
2543 4579 2792 4639 Zachteo.

1879 4674 2084 4731 Pusille
2097 4675 2350 4740 Zacbtee,
2381 4689 2609 4745 corpore
2636 4674 2855 4744 quidem
2884 4673 3088 4739 brevis,
3115 4672 3208 4727 sed
3238 4671 3392 4740 cujus

1812 4758 1896 4817 vel
1923 4765 2086 4819 cedro
2115 4762 2400 4818 sublimior
2423 4775 2506 4820 est
2534 4769 2771 4826 animus,
2793 4763 3027 4820 ascende
3051 4778 3210 4833 quam
3240 4763 3388 4818 citis-

1812 4856 1948 4912 sime
1998 4863 2152 4927 potes
2202 4871 2573 4926 sycomorum,
2607 4855 2913 4924 Christum,
2951 4857 3044 4927 qui
3084 4871 3211 4913 vera
3259 4856 3389 4912 vitis

1810 4957 1916 5017 est,
1945 4959 2312 5021 spectaturus.

2474 5056 2537 5113 In
2568 5059 2728 5116 idem.

1885 5149 1939 5205 Si
1970 5149 2063 5204 tibi
2090 5151 2143 5205 in
2175 5159 2410 5207 mentem
2435 5153 2635 5208 Christi
2661 5153 2880 5207 videndi
2910 5151 3108 5224 cupido
3146 5154 3389 5220 venerit,

1815 5241 2132 5296 umbrosam
2167 5242 2521 5313 malignitatis
2545 5259 2895 5314 sycomorum
2950 5245 3386 5316 supergredere;

1811 5349 1913 5389 nec
1939 5336 2082 5390 enim
2113 5335 2180 5396 ei,
2207 5337 2296 5406 qui
2326 5351 2420 5405 per
2449 5347 2645 5392 terram
2674 5340 2942 5407 graditur,
2976 5341 3134 5395 datur
3163 5356 3388 5396 cernere

1811 5425 2048 5482 divinam
2077 5425 2292 5493 faciem,
2321 5423 2488 5484 multa
2533 5429 2765 5501 caligine
2791 5430 3196 5489 circumfusam.

2276 5538 2352 5592 De
2385 5537 2601 5594 Satana:
2647 5540 2933 5610 postulato.

1883 5631 2047 5697 Petis,
2078 5631 2271 5699 Satan,
2292 5631 2509 5688 Petrum
2531 5633 2793 5705 cribrare,
2827 5651 2926 5692 ceu
2952 5637 3219 5695 triticum?
3236 5640 3384 5706 Peto,

1811 5723 2056 5795 inquam.
2102 5725 2296 5782 Annon
2345 5742 2476 5786 vero
2508 5739 2560 5786 te
2587 5733 2752 5800 pudet
2784 5731 3133 5789 deterrimum
3175 5737 3381 5804 caput?

1811 5833 1912 5874 nec
1932 5817 2149 5874 Petrum
2170 5820 2347 5890 ipsum
2371 5821 2737 5892 formidas,ne
2750 5834 2822 5882 ἰιι
2852 5835 2904 5884 te
2931 5828 3167 5884 cribrcrc
3183 5828 3380 5897 potius,

1810 5925 1973 5981 quam
2004 5925 2127 5967 eum
2161 5913 2412 5971 cribrcs?
