4042 6206
540 333 678 402 1207

535 451 599 505 El
629 454 705 527 μή
733 473 792 511 σε
819 457 977 532 νίψω,
1011 463 1121 520 τῶν
1147 465 1294 538 ἐμῶν
1331 469 1500 538 ξενοῖς
1531 472 1721 542 φίλων.

537 547 651 601 Καὶ
679 551 779 623 τὴν
802 555 1069 630 κεφαλὴν,
1121 561 1217 617 καὶ
1246 561 1310 616 τδ
1343 563 1534 619 λοιπὸν
1562 568 1811 644 σαρκίον.

1116 679 1224 744 Εἰς
1264 678 1326 734 τὸ
1359 680 1527 740 αὐτό.

531 757 741 816 Νίπτεο
768 764 909 820 τοῖσι
937 767 1216 838 πόδεσσιν,
1265 773 1406 842 ἀτὰρ
1430 775 1726 846 κραδίηφιν
1760 778 2004 843 ἄνιπτος·

545 854 638 919 Ὧς
657 856 852 926 ὄφελον
889 862 1174 932 πεπάλαξο
1199 868 1421 936 πρόπαν
1450 868 1623 944 δέμας
1649 871 1836 941 αῖσχεῖ
1857 872 2053 945 πηλοῦ,

531 947 685 1018 Μηδὲ
720 949 1035 1027 θεοκτονὶης
1059 956 1140 1012 ἐνὶ
1164 958 1399 1031 τέλματι
1429 959 1672 1032 ἔχραναςΔ
1687 958 1843 1035 ἦτορ,

531 1038 771 1114 Χριστὸν
798 1045 928 1102 ὅταν
962 1049 1312 1119 προδέδωκας
1342 1053 1644 1121 Ἰουδαίοις,
1675 1049 1720 1110 ὧ
1748 1054 1944 1113 Ἰούδα.

602 1158 707 1225 Εἰς
750 1158 1033 1230 Ἰωάννην
1087 1163 1462 1231 ἐμπίπτοντα
1514 1166 1596 1235 τῷ
1650 1168 1859 1237 στήθει
1931 1172 2036 1228 τοῦ

1189 1238 1472 1304 Χριστοῦ.

530 1341 626 1404 Εἰς
665 1345 864 1414 στῆθος
891 1349 1062 1417 ἁγνὸν
1091 1352 1355 1423 ἐμπεσὼν
1389 1355 1484 1411 τοῦ
1511 1356 1807 1427 Δεσπότου,

524 1429 774 1508 Ἰωάννη,
808 1438 1020 1507 ῥύακας
1039 1441 1230 1515 ἡρύσω
1256 1447 1475 1516 κόσουςς

536 1526 624 1590 Ὠς
652 1533 1031 1603 παμμυρὶους,
1060 1537 1153 1589 ναὶ
1187 1539 1266 1606 μὰ
1297 1540 1357 1596 τὸ
1389 1544 1583 1614 στῆθος
1605 1548 1750 1614 τόδε,

522 1615 603 1672 Δι’
634 1614 710 1677 ὧν
734 1624 897 1690 πολὺς
923 1630 1036 1698 ρεῖς
1063 1632 1142 1694 εις
1170 1632 1297 1703 ὃλην
1319 1638 1620 1713 οἰκουμένη
1634 1661 1683 1697 ν.

1114 1748 1215 1812 Εἰς
1248 1749 1311 1804 τὸ
1347 1753 1517 1808 αὐτό.

517 1831 760 1902 Χριστοῦ
785 1833 866 1887 ἐνὶ
897 1835 1174 1911 στήθεσφι
1198 1841 1493 1911 λελαθότας
1521 1848 1577 1912 ἐς
1611 1850 1893 1918 πυλεῶνας

520 1922 707 1994 Κύψεν
747 1925 1022 2002 Ἰωάννης,
1058 1931 1157 1986 καὶ
1194 1934 1432 1991 ἐσείδετο
1469 1939 1714 2011 δόγματα
1745 1943 1887 1998 θεῖα·

519 2015 699 2072 "Assa
721 2019 766 2074 δ’
795 2021 964 2079 ἐειδεν
992 2023 1163 2094 ἔειπε,
1186 2030 1281 2083 καὶ
1313 2029 1520 2104 ἔκφορα
1544 2035 1753 2106 θήκατο
1785 2036 2026 2108 θνητοῖςο

515 2113 624 2166 Εἰν
661 2111 812 2183 ἀρχῇ
870 2115 983 2187 γὰρ
1044 2119 1162 2186 ἔην
1191 2123 1224 2174 d
1256 2121 1475 2192 Λόγος,
1529 2124 1690 2195 φάτο,
1725 2125 1914 2199 Θαῦμα
1954 2128 2102 2184 διδάυ

1908 2221 2101 2288 [σκων.

929 2325 1036 2391 Εἰς
1063 2326 1179 2397 τὴν
1206 2327 1704 2399 ἀποκαθήλωσιν.

519 2415 776 2489 Τολμηρὲ
806 2416 1114 2492 Νικόδημε,
1148 2421 1308 2492 ῥίψον
1348 2423 1448 2496 τὴν
1485 2425 1722 2496 σφῦραν,

511 2508 608 2580 Μὴ
637 2508 900 2582 συντριϐῇ
927 2527 981 2565 τι
1002 2511 1324 2569 δεσποταίον
1354 2515 1566 2571 ὀστέονυ

528 2602 593 2654 Ἠ
634 2601 792 2667 λαὸὶς
828 2603 1008 2674 ἀρκεῖ,
1043 2606 1141 2659 καὶ
1168 2607 1258 2660 τὸν
1289 2603 1419 2682 ἧλον
1447 2609 1671 2666 ἑλκέτωο

518 2691 594 2750 Εὖ
634 2698 742 2751 τῶν
767 2698 999 2770 χειρῶνι
1032 2699 1255 2772 μέτελθε
1281 2703 1465 2760 λοιπὸν
1498 2711 1625 2773 τοὺς
1675 2709 1861 2774 πόδας.

1088 2817 1193 2885 Εἰς
1249 2818 1316 2872 τὸ
1365 2822 1534 2877 αὐτό.

515 2903 769 2960 Δάκτυλά
815 2921 922 2975 τοι,
953 2905 1258 2979 Νικόδημε,
1287 2912 1587 2982 προήλυθε,
1628 2914 1868 2970 δάκτυλα
1902 2917 2094 2988 Θωμᾶο

514 3086 705 3144 amicis
752 3085 865 3144 eris
923 3099 1242 3148 extraneos.
1289 3091 1456 3164 Igitur
1491 3101 1546 3148 et
1575 3105 1771 3166 caput,
1824 3106 1877 3153 et
1927 3105 2092 3154 totum

513 3194 731 3252 corpus.

1163 3297 1231 3358 In
1266 3303 1430 3358 idem.

584 3390 689 3458 Tu,
725 3391 817 3462 qui
850 3390 1016 3446 corde
1067 3389 1252 3448 illotus
1299 3406 1445 3458 eras,
1492 3392 1631 3448 lotus
1666 3409 1725 3450 es
1761 3394 2017 3464 pedibus;
2055 3408 2088 3448 ο

511 3485 722 3541 utinam
759 3486 854 3539 luti
879 3484 1131 3541 sordibus
1176 3485 1390 3556 integro
1420 3486 1619 3543 fuisses
1648 3502 1878 3556 corpore
1912 3488 2087 3542 {reda-

510 3589 628 3645 tus;
658 3592 757 3632 nec
778 3591 866 3644 eo,
891 3591 996 3648 quo
1013 3576 1211 3633 Christi
1240 3579 1441 3634 caedem
1477 3577 1812 3634 machinatus
1831 3593 1912 3645 es,
1933 3594 2088 3635 emno

508 3687 605 3726 cor
635 3682 784 3726 tuum
817 3671 1197 3741 maculasses,
1239 3681 1351 3728 tum
1381 3688 1503 3729 cum
1550 3671 1754 3730 Iudaeis
1800 3672 2085 3730 Christum

507 3764 818 3831 vendidisti,
853 3762 1015 3822 Juda.

651 3879 728 3934 De
756 3877 967 3934 Joanne
991 3895 1151 3950 supra
1176 3889 1353 3949 pectus
1375 3879 1571 3936 Christi
1601 3882 1937 3937 recumbente.

580 3971 636 4026 ln
670 3987 866 4040 purum
917 3970 1133 4026 Domini
1167 3982 1359 4043 pectus
1404 3972 1725 4028 incumbens
1751 4013 1768 4038 ,
1823 3972 2083 4042 Joannes,

507 4073 638 4130 ιιιιοι
663 4065 962 4131 gratiarum
1003 4064 1058 4119 in
1090 4073 1142 4120 te
1168 4065 1422 4120 derivasti
1452 4065 1680 4123 latices?
1725 4065 1818 4122 Na:
1846 4067 2086 4126 inﬁnitos

506 4157 823 4225 (ipsummet
854 4152 1055 4210 Christi
1089 4166 1280 4226 pectus
1311 4155 1589 4230 attestor),
1621 4158 1818 4229 quibus
1842 4173 1942 4229 per
1961 4158 2086 4213 uni-

506 4259 718 4302 versam
744 4253 945 4301 terram
965 4244 1172 4318 jugiter
1200 4245 1348 4304 fluis.

1147 4354 1216 4413 In
1255 4359 1414 4415 idem.

582 4451 757 4523 Supra
787 4461 980 4523 pectus
1004 4452 1206 4510 Christi
1241 4452 1596 4519 decumbens,
1628 4454 1680 4510 in
1709 4456 1939 4512 latentes
1966 4456 2084 4525 ejus

505 4548 687 4605 aditus
716 4548 947 4618 dispexit
974 4546 1233 4612 Joannes,
1260 4547 1349 4602 ubi
1376 4547 1616 4603 divinam
1646 4548 1951 4604 doctrinam
1999 4551 2083 4604 in-

510 4641 735 4708 tellexit,
767 4649 823 4695 et
849 4655 1180 4711 quaecunque
1204 4640 1356 4703 vidit,
1381 4656 1502 4709 qua:
1532 4639 1733 4711 Vulgari
1751 4641 1832 4697 las
1859 4651 1995 4707 erat,
2033 4643 2083 4697 iu

505 4735 748 4791 medium
789 4735 990 4805 posuit.
1028 4734 1095 4789 In
1120 4734 1377 4805 principio
1395 4745 1506 4789 erat
1543 4733 1790 4801 Verbum,
1815 4737 2083 4806 inquiens,

508 4827 642 4883 mira
672 4842 896 4901 prorsus
929 4828 1167 4884 edocuit.

889 4940 965 4998 De
1000 4941 1206 4998 Christo
1241 4959 1269 4998 e
1291 4959 1442 4998 cruce
1470 4944 1680 4999 sublato

577 5035 813 5092 Oaniml
876 5035 1050 5092 ﬁdens
1096 5035 1414 5102 Nicomede,
1464 5037 1716 5092 malleum
1757 5038 1980 5109 proiice,
2018 5056 2082 5095 ne

511 5131 652 5188 forte
687 5131 901 5186 Domini
940 5147 1065 5188 ossa
1104 5131 1548 5202 confringantur;
1582 5133 1796 5188 abunde
1826 5134 1931 5189 crit
1966 5133 2078 5188 for-

509 5236 658 5294 ceps,
689 5235 791 5295 qua
824 5221 1012 5279 clavos
1057 5223 1333 5279 extraliito
1363 5240 1376 5277 :
1415 5238 1574 5294 quam
1610 5224 1801 5278 bonam
1853 5239 2074 5294 Operam

509 5323 772 5370 nararunt
824 5317 1061 5371 manus!
1117 5318 1183 5370 ad
1221 5317 1387 5387 pedes
1443 5317 1636 5374 transi.

1155 5431 1223 5487 In
1258 5430 1417 5488 idem.

587 5523 718 5584 Ttue
748 5540 965 5595 manus,
991 5539 1024 5582 o
1056 5525 1365 5594 Nicomede,
1402 5525 1621 5583 Tuomae
1669 5526 1870 5599 digitos
1925 5539 2077 5583 ante-

2085 5743 2168 5760 οι·-

1742 358 2136 423 THEODORI
2175 362 2577 431 PRODROMI

2142 487 2190 545 Α
2221 482 2425 589 sane;
2609 491 2919 589 ιιετόππθι
2949 498 3048 555 καὶ
3069 505 3149 570 εἰς
3179 505 3349 562 τύπον
3379 509 3600 568 ἔϐλεπεν
3619 513 3781 589 ἥλων⁹

2135 1882 2183 1943 Β

3646 401 3773 475 1208

2218 574 2405 648 Αὐτὰρ
2440 578 2504 632 σὺ
2543 580 2815 657 ’πρότερός
2843 605 2901 643 τε
2929 594 3021 647 καὶ
3049 596 3247 663 αὐτοὺς
3270 600 3496 672 ἔδρακες
3522 574 3698 676 ἥλους,

2234 669 2325 724 Ἐν
2360 671 2404 724 δ’
2439 674 2590 749 ἱερὴν
2622 678 2886 751 ὲδεφησας
2916 686 3095 762 ὑγρὴν
3121 692 3202 746 ἔτι
3238 669 3478 768 πλευρὰν
3505 669 3747 768 ἄνακτος.

2679 818 2784 883 Εἰς
2813 819 2880 875 τὸ
2920 823 3072 879 κατὰ
3107 829 3340 898 Θωμᾶν.

2212 937 2341 1001 Πῶς
2365 933 2532 1010 ἦλθες
2553 943 2704 1010 ἐντὸς
2729 949 2839 1002 τῶν
2865 949 3046 1023 θυρῶν
3068 957 3505 1031 κεκλεισμένων;

2211 1028 2414 1094 Καθὼς
2441 1031 2686 1105 ἀπῆλθον
2719 1039 2813 1093 τοῦ
2853 1043 3026 1113 τάφου
3053 1028 3486 1122 φρουρουξιένου.

2207 1122 2322 1177 Καὶ
2350 1123 2470 1190 πῶς
2487 1128 2697 1183 ἐκεῖθεν
2733 1131 3084 1206 ἐξελήλυθας,
3119 1141 3302 1212 Λόγος

2220 1215 2310 1281 Ὦς
2345 1222 2474 1292 πρὶν
2503 1224 2774 1296 προῆλθον
2814 1230 2878 1282 ὲκ
2907 1232 3084 1304 πύλης
3106 1235 3527 1313 κεκλεισμένης.

2777 1370 2881 1436 Εῑς
2919 1371 2985 1425 τὸ
3023 1373 3194 1430 αὐτό.

2210 1471 2415 1527 Ἀπτεο
2446 1476 2550 1547 τῆς
2585 1477 2854 1553 ρωθεῑσης
2883 1483 3078 1559 λόγχῃ,
3101 1487 3326 1559 Δίδυμε,
3362 1490 3627 1562 πλευρᾶς,

2196 1559 2442 1632 "Antea,
2485 1567 2579 1620 καὶ
2606 1569 2852 1636 πίστευε,
2883 1575 3025 1646 ἐμὴν
3046 1576 3092 1630 δ’
3119 1577 3440 1649 ἐπιδέχνυσο
3467 1559 3678 1634 θέσπινο

2209 1652 2473 1710 Ἕσσεται
2505 1653 2686 1730 ἦμαρ,
2718 1663 2849 1717 ὅταν
2878 1666 3012 1720 ποτὲ
3038 1669 3133 1723 καὶ
3161 1669 3263 1723 τεὰ
3305 1671 3520 1742 πλευρὰ
3551 1676 3750 1744 νυγῶσι

2204 1745 2469 1821 Σιδαρέῃς
2500 1751 2726 1826 λόγχῃσι
2759 1756 3060 1831 διαμπερὲς
3095 1761 3414 1836 Αἱθιοπῆες.
3657 1785 3659 1788 ‘

2482 1887 2579 1952 El;
2609 1887 2726 1958 τὴν
2751 1892 3039 1964 κσίμησιν
3075 1896 3193 1966 τὴν
3226 1899 3547 1955 Θεοτόκου.

2205 2015 2582 2090 Μυστηριὼδη
2616 2021 2716 2092 τὴν
2748 2027 3064 2100 πανήγυριν
3098 2028 3309 2102 βλέπον

2205 2104 2409 2176 Μήτηρ
2440 2106 2668 2181 τελευτᾷ
2697 2111 2794 2164 τοῦ
2825 2112 2881 2180 γ’
2900 2113 3080 2184 Ἰησοῦ
3112 2118 3327 2189 Μαρία,

2203 2195 2339 2262 Θεὸς
2364 2197 2422 2252 δὲ
2459 2199 2730 2259 λαμϐάνει
2751 2205 2812 2260 τδ
2835 2207 3058 2280 πνεῦμα
3096 2213 3359 2283 μητέρος,

2203 2289 2314 2344 Καὶ
2342 2292 2532 2346 καινὸν
2558 2295 2717 2350 ἀνθεῖ
2746 2300 2861 2363 τοῖς
2889 2300 3208 2369 ἀποστόλοις
3253 2307 3466 2364 πτίλον.

2792 2435 2898 2499 Εἰς
2924 2435 2990 2489 τὸ
3025 2439 3194 2494 αὐτό.

2202 2544 2375 2611 Πεζδς
2398 2544 2554 2616 ἔφυς,
2587 2546 2786 2621 Πέτρε,
2816 2545 2922 2620 γῆς
2949 2551 3055 2622 γὰρ
3079 2552 3235 2624 ἔφυς,
3264 2557 3347 2620 τίς
3381 2559 3664 2616 ἀναίνεται
3686 2564 3775 2638 ἐμ-

3675 2672 3772 2712 ωνέ

3675 2672 3772 2712 ων·

2216 2729 2376 2785 Ἀλλά
2407 2748 2472 2800 γε
2508 2732 2663 2805 κῦμα
2705 2734 2927 2791 πόδεσσι
2968 2741 3243 2811 περήσαο,
3283 2742 3478 2814 θαῦμα
3526 2654 3774 2805 “Egon,

2203 2823 2380 2894 Ἥέρα
2413 2827 2509 2882 νῦν
2544 2828 2600 2881 δὲ
2629 2829 2776 2884 πὲτω
2802 2830 3201 2905 βιοθρέμμονα,
3220 2840 3606 2915 πνοιοδοτῆραο

2202 2917 2473 2992 ’Υστερον
2503 2919 2627 2976 αὖτ’
2661 2921 2841 2994 ὀλίγον
2865 2927 2958 2979 καὶ
2987 2927 3046 2991 ὲς
3074 2929 3236 2982 πόλον
3271 2933 3434 2988 αὐτὸν
3468 2935 3715 3012 ἀνέλθῃς.

2201 3107 2516 3167 verterunt;
2549 3110 2734 3168 postea
2757 3103 2975 3172 quidem
3001 3104 3242 3165 Thomas
3274 3112 3324 3167 in
3359 3113 3767 3184 impressionem

2120 3241 2164 3303 Ο
2200 3192 2473 3246 clavorum
2510 3195 2853 3266 introspexit,
2882 3202 2979 3256 sed
3017 3209 3069 3257 tu
3104 3204 3254 3273 prior
3308 3206 3575 3274 ipsosmet
3606 3213 3771 3267 vidisti

2197 3283 2398 3349 clavos,
2419 3294 2470 3340 et
2496 3288 2672 3344 adhuc
2701 3290 2975 3348 humentis
3003 3293 3210 3352 Christi
3231 3297 3424 3355 lateris
3451 3303 3609 3377 adyta
3636 3319 3774 3361 scru-

2180 3384 2337 3431 tatus
2365 3392 2446 3436 es.

2577 3494 2646 3551 In
2680 3498 2736 3552 id
2762 3502 2905 3570 quod
2934 3501 3146 3560 Thomw
3176 3509 3388 3566 accidit.

2257 3582 2500 3651 Quonam
2515 3591 2674 3646 modo
2693 3592 2893 3651 clausis
2913 3597 3114 3666 ianuis,
3142 3601 3283 3657 intro
3305 3606 3500 3673 pedem
3525 3608 3770 3679 posuisti?

2188 3674 2656 3740 Quemadmodum
2690 3700 2721 3740 ε
2740 3688 3149 3746 circumvallato
3177 3696 3430 3763 sepulcro
3456 3713 3576 3752 sum
3595 3708 3767 3771 egres-

2185 3781 2299 3824 sus.
2351 3769 2422 3825 At
2459 3779 2729 3843 quomodo
2758 3779 2885 3837 inde
2924 3797 3172 3853 egressus
3202 3801 3284 3855 es,
3327 3803 3362 3844 ο
3409 3769 3682 3850 Verbum?
3706 3790 3769 3848 Ut

2187 3861 2471 3936 obsignata
2503 3871 2652 3938 prius
2673 3871 2838 3942 ianua
2863 3877 3060 3945 prodii.

2815 3985 2884 4043 In
2913 3989 3074 4047 idem.

2261 4069 2479 4131 Lancea
2503 4079 2826 4136 transﬁxum
2851 4082 2998 4140 latus
3019 4093 3200 4159 tange,
3230 4087 3478 4164 Didyme,
3511 4094 3689 4167 palpa,
3711 4105 3764 4152 et

2187 4172 2307 4219 esto
2339 4164 2537 4236 ﬁdelis,
2568 4183 2858 4242 meumque
2885 4175 3204 4233 vaticinium
3232 4183 3456 4253 excipe;
3488 4164 3762 4242 erit-tem-

2185 4267 2321 4324 pus,
2374 4271 2498 4312 cum
2545 4268 2633 4314 tua
2680 4262 2900 4319 tandem
2945 4265 3114 4322 latera
3169 4272 3546 4345 transadigent
3583 4276 3762 4333 ferreis

2185 4348 2442 4420 utrinque
2476 4351 2682 4410 lanceis
2713 4353 3020 4428 IEthiopes.

2636 4466 2714 4523 De
2743 4468 3057 4530 dormitione
3095 4475 3349 4550 Virginis.

2260 4576 2541 4649 Mysticam
2568 4581 2850 4640 hominum
2883 4586 3248 4656 frequentiam
3308 4595 3558 4664 intueor;
3584 4599 3758 4663 Maria,

2193 4668 2318 4726 Jesu
2349 4670 2546 4737 Mater,
2573 4675 2812 4731 animam
2845 4681 3089 4747 exhalat,
3117 4700 3279 4754 quam
3318 4692 3596 4758 corporeis
3621 4691 3757 4746 solu-

2192 4770 2299 4816 tam
2317 4762 2509 4819 vinclis
2527 4763 2666 4820 Deus
2690 4769 2890 4841 excipit
2910 4786 2925 4837 ;
2945 4773 3166 4844 jamque
3189 4790 3360 4843 nova),
3387 4780 3581 4848 quibus
3601 4782 3753 4836 advo-

2190 4853 2322 4919 lent,
2343 4854 2543 4926 plumae
2573 4860 2828 4927 apostolis
2855 4878 3204 4924 enascuntur.

2841 4973 2912 5034 In
2957 4981 3115 5038 idem.

2255 5067 2430 5124 Pedes
2488 5069 2804 5138 incedebas,
2860 5072 3043 5142 Pctre,
3091 5088 3147 5132 ut
3191 5080 3282 5149 qui
3324 5084 3753 5154 terrenus;quis

2187 5169 2276 5215 eat
2305 5161 2564 5217 inﬁcias?
2617 5163 2783 5219 nihilo
2816 5173 2997 5223 tamen
3041 5170 3220 5227 secius
3266 5173 3492 5243 pedibus
3545 5192 3749 5247 aequora

2183 5253 2410 5308 tranasti
2447 5255 2587 5325 (visu
2622 5256 2914 5327 mirabile),
2945 5277 3089 5319 nunc
3115 5274 3170 5321 et
3201 5266 3617 5334 aerem,almum
3639 5269 3750 5323 vita:

2184 5344 2521 5413 largitorem,
2561 5349 2891 5420 trausvolas,
2925 5351 3065 5409 intra
3088 5369 3293 5426 paucos
3327 5359 3540 5417 tandem
3569 5360 3677 5415 dies
3697 5359 3744 5413 in

2184 5436 2375 5494 cmlum
2398 5440 2571 5510 ipsum
2603 5441 2798 5500 iturus.
