4042 6206
296 395 440 462 1209
1107 399 1635 462 TETRASTICHA
1677 401 1754 463 IN
1800 401 1929 467 NOl

1969 405 2070 466 ΗΜ
2103 403 2706 470 TESTAMENTUM.
3423 404 3560 468 1210

2416 585 2534 596 ισ-ο

1284 709 1762 806 ΠΡΑΞΕΙΣ
1822 718 2544 809 ΑΙΙΟΣΤΟΛΩΝ.

1886 892 1964 908 _

1109 1021 1542 1112 ACTUS
1616 1021 2724 1120 APOSTOLORUM.

703 1321 808 1390 Ε’ῑς
837 1323 955 1392 τὴν
1005 1326 1461 1394 Πεντηκοστήν.
1913 1329 1952 1392 Δ
1986 1326 2193 1397 Πέτρος
2220 1326 2484 1393 διδάσκει,
2514 1330 2610 1383 καὶ
2641 1329 2727 1392 τες
2747 1331 2806 1384 οὐ
2838 1330 3032 1402 τρέμει
3066 1333 3194 1388 κλύυ

291 1412 610 1485 Περισττρὰ
638 1413 698 1468 τὸ
732 1415 960 1485 Πνεῦμα
982 1417 1059 1488 τῷ
1086 1417 1417 1490 διδασκάλῳ,

291 1507 549 1561 Γλῶσσαι
582 1509 756 1580 πυρὸς
787 1508 846 1562 τὸ
875 1509 1097 1580 Πνεῦμα
1122 1514 1234 1575 τοῖς
1265 1511 1605 1577 ἀποστόλοις*

293 1600 640 1673 Κατέρχεται
660 1606 769 1672 γάρ
796 1603 878 1666 εἷς
904 1602 1189 1674 ὑπηρέτας
1213 1605 1409 1674 Λόγου,

292 1693 404 1746 Καὶ
431 1690 767 1764 συμφλέτειν
795 1694 1088 1764 μέλλοντας
1126 1695 1359 1751 εἰδώλων
1390 1698 1618 1770 πλάνην.

878 1790 983 1857 Εἰς
1011 1789 1077 1844 τὸ
1109 1792 1278 1845 αὐτό.

289 1878 500 1950 Πέρσαι
547 1881 946 1953 πυρσολάτραι,
980 1882 1151 1954 πυρὸς
1181 1883 1343 1937 ἄλλου
1369 1885 1553 1940 τίσατε
1582 1885 1762 1953 φύσιν,

295 1974 364 2027 ’0
396 1973 506 2045 πρὸ
532 1974 619 2029 διὰ
638 1976 927 2046 στομάτων
968 1975 1278 2046 ὑποφήταις
1305 1976 1485 2048 ἕρχετ’
1531 1975 1728 2049 Ἰησοῦ,

288 2065 516 2128 Τισατε,
547 2067 690 2138 δφρα
717 2068 854 2137 φάος
890 2067 1025 2139 μηδὲ
1057 2067 1238 2138 φλόγα
1277 2067 1434 2122 ἔνθεν
1460 2069 1671 2139 ἄροιτο,

285 2159 602 2221 Δυσσεσέας
641 2160 986 2231 πρήθουσαν,
1018 2159 1356 2233 άγρὼστιδος
1379 2160 1511 2231 ἠΰτε
1543 2163 1758 2233 χόρτον.

359 2255 466 2318 Εἰς
540 2254 814 2308 Ματθίαν
867 2253 974 2308 τὸν
1036 2253 1236 2309 Ἰούδα
1279 2255 1467 2309 τόπον
1520 2255 1798 2326 ἀναπλη-

945 2362 1020 2415 ρο
1029 2345 1196 2400 ῦντα.

302 2437 530 2505 Ἰοῦστε,
553 2439 651 2493 καὶ
681 2438 747 2492 σὺ
777 2438 961 2504 καλὸς,
990 2439 1109 2494 ἀλλ’
1127 2440 1156 2493 ὁ
1179 2439 1432 2505 Ματθίας

287 2530 396 2586 Τὸν
435 2531 637 2586 κύκλον
660 2531 796 2601 ὲπλή
809 2549 949 2604 ρωσε
981 2531 1092 2586 τῶν
1115 2533 1455 2588 ἁποστόλωψ

287 2625 403 2697 Τὴν
428 2625 589 2691 ἀξίαν
621 2626 730 2700 γὰρ
753 2625 1026 2698 λαμϐάνει
1052 2627 1148 2682 καὶ
1171 2625 1272 2698 τὴν
1301 2628 1462 2700 χάριν

288 2716 415 2788 Ἀφ’
443 2713 510 2792 ἦς
536 2717 742 2783 Ἰούδας
765 2719 1017 2790 ἀφρόνως
1041 2719 1357 2792 ἀπερράγη.

875 2814 984 2879 Εἰς
1015 2812 1086 2866 τὸ
1116 2813 1287 2868 αὐτό.

283 2906 565 2970 Μωῦσέως
599 2901 884 2978 παλάμῃσι
914 2906 1258 2978 τροπάσκετο
1283 2905 1442 2962 ’ἐθνεα
1471 2909 1660 2976 πάλαι,

283 2999 401 3054 Νῦν
428 2999 485 3053 δὲ
513 3000 720 3072 Πέτρου
753 2999 1038 3070 παλάμῃσι
1086 2998 1335 3064 θεουδέος
1367 3001 1545 3055 ἕλκετ’
1572 3001 1786 3058 ἄνωθεν

289 3088 520 3159 Πνεῦμα
553 3091 728 3160 μέγας
761 3089 1120 3161 Παράκλητος
1175 3089 1266 3142 ἐπ’
1312 3090 1643 3165 ἀνδρομέῃσι
1694 3111 1870 3164 κεφα-

1733 3183 1867 3258 ὶλῇς’

286 3276 532 3332 Ματθίου
567 3274 716 3345 ἀμφὶ
735 3272 983 3345 κόρυμϐα
1019 3273 1187 3346 κόρας
1226 3275 1412 3346 βαλεῦ,
1454 3276 1531 3341 ὡς
1563 3295 1626 3332 κε
1659 3277 1865 3350 δαείῃς.

595 3370 702 3435 Εἰς
747 3367 862 3436 τὴν
905 3368 1253 3438 κατήχησιν
1299 3367 1554 3437 Πέτρου.

282 3462 495 3532 Πέτρος
522 3463 770 3532 κατηχεῖ,
799 3462 897 3515 καὶ
927 3461 1008 3526 τίς
1030 3462 1262 3533 ἀπειθὴς
1295 3461 1442 3533 μένει
1471 3480 1486 3530 ;

785 3620 865 3674 De
889 3619 974 3674 die
1005 3619 1365 3676 Pentecostes.

367 3714 635 3774 Columba
667 3711 892 3769 Christo
945 3712 1210 3783 magistro
1246 3712 1594 3768 advenientis
1627 3711 1868 3784 Spiritus

285 3805 593 3881 symbolum
623 3805 747 3870 fuit,
790 3803 1058 3876 apostolis
1084 3819 1213 3860 vero
1249 3805 1422 3874 igneae
1453 3805 1655 3877 linguae
1687 3805 1862 3877 Spiri-

286 3911 400 3957 tum
427 3909 676 3956 sanctum
700 3897 1101 3966 demonstrant,
1133 3895 1227 3966 qtti
1252 3897 1305 3952 in
1334 3897 1495 3953 Verbi
1527 3897 1812 3954 ministros
1836 3913 1868 3953 θ

282 3994 427 4053 cosio
449 3991 748 4058 descendit,
774 3989 1070 4062 apostolos,
1094 3991 1341 4062 inquam,
1364 3990 1629 4048 idolorum
1649 4006 1868 4049 concre-

283 4099 530 4144 maturos
551 4098 816 4143 errorem.

935 4174 1003 4231 In
1032 4176 1192 4233 idem.

356 4273 463 4340 Qui
491 4270 736 4327 ﬂammas
765 4269 1024 4335 adoratis,
1048 4286 1080 4325 o
1105 4270 1304 4336 Persae,
1338 4269 1503 4325 alium
1548 4270 1725 4340 ignem
1770 4285 1868 4334 eo.

281 4369 381 4423 lite
437 4365 528 4436 qui
569 4379 668 4436 per
726 4364 1086 4434 interpretum
1120 4362 1329 4418 Christi
1362 4377 1457 4418 ora
1495 4363 1861 4433 progreditur,

283 4461 472 4527 colite,
507 4469 565 4512 ut
598 4456 723 4512 inde
757 4455 962 4523 lumen,
1021 4470 1126 4510 non
1164 4456 1465 4511 candentes
1519 4471 1722 4524 prunas
1775 4471 1866 4511 re-

285 4547 538 4619 portetis,
586 4558 707 4614 qua
767 4542 984 4612 impios,
1035 4543 1300 4613 graminis
1356 4543 1527 4598 instar
1577 4553 1670 4596 aut
1729 4541 1860 4610 feni,

283 4641 634 4697 comburunt.

537 4749 612 4802 De
645 4747 855 4804 Mat/tia
882 4749 937 4803 in
969 4747 1135 4802 Judw
1168 4748 1341 4802 locum
1373 4747 1616 4817 suffecto.

350 4842 738 4899 Sanctimoniaa
771 4842 966 4896 merito
984 4840 1213 4897 celebris
1233 4854 1377 4905 eras,
1408 4856 1442 4896 o
1467 4839 1614 4908 juste
1641 4835 1863 4907 Ioseph,

284 4935 516 4991 Matiiias
549 4943 730 4990 tamen
787 4933 1158 5003 apostolorum
1197 4949 1484 4988 numerum
1543 4933 1860 5002 supplevit;

281 5040 506 5099 act-cpta
564 5028 824 5098 dignitate
879 5037 933 5082 et
960 5028 1154 5098 gratia,
1187 5045 1214 5082 a
1243 5026 1533 5098 qualndas
1561 5043 1657 5097 per
1681 5027 1866 5082 incon-

280 5121 477 5178 sultam
513 5121 874 5176 temeritatem
908 5119 1205 5175 deciderat.

943 5223 1011 5279 In
1046 5227 1205 5279 idem.

357 5320 559 5377 Gentes
586 5321 714 5377 olim
746 5318 914 5376 Mosis
973 5318 1224 5373 manibus
1259 5317 1312 5371 in
1341 5316 1523 5387 fugam
1555 5316 1859 5383 dabantur;

1981 1418 2086 1471 Τοῦ
2122 1418 2438 1488 Πνεύματος
2467 1423 2755 1486 λαλοῦντος
2791 1426 2848 1477 ἐν
2876 1424 3100 1497 γλώσσῃ
3137 1429 3390 1497 Πέτρου;

1983 1512 2047 1564 ’Ὠ
2078 1511 2302 1581 γλῶσσα
2345 1517 2538 1584 σεπτὴ,
2570 1516 2680 1588 πῦρ
2707 1517 2887 1582 λαλεῖς
2925 1536 2984 1572 τε
3025 1522 3119 1574 καὶ
3170 1521 3376 1585 πνέεις.

2568 1633 2676 1695 Εἰς
2718 1631 2785 1684 τὸ
2820 1633 2990 1688 αὐτό.

1976 1719 2182 1790 Πέτρος
2211 1720 2284 1774 ὅδ’
2314 1721 2672 1794 άτρεκέεσσιν
2706 1723 2812 1778 ὑπὸ
2844 1724 3182 1794 στομάτεσσι
3230 1726 3478 1780 διδάσκει

1972 1811 2233 1883 Χριστὸν,
2261 1813 2418 1884 ἄθρει
2446 1814 2491 1868 δ’
2532 1814 2753 1886 ἀΐδηλον
2782 1816 2890 1871 ἀπὸ
2928 1815 3124 1887 φλόγα,
3177 1817 3370 1890 λῷστε,
3407 1821 3556 1873 κιοῦ-

3456 1933 3554 1968 σαν

1972 1997 2256 2069 Γλώσσης,
2287 2000 2321 2070 ἦ
2357 2018 2448 2071 μιν
2474 2002 2700 2074 ἀνήνατ*
2722 2003 2815 2058 ἐπὶ
2847 2007 3102 2076 σταυροῖο
3135 2004 3373 2078 βεϐῶτα.
3430 1912 3449 1988 ἶ

1971 2087 2216 2144 Κέκλυτε
2246 2090 2415 2146 τῶνδε
2442 2092 2617 2162 λόγων
2657 2095 2869 2169 ἁλιῆος,
2901 2097 3135 2154 κέκλυτε
3185 2101 3415 2164 πάντες.

1963 2190 1974 2206 ’
2040 2203 2149 2273 Εἰς
2175 2204 2286 2262 τὸν
2316 2207 2436 2262 ὑπὸ
2485 2210 2712 2277 Πέτρου
2761 2212 2860 2266 καὶ
2916 2213 3197 2269 Ἰωάννου
3249 2215 3486 2271 ιαθέντα

2660 2306 2884 2374 χωλόν.

1969 2389 2149 2455 me,
2178 2392 2486 2463 προσαίτει,
2508 2394 2713 2467 Πέτρος
2749 2396 2922 2466 ἐγγύς
2945 2399 3066 2452 ἐστί
3096 2415 3207 2452 σουο

1981 2485 2275 2556 Ἀργύριον
2302 2487 2403 2558 μὲν
2434 2489 2496 2542 οὐ
2527 2489 2719 2562 λάϐῃς,
2749 2491 2781 2564 ἢ
2821 2495 3093 2563 χρυσίονή

1982 2577 2320 2649 Ἀνάργυρον
2349 2579 2406 2632 δὲ
2441 2579 2540 2652 τὴν
2572 2581 2820 2653 ἰατρείαν
2842 2584 3037 2658 λάϐῃς

1907 2687 1951 2744 Β
1981 2670 2138 2742 Λόγῳ
2170 2671 2278 2744 γὰρ
2313 2673 2439 2744 ἄρτι
2472 2674 2643 2728 σῶσαι
2677 2675 2837 2741 δείξει
2869 2680 2962 2731 καὶ
2989 2677 3158 2749 μόνῳ.

2551 2791 2657 2861 Εἰς
2693 2795 2758 2849 τὸ
2813 2797 2983 2852 αὑτό.

1971 2883 2161 2948 Χωλδς
2189 2885 2328 2957 ἀνὴρ
2358 2885 2462 2941 ἀνά
2493 2887 2660 2958 σηκὸν
2685 2887 2943 2961 ἐϐήσατο,
2966 2892 3028 2945 ἐκ
3063 2891 3108 2945 δ’
3137 2890 3245 2962 ἄρα
3279 2893 3448 2965 σηκοῦ

1983 2974 2238 3046 Ἀρτίπος
2261 2973 2420 3048 ἧλθε⁶
2445 2980 2652 3050 Πέτρος
2682 2985 2794 3050 γὰρ
2822 2982 3080 3036 ἐκέκλετο
3113 2984 3249 3054 ὀρθὰ
3281 2984 3546 3054 βαδίζειν·

1973 3065 2140 3140 Ἀτάρ
2164 3069 2469 3144 ἀτασθαλίῃ
2498 3075 2894 3145 κακομήχανος
2926 3077 3242 3148 ἀρχιερήων

1975 3158 2064 3214 Ἐν
2099 3163 2300 3234 κραδίῃ
2344 3163 2610 3236 χὼλευσε,
2637 3169 2734 3219 καὶ
2772 3166 2981 3236 ἔμπαλι
3015 3168 3220 3239 βήσατο
3242 3169 3280 3240 ἦ·
3303 3170 3501 3242 χωλοῦ.

2144 3277 2249 3346 Εἰς
2279 3278 2351 3333 τὰ
2383 3280 2538 3334 κατὰ
2567 3277 2852 3335 Ἀνανίαν
2875 3282 2973 3337 καὶ
3017 3283 3382 3353 Σάπφειραν.

1971 3369 2038 3423 Ti
2067 3367 2274 3438 ταῦτα;
2309 3369 2505 3443 Πέτρε,
2539 3373 2787 3437 θανατοῖς
2811 3375 3063 3429 Ἀνανίαν

1975 3463 2157 3534 Ἀπαξ
2183 3464 2616 3540 ἁμαρτήσαντας
2665 3467 2775 3520 Καὶ
2803 3466 2913 3540 μὴν
2949 3468 3048 3540 οὐχ
3071 3466 3244 3534 ἅπαξ,

1970 3628 2225 3685 severet?
2260 3626 2486 3686 docente
2521 3629 2708 3698 Petro,
2745 3631 2866 3703 quis
2891 3632 2976 3689 vel
2997 3632 3275 3690 auditione
3302 3648 3408 3689 non
3441 3642 3551 3690 tre-

1970 3722 2091 3787 mit,
2125 3737 2248 3779 eum
2295 3722 2413 3794 ejus
2459 3724 2752 3794 eloquatur
2781 3724 2969 3796 lingua
3001 3726 3242 3796 Spiritus
3277 3729 3550 3784 sanctus?

1970 3813 2015 3872 0
2047 3817 2350 3874 veneranda
2399 3816 2623 3886 linguai
2674 3817 2858 3890 ignem
2926 3817 3213 3889 loqueris,
3271 3828 3326 3874 et
3371 3819 3550 3890 ignem

1974 3907 2239 3979 inspiras.

2627 4000 2691 4057 In
2743 4001 2910 4057 idem.

2048 4099 2129 4155 En
2165 4099 2283 4170 ipse
2310 4096 2510 4153 Petrus
2537 4095 2926 4166 oreintrepido
2954 4095 3154 4152 Chrisﬁ
3181 4095 3339 4152 ﬁdem
3369 4097 3546 4163 docet;

1969 4193 2287 4260 considera,
2315 4192 2400 4263 vir
2434 4192 2602 4256 bone,
2653 4189 3114 4260 perstringentem
3151 4189 3340 4245 oculos
3391 4188 3547 4243 llam-

1970 4302 2113 4341 mam
2152 4300 2184 4342 e
2220 4285 2400 4354 lingua
2446 4283 2841 4353 prosilientem,
2883 4297 3002 4353 quae
3053 4285 3225 4352 ipsum
3275 4282 3342 4337 de
3404 4281 3548 4349 ligno

1974 4379 2296 4450 pendentem
2327 4385 2624 4448 negaverat
2658 4391 2673 4430 :
2709 4376 2999 4446 piscatoris
3032 4377 3214 4430 audite
3243 4389 3544 4438 sermones,

1967 4488 2156 4529 omnes
2187 4470 2509 4528 auscultate.

2133 4564 2197 4619 In
2221 4565 2472 4618 claudum
2507 4579 2540 4617 a
2569 4560 2733 4618 Petro
2789 4569 2839 4617 et
2867 4560 3078 4615 Joanne
3110 4567 3377 4613 sanatum.

2039 4657 2249 4728 Stipem
2296 4668 2458 4726 pete,
2503 4656 2744 4726 loripes,
2801 4656 2893 4709 tibi
2943 4665 3142 4724 praesto
3172 4663 3255 4707 est
3308 4652 3541 4718 Petrus;

1967 4757 2250 4822 argentum
2306 4751 2524 4821 quidem
2574 4760 2668 4804 aut
2700 4764 2891 4802 aurum
2927 4763 3032 4802 non
3066 4761 3124 4800 es
3180 4755 3498 4814 accepturus
3525 4785 3543 4812 ,

1966 4847 2061 4900 sed
2113 4845 2258 4899 nullo
2308 4845 2643 4912 redemplam
2700 4850 2926 4913 argento
2978 4839 3343 4904 medicinam;
3398 4853 3543 4891 nunc

1967 4938 2111 4992 enim
2156 4936 2503 4992 manifestum
2552 4934 2716 4990 faciet
2769 4950 2829 4989 se
2900 4933 2985 4989 vel
3025 4933 3139 4988 solo
3193 4945 3348 5002 posse
3380 4934 3543 4985 verbo

1966 5045 2181 5084 sanare.

2626 5124 2689 5179 In
2719 5124 2872 5179 idem.

2031 5213 2207 5269 Homo
2239 5214 2466 5270 claudus
2499 5215 2549 5270 in
2584 5218 2841 5284 templum
2895 5217 3199 5285 ingressus,
3253 5228 3284 5267 e
3341 5211 3541 5281 templo

1964 5307 2188 5378 pedibus
2225 5307 2410 5361 valens
2438 5323 2715 5378 regressus
2747 5316 2850 5372 est,
2886 5323 3008 5362 nam
3046 5322 3169 5361 eum
3204 5304 3399 5361 Petrus
3454 5321 3543 5361 re-

281 5417 430 5470 n‘unc
469 5420 648 5468 autem
685 5411 921 5482 religiosi
950 5408 1098 5466 Petri
1142 5409 1392 5464 manibus
1420 5408 1638 5463 caelitus
1668 5419 1852 5463 extra-
1881 5407 1934 5469 D
1961 5408 2106 5455 clum
2156 5401 2235 5453 ire
2276 5400 2535 5469 iusserat,
2581 5401 2673 5456 sed
2701 5401 2765 5455 ad
2794 5400 2993 5454 malum
3037 5399 3317 5469 ingeniosa
3359 5413 3542 5453 sacer—

281 5509 432 5561 hitur
487 5507 542 5559 iu
598 5504 879 5560 hominum
936 5503 1179 5558 cervices
1253 5516 1482 5570 magnus
1540 5501 1860 5558 c0nsolator

281 5585 567 5670 Sp'iritus;
609 5598 661 5654 in
703 5596 915 5653 Matini-aa
947 5596 1204 5652 verticem
1231 5595 1419 5651 oculos
1448 5595 1688 5662 intende,
1749 5609 1859 5666 quo

281 5693 576 5750 resciscas.

776 5785 840 5842 In
864 5783 1007 5839 Petri
1038 5783 1363 5838 calca/actim.

354 5881 580 5939 Dicente
607 5879 792 5950 Petro,
824 5877 945 5950 quis
971 5878 1369 5934 contumaciter
1398 5875 1708 5933 incredulus
1741 5892 1861 5948 per-

1964 5495 2148 5551 dotum
2180 5494 2435 5564 pravitas,
2472 5495 2653 5549 animo
2679 5493 3126 5563 claudicantiutn,
3163 5502 3348 5547 contra
3377 5507 3538 5562 quam

1966 5589 2070 5646 iret
2096 5589 2184 5643 hic
2213 5588 2461 5657 claudus,
2499 5589 2830 5643 ambulabat.

2039 5694 2115 5750 De
2141 5695 2228 5759 iis,
2280 5709 2400 5764 qua:
2447 5695 2670 5748 Ananiae
2729 5703 2776 5748 et
2812 5692 3089 5762 Sapphira:
3134 5693 3466 5747 acciderunt.

2042 5788 2181 5856 Quid
2207 5787 2404 5854 isthuc,
2439 5787 2637 5844 Petrei
2669 5787 2938 5843 Ananiam
2969 5797 3143 5845 morte
3172 5789 3393 5853 multas,
3445 5788 3536 5855 qui

1971 5879 2138 5938 semel
2160 5876 2505 5937 oil‘enderat?
2535 5877 2629 5937 Nae
2663 5894 2771 5938 non
2809 5887 3015 5937 tantum
3049 5880 3237 5949 semel,
3287 5878 3382 5936 sed
3419 5880 3544 5934 inii~
