3880 6206
475 323 610 389 1211

473 439 792 510 ’Δπειρὰκις
831 439 886 494 δὲ
920 439 1235 510 συμπαθεῖν
1265 440 1613 512 ὲπετράπης.

474 531 598 598 Ναὶ,
633 531 727 584 τοῦ
765 532 934 586 κακοῦ
961 533 1018 586 δὲ
1051 533 1149 604 τὴν
1175 534 1434 605 ἀπαρχὴν
1467 531 1682 588 κωλύω.

1041 629 1147 692 Εἰς
1176 627 1242 680 τὸ
1273 629 1443 681 αὑτό.

481 715 763 787 ’Λννανίην
830 717 947 770 ποτ’
1011 717 1213 786 ἔπεφνε

1802 806 2048 881 [Πνεῦμα

472 895 724 956 Ψεύσατο
762 897 1153 968 παμμεδέοντα
1181 898 1424 968 βασιλέα,
1450 902 1547 973 τῆς
1584 901 1641 955 δέ
1668 919 1762 956 κεν
1793 899 1940 969 ὠνῆς

470 980 684 1058 κλέψεν
720 990 824 1043 ἑῶν
860 991 1127 1055 κτεάνων,
1165 993 1274 1046 ἀπὸ
1297 993 1341 1046 δ’
1391 996 1567 1049 εἵλετο
1593 998 1785 1066 μοῖραν
1817 995 2047 1048 ἐκεῖθεν.

444 1120 448 1124 -
472 1081 800 1148 Ψευδολόγοι
825 1084 1170 1153 τρομέωμενο
1194 1086 1222 1138 ὁ
1261 1086 1369 1156 γὰρ
1389 1088 1558 1152 τύπος
1585 1087 1777 1156 ἐγγύθι
1812 1092 2011 1142 κεῖται.

538 1177 642 1241 Εἰς
669 1175 810 1240 τοὺς
873 1176 992 1229 ὑπὸ
1051 1177 1162 1244 τῆς
1192 1179 1370 1247 σκιᾶς
1401 1181 1626 1248 Πέτρου
1657 1183 1968 1251 ἰωμένους.

471 1269 568 1322 Ἂν
608 1267 732 1321 σκιὰ
764 1268 972 1336 Πέτρου
1009 1270 1108 1333 τὰς
1135 1272 1323 1336 νόσους
1349 1275 1516 1345 ἄρδην
1543 1274 1668 1346 λύῃ,

469 1359 535 1411 Τί
566 1359 752 1412 λοιπὸν
783 1359 1081 1428 ἐργάσαιτο
1113 1364 1364 1431 ταύταςς
1397 1367 1519 1420 εἰπέ
1545 1382 1660 1439 μοι’

479 1452 542 1506 ’0
572 1451 782 1523 Πέτρος
814 1452 1001 1519 αὐτὸς,
1030 1457 1122 1509 καὶ
1153 1457 1214 1510 τὸ
1242 1458 1335 1512 τοῦ
1378 1461 1588 1531 Πέτρου
1631 1461 1807 1532 στόμα
1839 1479 1854 1527 ;

469 1545 694 1608 Πάντως
726 1543 889 1599 πλέον
915 1549 1019 1619 σχῇ
1056 1551 1154 1620 τῆς
1190 1551 1400 1621 Πέτρου
1437 1553 1596 1616 σκιᾶς
1629 1553 1860 1623 Πέτρος.

1048 1667 1153 1732 Εἲς
1184 1666 1252 1720 τό
1284 1669 1458 1724 αὑτό.

477 1760 545 1811 Ἦ
577 1760 704 1814 σκιὰ
733 1762 832 1815 οὐκ
859 1761 1142 1833 ἁτρέκεια.
1175 1762 1383 1832 Πέτρου
1422 1763 1476 1815 δέ
1498 1779 1556 1814 τε
1591 1763 1687 1817 καὶ
1713 1763 1838 1818 σκιά
1866 1763 2019 1834 αὐτὴν

468 1853 779 1922 Ἀτρεκέως
811 1857 1096 1916 νοσέοντας
1123 1855 1337 1926 ἰήσατο,
1368 1853 1554 1923 θαῦμα
1595 1856 1823 1910 ἰδέσθαιο

469 1946 624 2009 Τοῖος
659 1949 967 2013 ἐπισκιάοις
997 1965 1087 2016 με,
1116 1949 1432 2020 μακάρτατε
1466 1951 1664 2020 Πέτρε,
1693 1949 1972 2015 νοσεῦντα,

470 2040 622 2110 Μηδέ
652 2058 709 2093 τε
734 2045 877 2106 τοῖος
907 2043 1022 2114 ἕης,
1054 2039 1163 2107 οἷός
1204 2059 1332 2100 ποτε
1361 2045 1496 2113 ἀμφ’
1535 2045 1804 2114 Ἀνανίην.

467 2155 573 2219 Εὶς
606 2152 718 2223 τὴν
743 2154 1036 2225 φυλακὴν
1079 2157 1330 2282 Πείρου,
1363 2157 1461 2213 καὶ
1503 2158 1620 2226 τὴν
1657 2160 1758 2215 ὑπ’
1786 2159 2044 2230 ἀγγέλου

1181 2244 1342 2282 υσιν.

1181 2244 1342 2282 υσίν.

477 2318 538 2373 '0
575 2318 801 2383 δυνατὸς
823 2319 891 2372 τὰ
918 2321 1096 2374 πάντα
1124 2321 1345 2391 δεσμεῖν
1378 2323 1469 2374 καὶ
1495 2322 1644 2376 λύειν

468 2411 804 2481 Δεσμεύεται
829 2410 946 2476 νῦν,
983 2414 1078 2466 καὶ
1103 2412 1498 2483 καθείργνυται
1537 2417 1766 2487 Πέτροςθ

469 2504 613 2557 ’Δλ).’
646 2503 877 2573 ἄγγελος
908 2507 977 2557 τὰ
1009 2504 1256 2576 κλεῖθρα,
1281 2506 1350 2559 τὰ
1382 2507 1534 2560 κλοιὰ
1564 2511 1791 2577 κλάσας,

481 2596 735 2649 Ἐωθινὸν
776 2601 994 2668 κήρυκα
1030 2598 1243 2666 πέμπει
1269 2601 1381 2662 τοῖς
1419 2602 1619 2672 ὄχλοις.

1044 2692 1148 2759 Εὶς
1179 2696 1244 2748 τὸ
1285 2696 1454 2749 αὐτό.

470 2779 702 2850 Εἴρξατε
733 2783 940 2853 Πέτρον
977 2784 1137 2855 ὔμες,
1171 2786 1405 2857 Χριστὸς
1439 2788 1483 2842 δ’
1511 2790 1764 2859 ἀπὲ>.υσ⁹,
1805 2793 2008 2865 ἱερῆες,

469 2873 704 2944 Χριστὸς
760 2877 970 2947 Πέτρον
1031 2878 1211 2944 ἔλυσε,
1266 2882 1358 2934 καὶ
1422 2882 1648 2952 ἀμεταδὰ
1689 2886 1869 2957 πέμπε
1907 2889 2053 2943 διδά-

1856 2980 2053 3055 [σκεινδ

472 3126 578 3183 ties
622 3129 835 3184 veniam
891 3145 1078 3200 iussus
1135 3147 1192 3189 cs
1230 3137 1656 3193 misericorditer
1719 3140 2039 3213 indulgere:

470 3235 656 3275 verum
689 3222 740 3277 id
764 3223 980 3294 quidem
1013 3234 1115 3292 est,
1149 3229 1244 3282 sed
1276 3230 1399 3287 mali
1435 3233 1703 3300 primitias
1733 3247 2040 3292 anteverto.

1140 3343 1202 3398 In
1251 3345 1409 3400 idem.

545 3432 694 3488 Petri
719 3434 1018 3506 increpatio
1041 3439 1316 3506 quondam
1347 3442 1572 3496 Ananim
1621 3456 1853 3499 mortem
1903 3445 2046 3500 intu-

468 3525 553 3591 lit,
589 3529 730 3596 quod
761 3527 984 3598 Spiritui
1033 3531 1138 3587 late
1174 3539 1448 3606 regnantis
1505 3537 1595 3592 Dei
1648 3541 1928 3606 mentitus,
1983 3543 2045 3596 de

467 3620 643 3688 pretio
679 3620 996 3677 facultatum
1023 3639 1267 3691 suarum,
1300 3639 1452 3696 parte
1499 3629 1621 3685 inde
1650 3632 1849 3698 ablata,
1879 3630 2045 3686 sulfu-

467 3719 620 3767 ratus
644 3709 840 3768 fuerat.
868 3713 979 3771 Nos
1010 3716 1413 3774 mendaciorum
1447 3729 1742 3778 tremamus
1776 3725 2042 3785 artiﬁces:

467 3803 570 3859 llOC
611 3807 755 3860 enim
792 3808 951 3863 nobis
978 3813 1314 3879 propositum
1345 3826 1428 3869 εει
1463 3819 1761 3885 exemplar.

697 3923 774 3978 De
804 3926 868 3980 iis
904 3927 994 3996 qui
1025 3926 1171 3982 Petri
1200 3930 1383 3986 umbra
1425 3936 1598 3988 sanati
1632 3945 1774 3992 sunt.

539 4036 595 4092 Si
635 4034 779 4093 Petri
817 4041 1004 4100 umbra
1039 4057 1230 4106 omnes
1269 4061 1490 4116 prorsus
1552 4051 1899 4118 aegritudines
1936 4055 2044 4117 dis-

463 4133 652 4194 cussit,
680 4133 805 4200 quid
838 4135 891 4189 in
923 4150 1015 4194 eas
1043 4139 1109 4193 de
1140 4147 1340 4200 caetero
1369 4141 1620 4205 facturus
1654 4157 1757 4210 est,
1793 4147 1923 4204 milii
1966 4147 2046 4209 lo-

461 4240 648 4294 quere,
703 4225 895 4287 Petrus
945 4228 1081 4300 ipse,
1141 4241 1197 4287 et
1254 4233 1371 4303 ejus
1420 4239 1531 4298 oris
1561 4238 1883 4307 imperium?
1916 4238 2043 4296 Plus

460 4319 682 4374 Ollllllllo
702 4318 1102 4392 Petrus,quam
1132 4323 1278 4379 Petri
1301 4326 1488 4384 umbra
1522 4328 1781 4399 consequi
1817 4331 2038 4400 poterit.

641 4484 644 4487 .
1112 4431 1174 4486 In
1206 4434 1366 4490 idem.

537 4517 737 4576 Umbra
767 4537 870 4577 non
901 4531 983 4578 est
1007 4525 1228 4594 veritas;
1264 4535 1440 4584 tamen
1472 4529 1556 4584 vel
1590 4530 1702 4586 sola
1731 4530 1876 4591 Petri
1911 4550 2029 4588 um-

463 4614 556 4666 bra
610 4614 753 4672 (visu
814 4617 1084 4685 mirabile)
1149 4619 1291 4674 male
1345 4619 1568 4676 allectos
1628 4637 1753 4680 vere
1803 4626 2033 4681 curavit.

462 4704 612 4761 Talis
643 4721 728 4762 me
765 4708 1060 4765 invalidum
1095 4710 1391 4780 inumbres,
1425 4729 1458 4768 ο
1487 4716 1793 4772 beatissime
1843 4717 2038 4784 Petro;

459 4815 560 4856 nec
593 4805 1045 4872 quemadmodum
1098 4807 1226 4863 olim
1279 4810 1333 4865 in
1390 4809 1677 4881 Ananiam,
1718 4814 1799 4868 sie
1853 4814 1905 4868 in
1955 4830 2043 4871 me

457 4898 671 4953 saevias.

661 5013 737 5068 De
773 5013 920 5070 Petri
950 5019 1214 5082 custodia,
1247 5020 1459 5090 ejusque
1496 5021 1825 5080 liberatione.

530 5125 703 5186 Penes
746 5146 905 5201 quem
957 5132 1130 5203 ligare
1178 5137 1360 5191 omnia
1406 5137 1571 5193 situm
1604 5148 1708 5207 est,
1741 5157 1950 5200 necnon
1989 5157 2044 5203 et

458 5221 690 5291 solvere,
728 5225 965 5281 vincitur
1016 5243 1160 5285 nunc
1207 5229 1402 5286 Petrus
1456 5246 1522 5286 ac
1584 5235 1856 5291 detinetur
1897 5255 1912 5293 :
1949 5239 2042 5295 sed

458 5331 584 5371 eum
615 5319 862 5388 angelus,
901 5321 1145 5380 vectibus
1203 5339 1267 5380 ac
1295 5325 1544 5381 numellis
1576 5327 1886 5398 perfractis,
1923 5349 2043 5390 ma-

461 5410 695 5468 tutinum
725 5414 1057 5471 multitudini
1090 5432 1395 5487 praeconem
1427 5419 1615 5475 mittit.

1143 5533 1208 5588 In
1235 5533 1393 5590 idem.

529 5646 639 5704 Vos
695 5647 912 5704 Petrum
967 5648 1334 5718 conclusistis,
1389 5654 1738 5722 sacerdotes;
1786 5653 2040 5712 Christus

456 5741 680 5811 eripuit,
710 5752 763 5798 et
787 5751 1055 5812 ereptura,
1089 5744 1371 5815 propalam
1396 5757 1453 5801 ut
1484 5749 1722 5814 doceret,
1756 5748 2039 5820 allegavit;

457 5832 685 5904 ipsemet
731 5851 859 5893 vero
908 5837 1161 5894 Christus
1209 5854 1317 5895 non
1375 5839 1641 5910 seipsum.
1672 5842 1904 5912 vinclis,
1941 5846 2039 5902 sed

1672 325 2068 388 THEODORI
2111 327 2514 390 PRODROMI

2071 3073 2118 3137 ο

3583 321 3702 388 1212

2065 449 2111 508 Α
2144 443 2380 514 Χριστὸν
2418 444 2464 499 δ’
2504 445 2602 498 οὐκ
2633 442 2697 499 ἂν
2731 443 2907 511 ἔλυσε,
2958 443 3127 515 μόρου
3157 438 3544 513 δ’,ἀνεσὼσατο
3581 440 3694 508 Χρι-

3577 536 3698 606 [τός.

2147 629 2479 695 Δυσσεόἐες,
2500 630 2788 702 πείσθητεο
2822 630 3033 702 νεκρῶν
3056 629 3165 701 γὰρ
3201 626 3466 698 ἁπέγρετ’
3489 626 3700 696 Ἰησοῦς.

1300 719 1514 790 Πέτρου
1585 717 1744 788 λόγος
1769 716 2043 816 νυξῦνξκα
2147 745 2255 813 Εἰς
2283 745 2397 814 τὴν
2451 747 2815 816 συμϐουλὴν
2847 747 3188 816 Γαμαλιὴλ,
3231 745 3318 799 ὅτι
3352 743 3448 798 δεῖ
3477 743 3562 813 μὴ
3611 761 3700 798 κω

2642 819 2815 872 λύειν
2843 819 2905 872 τὸ
2936 818 3233 887 κήρυγμα.

2156 936 2350 1005 Ἀφες,
2381 936 2622 1007 πονηρὲ,
2655 936 2781 998 τοὺς
2805 934 3141 999 ἀποστόλους
3164 934 3367 1004 λέγειν.

2150 1027 2404 1091 Γλωσσας
2433 1031 2608 1097 πυρὸς
2641 1031 2867 1111 φέρουσι
2895 1046 2908 1059 ·
2940 1029 3152 1099 φρῖξαν.
3185 1027 3462 1100 ἐφρύγης’

2151 1122 2274 1191 Θεῷ
2309 1122 2418 1192 γὰρ
2447 1121 2546 1174 οὐκ
2575 1121 2640 1176 ἂν
2662 1122 3017 1193 ἀντιπράξειν
3054 1121 3304 1193 ἰσχύσῃς,

2163 1215 2222 1270 '0
2254 1216 2341 1279 σὸς
2366 1213 2652 1286 Γαμαλιήλ
2685 1231 2744 1268 σε
2777 1214 3013 1268 πειθέτω
3042 1215 3241 1284 λέγων.

2728 1322 2832 1387 Εἰς
2877 1324 2942 1376 τὸ
2975 1323 3144 1378 αὐτό.

2157 1416 2256 1480 Τίς
2294 1415 2421 1469 ποθ’
2446 1419 2473 1470 ὁ
2498 1416 2923 1486 πρεσϐυτέροισι
2957 1415 3132 1487 καλὴν
3165 1413 3436 1486 amomo
3464 1411 3648 1484 βουλὴν

2167 1508 2386 1574 Ἐσθλὸς
2410 1511 2570 1583 ἀνὴρ,
2610 1510 2853 1582 μεθέμεν
2888 1509 3233 1581 θεοκήρυκας
3262 1509 3378 1580 ὄρθ’
3399 1508 3705 1578 ἀγορεύεινς

2155 1603 2307 1672 Μηδὲ
2335 1604 2471 1656 Θεοῦ
2509 1603 2882 1675 προπάροιθεν
2913 1603 3191 1657 ἀτάσθαλα
3220 1601 3465 1654 δάκτυλα
3492 1601 3706 1666 τείνειν;

2079 1714 2121 1770 Β
2153 1697 2436 1770 Γαμαλιὴλ
2451 1697 2547 1763 ὅδ’,
2579 1699 2791 1770 ἄριστε,
2821 1699 3146 1768 φαρισσαίος
3175 1694 3516 1766 νομομαθὴς.

2317 1814 2420 1878 Εἰς
2455 1811 2570 1881 τὴν
2598 1810 2864 1881 ἐκλογὴν
2902 1808 3021 1864 τῶν
3061 1809 3209 1864 ἑπτὰ
3247 1808 3567 1864 διακόνων.

2150 1904 2341 1967 ’Πλιος
2382 1904 2518 1970 ἄναξ
2548 1903 2687 1959 ἑπτὰ
2717 1904 2824 1958 τῶν
2857 1905 3226 1974 πλανωμένων
3245 1920 3260 1934 ·

2149 1999 2422 2067 Στέφανος
2448 1998 2586 2064 ἄναξ
2611 1999 2755 2052 ἑπτὰ
2794 1997 2904 2051 τῶν
2937 1997 3213 2051 διακόνων
3233 2013 3248 2028 ⁶

2161 2092 2220 2142 ’0
2259 2092 2354 2160 μὲν
2380 2091 2552 2160 τριῶν
2577 2090 2803 2161 υπερθε,
2835 2091 2932 2146 καὶ
2961 2090 3130 2159 τριῶν
3164 2091 3336 2158 κάτω,

2159 2184 2219 2237 '0
2243 2183 2300 2237 δὲ
2328 2184 2433 2256 πρὸ
2454 2183 2562 2237 τῶν
2589 2182 2648 2251 ἐξ
2678 2183 2921 2251 εὐλόγως
2951 2184 3308 2253 τεταγμένος.

2737 2302 2842 2368 Εἰς
2871 2301 2938 2353 τὸ
2969 2301 3140 2354 αὑτό.

2151 2393 2454 2464 Νικάνορα,
2481 2393 2759 2465 Πρόχορον
2795 2410 2877 2458 τε,
2907 2394 3135 2464 Τίμωνα
3176 2412 3258 2456 τε,
3291 2395 3570 2450 Νικόλεὼν
3596 2412 3649 2451 τε

2153 2489 2447 2558 Παρμενᾶν
2478 2504 2560 2554 τε,
2594 2488 2866 2544 Φίλιππόν
2900 2506 2980 2554 τε,
3015 2490 3289 2558 Στέφανόν
3328 2507 3388 2544 τε
3426 2491 3632 2561 θεουδῆ,

2153 2582 2356 2636 Τούσδε
2387 2582 2592 2652 Πέτρος
2617 2583 2889 2653 προέταξε
2929 2583 3232 2654 διακριδὸν,
3265 2585 3414 2654 ὄφρα
3449 2587 3708 2655 τραπέζας

2157 2676 2381 2740 Πιστοῖς
2407 2677 2715 2747 ἀρτυνέωσι
2744 2677 2983 2748 διήκονοι
3014 2676 3198 2730 ἐσθλοὶ
3226 2676 3431 2742 ἐόντες.

2464 2795 2568 2860 Εις
2599 2794 2706 2847 τὸν
2743 2795 3044 2864 λιθασμὸν
3066 2793 3399 2862 Στεφάνου.

2155 2885 2408 2958 Χρυσοῦν
2435 2888 2462 2940 ὁ
2494 2888 2703 2959 μάρτυς
2730 2887 2826 2942 καὶ
2867 2887 2974 2958 πρὸ
3002 2887 3111 2941 τῶν
3139 2886 3305 2946 λίθων
3333 2887 3530 2957 στέφος
3550 2903 3565 2920 ο

2170 2978 2237 3036 Ἦ
2264 2981 2586 3053 λαμπρότης
2624 2974 2734 3052 γὰρ
2772 2981 3045 3052 μαρτυρεῖ
3071 2979 3172 3050 τῆς
3213 2978 3360 3043 ἰδέας
3383 2995 3399 3012 ο

2147 3148 2356 3205 morte;
2391 3138 2598 3195 credite
2632 3139 2873 3208 tandem,
2903 3141 3202 3214 aliquando
3228 3143 3459 3214 perfidi;
3496 3145 3711 3201 surrexit

2146 3231 2416 3288 Christus.

2253 3349 2332 3405 De
2359 3349 2669 3405 Camalieli:
2708 3353 2957 3418 consilio,
2976 3370 3081 3408 non
3109 3355 3491 3424 prohibendam
3516 3371 3621 3411 esse

2495 3435 2513 3490 ε
2550 3426 2981 3492 praedicationem
3037 3426 3328 3487 suadentis.

2219 3513 2348 3570 Sino
2379 3515 2524 3586 loqui
2552 3517 2846 3584 apostolos,
2875 3534 2907 3573 ο
2957 3519 3181 3582 nefarie,
3219 3520 3406 3589 igneas
3442 3519 3709 3576 circumfe-

2148 3619 2275 3664 runt
2324 3609 2570 3675 linguas;
2612 3612 2889 3674 horresce,
2945 3611 3036 3667 illo
3101 3614 3222 3682 igne
3274 3623 3447 3670 tostus
3483 3630 3582 3681 es;
3623 3629 3706 3668 nec

2145 3701 2292 3756 enim
2353 3719 2592 3773 unquam
2633 3703 2741 3759 Deo
2801 3705 3059 3760 reluctari
3107 3708 3284 3776 possis
3336 3725 3351 3762 :
3405 3711 3498 3778 qui
3555 3724 3584 3763 e
3629 3716 3705 3760 tuo

2146 3794 2372 3865 collegio
2403 3808 2482 3851 est
2511 3796 2794 3862 Gamaliel,
2821 3813 2919 3853 suo
2947 3809 2996 3854 te
3027 3813 3279 3855 sermone
3309 3803 3641 3871 persuadeat.

2803 3911 2869 3967 In
2908 3912 3066 3968 idem.

2218 4007 2348 4073 Quis
2386 4006 2666 4062 decentem
2715 4007 3026 4064 senioribus
3073 4010 3355 4079 proposuit
3403 4013 3703 4067 sententiam

2146 4099 2231 4153 vir
2263 4099 2481 4169 probus,
2516 4110 2575 4153 ut
2607 4100 2817 4156 divinos
2850 4101 2916 4155 ad
2951 4102 3056 4158 rite
3092 4103 3498 4173 praedicandum
3532 4105 3698 4172 ‘dimit.

2147 4201 2263 4248 tant
2294 4194 2636 4264 interpretes,
2667 4210 2840 4265 neque
2873 4196 3136 4266 Sacrilego
3169 4210 3356 4252 contra
3407 4200 3570 4254 Deum
3605 4200 3705 4254 nisu

2144 4286 2516 4342 Contendant?
2565 4287 2657 4343 Ille
2705 4290 2822 4357 ipse
2854 4287 3161 4344 Pbariszeus
3210 4298 3294 4344 est
3330 4290 3593 4347 Gamaliel
3624 4305 3701 4358 ap-

2144 4379 2319 4448 prime
2353 4379 2531 4451 legum
2566 4382 2792 4450 peritus,
2828 4383 3032 4452 optime
3067 4386 3260 4440 amice.

2405 4497 2482 4552 De
2514 4509 2704 4566 septem
2755 4499 3102 4553 diaconorum
3162 4499 3441 4554 electione.

2218 4609 2311 4665 Sol
2358 4621 2612 4679 septenos
2677 4611 2819 4666 inter
2867 4612 3112 4678 planetas
3191 4613 3493 4683 principem
3542 4612 3697 4668 locum

2147 4715 2312 4769 tenet,
2370 4704 2677 4772 Stephanus
2732 4704 2870 4759 inter
2926 4715 3133 4774 septem
3195 4706 3460 4762 diaconos
3523 4708 3697 4775 primas

2146 4811 2411 4867 occupat;
2449 4798 2536 4852 ille
2573 4799 2788 4866 quidem
2844 4808 2956 4851 tres
3006 4814 3238 4867 superne
3284 4798 3466 4866 habet,
3505 4801 3695 4855 totidem

2144 4891 2399 4956 inferne;
2460 4893 2544 4946 hic
2580 4906 2712 4950 vero
2760 4907 2926 4962 supra
2961 4906 3055 4946 sex
3089 4892 3352 4950 diaconos
3389 4896 3577 4951 merito
3604 4890 3697 4948 col-

2144 4987 2350 5043 locatus
2377 4996 2482 5042 est.

2798 5080 2860 5135 In
2893 5080 3054 5136 idem.

2217 5173 2565 5240 Nicanorem,
2597 5173 2960 5241 Prochorum,
2982 5174 3267 5230 Timonem
3323 5185 3378 5230 et
3421 5174 3690 5238 Nicolaum,

2145 5266 2493 5335 Parmenam,
2527 5266 2834 5336 Philippum
2869 5277 2922 5321 et
2961 5268 3112 5338 pium
3144 5265 3505 5338 Stephanum,
3556 5268 3640 5321 hos
3666 5279 3692 5316 a

2145 5357 2342 5430 populo
2373 5368 2616 5413 secretos
2657 5358 3044 5426 praeordinavit
3077 5358 3291 5425 Petrus,
3336 5376 3444 5430 quo
3483 5371 3689 5420 mensas,

2147 5452 2197 5506 in
2240 5450 2600 5508 ministerium
2657 5451 2979 5507 diaconatus
3021 5451 3178 5508 electi
3205 5490 3224 5519 ,
3279 5454 3524 5510 fidelibus
3550 5464 3689 5522 appa-

2143 5554 2288 5604 rem.

2557 5637 2636 5693 De
2670 5636 2922 5708 Stephani
2963 5639 3313 5710 lapidatione.

2219 5751 2523 5820 Stephanus
2540 5752 2689 5821 prius
2704 5760 2824 5808 erat
2849 5767 3010 5809 aurea
3031 5769 3252 5824 corona,
3273 5770 3432 5825 quam
3460 5753 3684 5826 lapidibus

2146 5844 2542 5914 impeterctur;
2601 5844 2657 5902 id
2715 5846 2857 5917 quod
2902 5861 2968 5904 ex
3025 5847 3139 5918 ejus
3183 5849 3468 5919 prosiliens
3499 5855 3682 5916 aspectu
