4042 6206
381 339 514 404 1217

378 449 596 505 Παύλου
627 449 706 509 ἑνὶ
745 440 1111 522 στομάτεσσιν
1133 453 1245 507 ὅλοι
1267 453 1622 525 Παράκλητοι
1654 451 1870 517 εασσιν,

389 547 561 615 ’Λμφὶ
585 545 642 599 δέ
677 546 726 598 oi
757 545 1042 616 παλάμαις
1079 545 1294 618 σημήῖα
1332 545 1510 601 πάντα
1546 546 1806 600 τελεῖται.

375 659 477 723 Εις
514 658 621 711 τὸν
654 658 724 711 ἐν
769 659 1061 727 Λύστροις
1121 661 1364 714 ιαθέντα
1395 660 1511 713 ὑπὸ
1549 659 1798 714 Παύλου
1851 658 1950 714 καί

402 727 679 795 Βαρνάϐα
694 732 912 797 χωλὸν,
937 731 1035 783 καὶ
1062 730 1222 797 ὅπως
1241 731 1464 795 ἔδοξαν
1483 731 1609 797 τοῖς
1627 730 1755 784 ἐκεῖ
1770 730 1913 785 θεοί.

386 821 602 891 Ἐρμῆς
629 823 836 889 ἔδοξας,
863 825 1066 888 Παῦλε,
1105 825 1200 878 καὶ
1235 824 1394 890 Ζεὺς,
1425 823 1704 895 Βαρνάϐα,

375 914 505 978 Τοῖς
542 916 690 981 ἀμφὶ
719 913 989 986 Λύστροις
1025 915 1638 987 δεισιδαιμονεστέροις,

373 998 562 1059 Χωλδν
597 1006 1045 1076 θεραπεύσαντες
1078 1024 1094 1040 ο
1130 1008 1248 1061 ἀλλ’
1282 1009 1412 1077 ὑμῖν
1445 1008 1565 1062 τότε

374 1096 450 1152 Τὸ
505 1098 693 1155 δοῦλον
749 1100 1030 1170 ῦμῶνιῠκ
1055 1101 1348 1172 ἀπηρνήθη
1385 1101 1560 1172 γένος.

961 1197 1065 1260 Εὶς
1090 1194 1154 1247 τὸ
1186 1195 1353 1248 αὐτό.

374 1284 433 1336 Ei
465 1283 606 1338 Θεὸν
633 1284 873 1357 ᾠήθητε,
905 1288 1229 1357 κακόφρονά
1256 1287 1435 1348 ἔθνεα,
1469 1285 1684 1338 Παῦλον

369 1377 555 1431 Χωλὸν
582 1378 896 1448 ίησάμενον.
922 1379 974 1432 τί
1003 1379 1292 1449 νομίσσετε
1320 1379 1508 1432 λοιπὸν
1538 1381 1772 1445 ἐκεῖνον,

387 1466 552 1541 Ἠμος
586 1472 671 1525 ἐπ’
706 1473 960 1544 αἰθερίην
992 1472 1311 1541 κουφίζεται
1343 1471 1554 1539 ἄντυγα
1579 1472 1770 1542 τρίτην

371 1565 516 1628 Ζωὸς
551 1562 657 1617 ἐών
685 1582 701 1630 ;
728 1567 870 1635 τάχα
907 1566 1012 1636 γὰρ
1041 1565 1135 1618 καὶ
1170 1563 1436 1632 ὑπέρθεος
1468 1561 1614 1634 ῦμμι
1671 1564 1942 1631 φανεῖται.

541 1658 646 1724 Εις
676 1656 785 1710 τὸν
804 1657 874 1710 ἐν
900 1657 1144 1725 Λύστρᾳ
1174 1657 1475 1725 λιθασμὸν
1496 1655 1762 1710 Παύλου.

379 1746 667 1802 Ἐὅάλλετε
703 1749 980 1818 Στέφανον
1014 1749 1196 1820 άδροῖς
1224 1751 1339 1812 τοῖς
1362 1748 1558 1815 λίθοις,

368 1844 477 1896 Καὶ
516 1842 724 1907 Παῦλος
754 1841 924 1896 αὑτοῦ
951 1843 1060 1898 τῶν
1093 1844 1367 1898 λιθαστῶν
1401 1840 1468 1916 ἦν
1501 1845 1703 1917 μέροςο

367 1935 483 1990 Νῦν
523 1933 783 2005 βάλλεται
812 1937 908 1990 καὶ
942 1936 1153 2000 Παῦλος
1186 1937 1368 2010 άδροῖς
1390 1940 1502 2000 τοῖς
1524 1937 1714 2006 λίθοις,

370 2029 481 2084 Καὶ
505 2027 598 2082 τὸν
627 2027 894 2098 στέφανον
919 2029 984 2082 ἐκ
1017 2027 1152 2081 Θεοῦ
1175 2027 1359 2083 λαϐὼν
1395 2028 1533 2101 ἔχει.

958 2119 1008 2172 Ε
1014 2120 1065 2185 lc
1097 2118 1162 2171 τὸ
1185 2119 1352 2174 αὑτό.

369 2210 577 2278 Παῦλε,
632 2213 697 2267 σὺ
728 2210 967 2284 Χριστὸν
1003 2212 1218 2267 ἄνακτα
1268 2211 1521 2284 μιμήσαο
1572 2211 1719 2285 ἀμφὶ
1745 2211 1946 2266 λιθασο

1731 2309 1821 2360 uel

1731 2309 1821 2360 uel
1856 2346 1872 2372 ,

367 2398 572 2454 Βάλλεο
605 2399 717 2471 γὰρ
743 2399 965 2467 λίθοισι,
1002 2401 1168 2471 φόνου
1200 2399 1245 2453 δ’
1277 2398 1526 2463 άλέεινας
1551 2304 1850 2470 άνάγὲηνῗ

369 2491 595 2563 Λύστρα
623 2493 776 2553 πόλις
803 2494 1102 2564 κακοεργὲ,
1125 2492 1256 2546 Θεὸν
1283 2493 1409 2562 χθὲς
1439 2491 1652 2548 Παῦλον
1681 2493 1939 2562 ἑσέφθης,

365 2585 476 2638 Καὶ
508 2585 603 2639 νῦν
634 2586 1044 2657 πετροΰυλεῦσα
1077 2587 1448 2639 κατακτανεῖν
1488 2585 1816 2656 μενεαίνεις.

363 2702 468 2766 Εἰς
501 2699 616 2778 τὴν¹
638 2699 756 2755 ἀπὸ
802 2698 911 2778 τῆς
969 2701 1528 2778 δούλης-,ἐξέλασιν
1575 2701 1684 2778 τοῦ
1740 2705 1942 2778 Πυθίο-

432 2771 610 2826 νικοῧ
665 2773 1047 2840 πνεύματος,
1120 2773 1218 2826 καί
1283 2774 1399 2840 τὴν
1453 2771 1569 2826 τῶν
1624 2771 1941 2827 δεσποτῶν

433 2841 624 2908 αὐτῆς
654 2845 807 2897 κατὰ
835 2843 1086 2897 Παύλου
1114 2845 1364 2913 μανίαν,
1406 2842 1507 2897 καὶ
1536 2845 1646 2911 τὰς
1674 2841 1936 2913 πληγάς.

364 2957 440 3011 Τὸ
475 2957 700 3029 πνεῦμα
728 2956 822 3011 τοῦ
859 2956 1114 3022 Πύθωνος
1141 2957 1218 3023 ὡς
1254 2957 1480 3013 πύθοιτό
1510 2975 1630 3016 σου.

362 3112 684 3168 incumbite.
719 3111 772 3166 in
809 3127 905 3168 ore
945 3111 1096 3168 Pauli
1121 3124 1313 3168 onmes
1339 3108 1576 3180 Spiritus
1607 3111 1782 3167 sancti
1811 3127 1938 3181 ιιι-σο

1216 339 1740 402 TETRASTICHA
1777 339 1857 400 IN
1901 338 2171 403 NOVUM
2204 339 2807 405 TESTAMENTUM.

1973 456 2021 512 Α
2065 451 2339 519 Ἐλθόντος
2367 456 2554 526 ἐγγὺς,
2582 455 2785 520 Παῦλε,
2817 450 3007 524 φεύγει
3045 451 3339 523 μακρόθεν⁸

3478 334 3617 401 19.18

2061 546 2132 600 Ἦ
2167 547 2284 610 πῶς
2319 547 2447 601 ἰδεῖν
2475 547 2698 617 ἔστερξε
2731 545 2827 617 τὴν
2868 543 3044 615 φωτὸς
3078 543 3206 597 θέαν

2052 639 2126 693 Τὸ
2158 639 2248 693 τοῦ
2285 642 2507 703 σκότους
2535 639 2845 710 πρόσωπον,
2885 639 2917 706 ἡ
2945 635 3141 698 νυκτὸς
3170 634 3303 703 θέας

2633 733 2738 796 Εἰς
2761 730 2827 784 τὸ
2867 730 3038 783 αὐτό.

2051 823 2277 894 Πνεῦμα
2299 823 2554 885 Πύθωνος
2577 822 2748 884 ἔωσας
2776 820 3090 889 ὑπέρμεγα,
3115 817 3319 878 Παῦλε,
3351 815 3618 888 κορίσκης

2054 918 2250 982 Παιδὸς
2281 917 2378 971 ἀπ’
2412 916 2697 980 οἱκέτιδος,
2731 915 2892 987 μῆνιν
2917 914 2972 966 δέ
3014 930 3072 966 τε
3105 909 3484 964 δεσποσύνοισι

2049 1009 2286 1080 Τηλόθεν
2311 1009 2410 1062 οὐκ
2436 1007 2713 1068 άπέωσαςο
2743 1005 2778 1077 ἡ
2803 1004 2947 1074 ἀμφὶ
2973 1003 3031 1056 σὲ
3061 1002 3260 1054 δύσνοα
3283 999 3468 1070 δρῶσα

2048 1099 2216 1168 Σῶμα
2245 1098 2352 1153 ὑπὸ
2381 1097 2654 1168 πληγῇσιν
2684 1095 2985 1166 ἀεικελίῃσι
3011 1092 3312 1160 δάμασσεν.

2046 1194 2150 1259 Εἰς
2181 1191 2296 1260 τὴν
2325 1192 2397 1247 ἐν
2436 1191 2642 1258 Ἀρείῳ
2673 1187 2842 1252 πάτῳ
2883 1185 3157 1250 διάλεξιν
3203 1185 3470 1260 Παύλου,
3493 1179 3616 1260 ’ὅτε

2121 1251 2737 1326 καὶ’Διονύσιος,’καὶ
2768 1251 3032 1329 Δάμαρις
3060 1296 3076 1322 ,
3122 1255 3218 1310 καὶ
3266 1255 3442 1308 ἄλλοι
3482 1251 3614 1306 ἐπί-

2120 1350 2414 1388 στευσαν.

2052 1429 2238 1499 Ἀρειε
2271 1429 2438 1498 πάγε,
2470 1427 2566 1483 xa‘t
2604 1428 2668 1481 σὺ
2701 1427 2792 1480 τὸν
2825 1424 3042 1480 Παῦλον
3062 1421 3219 1492 δέχου
3253 1438 3268 1453 ·

2061 1520 2306 1585 ’Ᾱνάξιον
2341 1520 2450 1590 γὰρ
2485 1523 2562 1590 μὴ
2596 1519 2656 1572 τδ
2679 1517 2776 1571 τοῦ
2806 1514 3048 1588 Χριστοῦ
3085 1516 3262 1580 στόμα

2049 1615 2162 1668 Καὶ
2189 1615 2309 1677 ταῖς
2346 1611 2602 1685 Ἀθήναις
2625 1609 2924 1679 ἐκλαλῆσαι
2957 1608 3049 1661 τὸν
3073 1605 3254 1674 λόγον.

2047 1707 2240 1778 Μωροὶ
2276 1707 2452 1774 σοφοὶ,
2477 1703 2740 1772 πείσθητε
2764 1702 2844 1770 τῷ
2871 1700 3193 1770 σοφωτάτῳ.

2630 1799 2735 1863 Είς
2764 1794 2832 1848 τὸ
2867 1793 3037 1848 αὑτό.

2055 1891 2251 1961 Ἀρεος
2279 1891 2421 1961 ἀμφὶ
2445 1891 2622 1959 πάγον
2649 1889 2938 1960 μαχήσατο
2962 1883 3170 1947 Παῦλος
3205 1881 3478 1950 Ἀθήναις,

2049 1983 2196 2037 Λάϐε
2231 1982 2546 2037 Διοννύσιον
2573 1981 2656 2036 ἑνὶ
2682 1980 3049 2053 προμάχοισιν
3077 1976 3260 2040 ἐόντα,

2049 2075 2159 2130 Καὶ
2187 2075 2437 2147 Δάμαριν
2469 2073 2746 2146 ζὼγρησε,
2779 2073 2875 2126 καὶ
2903 2070 3099 2135 ἄλλους
3125 2066 3362 2139 τρέψατο
3392 2063 3575 2130 φῶτας
3597 2076 3611 2094 ⁶

2047 2166 2172 2235 Ole;
2203 2171 2310 2224 εἰὺν
2333 2171 2388 2224 δὲ
2411 2170 2668 2256 φάλαγγα
2685 2168 2852 2239 τόσην
2879 2165 3053 2236 oxias,
3091 2161 3278 2232 θαῦμα
3312 2157 3539 2256 ἰδέσθαιἶ

2042 2264 2143 2328 Εἰς
2179 2261 2425 2317 Παῦλον
2457 2250 2594 2332 ἄχρι
2618 2260 3027 2332 μεσονυκτίου
3072 2255 3464 2332 διδάσκοντα.
3495 2250 3611 2332 ira

2117 2323 2217 2388 καὶ
2251 2334 2360 2386 τὸν
2393 2323 2672 2387 duch-toi}
2712 2329 3026 2400 τριστέγου
3084 2328 3353 2382 πεσόντα
3407 2323 3614 2388 παῖδα,

2115 2407 2214 2458 καὶ
2247 2405 2526 2468 θανόντα,
2555 2401 2921 2470 ἀνέστησεν.

2047 2498 2257 2550 ’Δῦπνε
2290 2496 2497 2558 Παῦλε,
2534 2495 2628 2548 καὶ
2665 2495 2849 2564 μέσων
2881 2491 3095 2546 νυκτῶν
3124 2489 3327 2558 λέγεις,

2045 2592 2109 2643 Ὢ
2139 2590 2321 2661 ζῆλος,
2346 2589 2390 2642 ὣ
2414 2590 2546 2660 πῦρ,
2585 2587 2630 2642 ὢ
2663 2588 2830 2651 πολὺς
2852 2586 2991 2640 Θεοῦ
3032 2585 3235 2648 πόθοςι
3288 2608 3295 2622 ι

2054 2679 2188 2734 Ἰδοὺ
2227 2680 2284 2733 δὲ
2309 2682 2437 2743 παῖς
2471 2680 2763 2734 πέπτωκεν
2786 2677 2850 2731 ὲκ
2874 2676 2970 2731 τοῦ
3001 2675 3292 2747 τριστέγου
3322 2689 3338 2705 ο

2043 2775 2272 2832 Ζὼωσον
2307 2776 2471 2830 αὐτὸν
2503 2774 2724 2847 πρῶτα,
2756 2773 2853 2827 καὶ
2881 2770 3043 2826 πάλιν
3079 2771 3230 2838 λέγε.

2623 2868 2727 2934 Είς
2760 2865 2828 2920 τὸ
2863 2865 3036 2918 αὐτό.

2043 2961 2323 3034 Καρτερὸς
2348 2960 2489 3026 ἐσσὶ,
2526 2958 2751 3030 μέγιστε
2776 2955 2873 3010 καὶ
2902 2953 3048 3009 ὄλϐιε
3076 2949 3278 3015 Παῦλε,
3308 2947 3575 3005 διδάσκων

2039 3127 2312 3170 rumorem
2350 3110 2612 3183 percepit,
2645 3108 2802 3178 longe
2834 3097 3294 3175 aulugiI,‘Paule;
3324 3113 3454 3156 sane
3482 3111 3609 3154 vero

361 3206 449 3260 "8
511 3206 761 3275 τεροείιαε
809 3214 973 3271 διπηις
1025 3219 1227 3275 perque
1259 3221 1452 3260 manus
1486 3205 1604 3275 ejus
1647 3205 1930 3275 oumigena
1959 3197 2001 3252 ο
2042 3223 2108 3263 an
2144 3207 2255 3261 ullo
2278 3206 2440 3260 modo
2469 3203 2833 3258 desiderasset
2863 3199 2998 3254 lucis
3022 3204 3295 3267 aspectum
3324 3193 3438 3265 ipsa
3458 3202 3607 3248 tene-

358 3308 646 3368 patrantur
664 3298 941 3352 miracula.

357 3389 425 3444 In
456 3389 704 3444 claudum
762 3390 962 3459 Lystris
987 3408 1018 3439 π
1045 3389 1216 3444 Paulo
1268 3399 1316 3444 et
1375 3388 1626 3444 Barnaba
1656 3398 1904 3448 sanatum

570 3470 617 3514 et
650 3461 1090 3530 quemadmodum
1116 3462 1234 3514 inde
1270 3461 1456 3513 crediti
1489 3461 1593 3514 sint
1624 3460 1719 3514 dii.

433 3555 536 3609 Pro
567 3552 836 3608 Mercurio
881 3553 1096 3606 habitus
1130 3568 1212 3617 es,
1249 3552 1434 3618 Paule,
1473 3563 1638 3621 tuque
1691 3551 1933 3607 Barnaba

355 3665 454 3716 pro
480 3645 609 3702 Jove
641 3649 710 3702 ab
742 3648 1049 3718 oppidanis,
1073 3648 1163 3716 qui
1190 3645 1400 3718 Lystris
1428 3646 1771 3708 habitabant,
1809 3645 1937 3700 reli-

357 3741 504 3810 gioni
535 3741 907 3806 deditissimis,
939 3737 1177 3808 co'qnod
1208 3739 1456 3792 claudum
1485 3739 1736 3802 curastis,
1759 3753 1934 3807 neque

360 3843 472 3885 tum
502 3846 533 3885 a
570 3830 722 3886 vobis
772 3841 1027 3901 negatum
1075 3838 1160 3885 est
1202 3844 1297 3884 vos
1344 3843 1467 3885 esse
1520 3829 1786 3896 homines,
1825 3844 1932 3884 non

354 3927 509 3993 deos,
544 3925 638 3979 sed
677 3921 773 3979 l‘ei
802 3923 1105 3979 ministros.

1020 4010 1089 4068 In
1125 4014 1284 4069 idem.

429 4108 508 4175 Si,
539 4125 570 4164 ο
605 4107 742 4162 male
770 4106 1030 4163 consultae
1069 4117 1279 4173 gentes,
1327 4105 1549 4162 Paulum
1599 4105 1766 4161 Deum
1813 4120 1935 4162 esse

353 4201 704 4264 credidistis,
757 4214 825 4255 eo
875 4199 1017 4268 quod
1071 4199 1327 4254 claudum
1378 4206 1755 4264 consanasset,
1804 4197 1934 4268 quid

355 4295 612 4362 deinceps
639 4307 762 4348 eum
799 4292 1052 4357 credetis,
1085 4301 1216 4354 tum,
1255 4305 1376 4343 cum
1407 4291 1472 4344 ad
1528 4289 1746 4344 tertium
1807 4289 1932 4345 ειειί

353 4389 544 4442 orbem
576 4383 854 4440 attolletur
881 4384 1058 4438 adhuc
1090 4383 1370 4437 mortalis?
1399 4381 1539 4438 forte
1566 4381 1718 4438 vobis
1768 4397 1934 4452 supra

357 4480 562 4536 Numen
589 4478 882 4550 apparebit.

678 4569 744 4624 In
795 4568 1024 4623 Paulum
1055 4566 1258 4640 Lgstris
1291 4567 1608 4637 lapidatum.

424 4667 600 4722 Denso
628 4661 866 4734 lapidum
891 4661 1074 4716 nimbo
1099 4659 1429 4731 Stephanum
1449 4659 1730 4726 obruistis,
1755 4663 1931 4731 deque

351 4773 538 4813 eorum
570 4768 828 4820 numero,
875 4751 971 4823 qui
1003 4765 1125 4806 eum
1160 4749 1472 4817 tapidabant
1517 4761 1638 4808 erat
1689 4751 1925 4823 Paulus;

350 4864 495 4906 nunc
513 4858 569 4904 et
589 4847 795 4904 crebris
825 4845 1096 4916 lapidibus
1126 4843 1323 4900 Paulus
1351 4843 1652 4916 impetitur,
1679 4855 1736 4902 et
1760 4861 1792 4902 a
1815 4846 1946 4905 Deo.

353 4943 594 4999 victoriae
627 4954 881 4997 coronam
912 4937 1133 5009 accipit.

1008 5034 1075 5087 In
1107 5029 1268 5086 idem.

423 5125 624 5182 Christi
646 5124 932 5181 ambulato:
961 5139 1020 5180 es
1047 5122 1372 5192 exemplum,
1403 5121 1589 5195 Paule,
1634 5141 1755 5182 cum
1786 5126 1925 5195 lapi-

351 5223 594 5290 darere;
646 5221 795 5274 saxis
839 5219 984 5274 enim
1035 5218 1332 5284 impetitus,
1381 5218 1510 5273 lethi
1545 5221 1922 5276 necessitatem

347 5313 733 5377 declinasti;o
767 5311 984 5382 Lystra,
1020 5308 1286 5362 scelerata
1335 5309 1546 5374 civitas,
1593 5311 1710 5365 heri
1755 5309 1923 5365 Paulo

346 5407 562 5461 divinos
592 5405 826 5460 honores
860 5400 1216 5468 attribuebas,
1240 5415 1520 5457 nuncnum
1537 5401 1700 5473 jactis
1730 5402 1905 5475 lapidi

351 5501 457 5556 bus
492 5499 804 5555 interﬁcere
836 5497 1066 5553 moliris.

349 5592 427 5648 De
456 5592 655 5646 ancilla
715 5607 778 5647 ea:
824 5607 927 5660 qua
975 5589 1196 5660 spiritus
1235 5587 1558 5660 Pythonicus
1585 5589 1780 5658 eiectus
1815 5602 1917 5656 est,

405 5666 568 5732 deque
591 5659 923 5746 dominorum
941 5659 1055 5731 ejus
1078 5661 1132 5715 in
1154 5659 1383 5715 Paulum
1403 5659 1603 5730 furare,
1628 5662 1712 5714 cui
1733 5663 1921 5734 plagas

409 5743 808 5789 arcessit'erunl.

420 5825 759 5889 Pythonicus
779 5827 1029 5894 spiritus.
1066 5826 1155 5886 ubi
1179 5827 1412 5894 primunt
1445 5825 1522 5882 tui
1583 5824 1920 5883 advenientis

2043 3302 2268 3358 brarum
2301 3297 2490 3361 facies,
2517 3295 2696 3350 noctis
2720 3287 3136 3361 spectaculum?
3171 3336 3181 3350 ,

2701 3383 2762 3440 In
2789 3381 2948 3438 idem.

2106 3482 2405 3538 immanem
2461 3478 2725 3551 Pythonis
2784 3475 3032 3545 spiritum
3067 3487 3099 3528 e
3147 3469 3319 3540 puella
3360 3460 3608 3539 eiecisti,

2035 3575 2223 3640 Paule,
2249 3571 2441 3627 ancilla
2473 3568 2764 3625 domestica
2791 3583 2809 3632 ;
2835 3579 2936 3620 nec
2962 3575 3142 3619 tamen
3177 3561 3401 3617 herilem
3427 3557 3607 3630 potui-

2035 3675 2104 3730 sti
2154 3673 2398 3728 furorem
2451 3666 2644 3738 procul
2706 3664 2968 3734 abigere,
3023 3659 3114 3730 qui
3173 3657 3228 3713 in
3297 3665 3352 3710 te
3397 3651 3607 3709 infense

2034 3764 2400 3823 debacchatus
2440 3774 2639 3831 corpus
2685 3767 2840 3813 tuum
2895 3753 3062 3830 {mdis
3117 3747 3354 3820 subjecit
3419 3743 3605 3801 verbe-

2032 3857 2206 3913 ribus.

2033 3951 2111 4006 De
2137 3948 2299 4006 Pauli
2324 3947 2378 4002 in
2412 3945 2683 4014 Areopago
2709 3938 3061 4014 disputatione
3073 3953 3204 4014 eum
3236 3941 3286 3989 et
3323 3929 3605 4004 Dionysius

2341 4028 2390 4072 et
2425 4010 2674 4072 Darnaris
2723 4010 2909 4068 et'alt'i
2940 4010 3270 4065 crediderunt

2106 4113 2305 4184 Excipe
2336 4121 2390 4167 et
2419 4119 2473 4165 tu
2507 4107 2731 4164 Paulum
2760 4105 2956 4176 ipsum,
2986 4102 3302 4170 Areopago;
3341 4111 3440 4153 nec
3459 4096 3603 4152 enim

2032 4204 2235 4264 Christi
2278 4219 2343 4259 os
2383 4200 2660 4270 indignum
2711 4205 2832 4261 est,
2869 4194 3011 4266 quod
3048 4191 3277 4246 Athenis
3325 4201 3602 4261 sermones

2033 4305 2351 4372 eloquatur;
2401 4295 2553 4359 stulti
2605 4291 2906 4364 sapientes,
2956 4284 3356 4358 sapientissimo
3384 4280 3600 4337 tandem

2035 4395 2257 4452 credite.

2688 4479 2750 4534 In
2789 4476 2946 4533 idem.

1952 4547 2005 4608 ’θ
2107 4581 2337 4636 Athenis
2366 4579 2418 4634 in
2446 4578 2728 4645 Areopago
2753 4567 3061 4626 contentius
3081 4563 3376 4636 disputavit
3405 4559 3604 4618 Paulus

2029 4685 2085 4733 et
2131 4674 2387 4745 Dionysio
2437 4673 2578 4726 inter
2630 4661 2999 4721 contentionis
3033 4656 3332 4730 primipilos
3373 4654 3602 4711 cenanti

2029 4768 2230 4838 potitus
2254 4773 2362 4829 est,
2387 4763 2561 4824 vivam
2585 4759 2725 4829 cepit
2777 4758 3069 4821 Damarim,
3092 4751 3407 4822 aliisquead
3434 4749 3602 4804 Deum

2030 4858 2236 4914 vocatis
2283 4856 2615 4922 hominibus,
2649 4853 2794 4909 solus
2853 4855 2970 4920 ipse
3018 4859 3098 4905 tot
3157 4845 3598 4902 adversariorum

2009 4966 2229 5008 cuneos
2257 4950 2398 5021 (visu
2424 4947 2671 5004 mirabile
2694 4946 2735 5016 ι)
2769 4944 3036 5001 dissolvit.

2031 5046 2105 5099 De
2155 5043 2327 5098 Paulo
2359 5042 2427 5096 ad
2461 5041 2687 5095 mediam
2721 5054 2884 5099 usque
2939 5047 3141 5092 noctem
3196 5033 3413 5088 docente
3478 5043 3597 5082 cum

2108 5125 2158 5170 et
2187 5129 2404 5180 puerum
2439 5129 2504 5166 ea:
2535 5113 2688 5165 tertio
2732 5103 2969 5163 tabulato
3012 5106 3332 5178 praecipitem
3377 5103 3564 5156 datum

2105 5197 2367 5240 mortuum
2397 5185 2690 5238 suscitavit.

2096 5278 2364 5333 Insomnis
2398 5275 2580 5339 Paule,
2607 5274 2672 5327 ad
2721 5273 3101 5341 intempestam
3163 5284 3333 5340 usque
3386 5281 3597 5328 noctem

2026 5368 2304 5440 pradicas,
2339 5384 2372 5422 ο
2411 5367 2586 5424 zelus!
2623 5383 2654 5422 ο
2685 5365 2863 5437 ignis!
2925 5381 2959 5417 ο
2989 5364 3280 5432 plurimum
3315 5363 3408 5420 Dei
3454 5364 3600 5416 desi-

2027 5461 2273 5516 derium!
2317 5459 2421 5515 Sed
2457 5475 2584 5514 ecce
2622 5475 2754 5529 puer
2780 5473 2845 5512 ex
2881 5457 3038 5512 tertia
3071 5457 3475 5523 contignatione
3499 5455 3597 5511 de-

2027 5554 2178 5619 cidit,
2211 5554 2352 5607 hunc
2387 5553 2614 5622 primum
2646 5553 2701 5606 in
2737 5549 2902 5604 vitam
2941 5565 3155 5616 revoca,
3191 5549 3312 5604 dein
3363 5549 3429 5604 ad
3479 5555 3598 5602 tuos

2029 5647 2138 5700 redi
2174 5661 2470 5703 sermones.

2681 5739 2744 5793 In
2769 5737 2927 5794 idem.

2096 5827 2320 5886 Laboris
2348 5827 2403 5883 in
2435 5826 2673 5884 docendo
2705 5827 2941 5886 tolerans
3001 5842 3084 5897 es,
3133 5842 3325 5899 magne
3364 5840 3430 5883 ac
3464 5824 3593 5881 beas
