3880 6206
185 403 309 466 1229
1314 399 1633 465 SCRIPTA
1685 399 2111 460 MISCELLAN
2119 400 2234 461 EA.
3262 391 3395 455 1230

209 520 332 572 Καὶ
359 516 551 591 λυγρὸν
583 511 674 591 ᾖσι
715 517 877 585 κόρης
910 515 1240 585 ἁμφιθέοντσ.
1275 514 1438 584 μόρον
1749 525 1792 572 Α
1893 512 2184 581 Σπλὰγχνα
2208 509 2340 564 Θεοῦ
2371 509 2626 580 μερόπων
2646 508 2842 562 οῦνεκχ
2867 504 3250 576 πιμπράμενα.

175 609 300 663 Ζωὸν
341 611 444 671 ἑοῖς
469 609 711 680 ἑτάροισι
746 609 1232 662 θαλασσοπόνοισιν
1254 609 1485 670 δπασας,
1826 609 2018 676 Χαῖρε,
2052 608 2147 659 καὶ
2181 604 2449 674 ὑμνητῆρι
2471 602 2600 666 Θεὸς
2628 603 2788 670 χάριν
2828 601 2999 668 ἀμφὶς
3031 600 3211 668 όπάἷῃ

229 702 386 770 Χεῖρά
410 720 465 755 τε
495 703 584 761 καί
612 721 672 756 τε
697 703 818 755 νόον
843 703 918 762 εἰς
952 702 1111 754 πόλον
1135 704 1475 771 ἀμπετάσας.
1905 701 2000 763 Ἐς
2033 718 2093 753 τε
2127 700 2316 770 ῥέοντα
2341 697 2489 751 κάτω
2520 694 2612 769 καί
2637 713 2694 769 τε
2729 695 2958 764 μένοντα
2990 692 3126 762 βίον.

170 797 341 864 Χλίρε,
375 793 508 848 Θεοῦ
555 794 776 865 κραδίη,
812 793 976 864 χαῖρ’,
1017 793 1304 864 οἰκτοσύνῃ
1335 794 1515 862 Πάτερ
1545 791 1722 856 ἐσθλὲ,

170 980 306 1031 malis
355 992 559 1032 eruere:
585 1019 598 1044 ,
649 976 974 1031 horrendum
1026 975 1321 1046 vociferans
1379 983 1429 1026 et
1474 974 1716 1027 timorem
1825 974 1987 1036 Pater
2004 973 2230 1044 piissime
2259 972 2348 1040 qui
2376 987 2469 1040 per
2491 967 2901 1023 misericordiam
2923 965 3218 1021 hominibus
3245 981 3390 1033 apem

168 1070 382 1138 injicicns
412 1077 467 1121 ut
503 1071 565 1123 ab
597 1077 829 1123 extrema
867 1069 1182 1122 antennain
1203 1083 1387 1120 navem
1419 1065 1596 1136 lapsus
1633 1066 1719 1118 iti-
1826 1068 2014 1122 tulisti.
2069 1066 2246 1130 Salve,
2307 1074 2353 1118 et
2401 1064 2667 1118 cantatori
2723 1060 2857 1115 Deus
2912 1061 3147 1131 gratiam
3201 1059 3287 1113 det
3337 1060 3392 1112 in

167 1163 286 1214 neris
336 1163 485 1215 sociis
537 1165 697 1216 vitam
750 1163 1064 1223 servaveris,
1121 1163 1366 1215 "canibus
1427 1176 1489 1212 ac
1544 1171 1718 1211 mente
1823 1172 2104 1230 utramque
2130 1160 2312 1213 vitam.

167 1258 305 1313 simul
349 1261 402 1312 in
454 1260 639 1315 calum
685 1263 964 1331 porrectis.
1016 1258 1193 1324 Salve,
1249 1259 1341 1312 Dei
1383 1275 1495 1318 cor.
1543 1257 1713 1320 salve,

933 1628 1537 1719 ΘΕΟΔΩΡΟΥ
1611 1630 1840 1717 ΤΟΥ
1912 1627 2606 1718 ΠΡΟΔΡΟΜΟΥ

1604 1819 1942 1877 ΕΞΗΓΗΣΙΣ

811 1938 923 1993 ΕιΣ
969 1937 1150 1991 ΤΟΥΣ
1220 1936 1316 1992 EN
1376 1935 1532 1991 ΤΑΙΣ
1609 1935 1838 1992 1ΕΡΑΙΣ
1914 1935 2343 1990 ΔΕΣΠΟΤΙΚΑΙῙ

1220 1936 1316 1992 ΕΝ
1376 1935 1532 1991 ΤΑΙΣ
1609 1935 1838 1992 1ΕΡΑΙΣ
1914 1935 2376 1990 ΔΕΣΠΟΤΙΚΑΙΣ
2426 1935 2718 1990 ΕΟΡΤΑΙΣ

1350 2052 1815 2120 ΕΚΤΕΘΕΝΤΑΣ
1846 2050 2180 2107 ΚΑΝΟΝΔΣ

438 2168 625 2222 [MPA
663 2167 801 2224 ΤΩΝ
824 2167 1031 2224 APION
1055 2170 1175 2225 ΚΑΙ
1198 2170 1418 2227 ΣΟΦΩΝ
1471 2169 1773 2227 ΠΟΙΗΤΩΝ
1814 2169 1970 2228 ΚΟΣΙ

1546 2169 1773 2226 unum
1814 2169 2059 2228 κοΣΜΑ
2095 2168 2210 2224 ΚΔΙ
2239 2169 2546 2228 ιοΑΝΝοΥ
2578 2150 3078 2229 ΔΑΜΑΣΚΗΝΟΥ.

1075 2506 1711 2602 THEODOBI
1796 2505 2433 2600 PRODROMI

822 2709 1255 2774 EXPOSITIO
1295 2709 1683 2772 CANONUM
1726 2709 1808 2771 IN
1847 2710 2102 2774 FESTA
2143 2713 2672 2778 DOMINICALIA

1437 2830 2088 2896 CONSCRIPTORUM

451 2963 496 3022 Α
548 2959 879 3023 SANCTIS
912 2961 1362 3035 DOCTISQUE
1395 2961 1675 3024 POETIS
1733 2961 2002 3024 COSMA
2050 2964 2152 3024 ET
2195 2965 2501 3029 JOANNE
2554 2968 3069 3034 DAMASCENO.

1365 3127 1504 3191 (MAI,
1537 3130 1711 3193 Spicil.
1746 3129 1889 3180 Rom.
1925 3134 2037 3180 tom.
2077 3131 2158 3192 V.)

337 3437 653 3507 Προοίμιον
677 3437 827 3518 πρὸς
856 3438 962 3491 τὸν
1005 3437 1508 3506 Ὀρφανοτρόςρον.
1736 3446 1778 3500 Β
1811 3455 1990 3510 σαιμι,
2040 3438 2176 3491 ἀλλὰ
2221 3440 2315 3493 καὶ
2345 3441 2600 3498 ὑπόδικον
2641 3446 2876 3515 ἐμαυτὸν
2927 3452 3048 3513 ταῖς
3094 3453 3252 3522 ἀραῖς
3289 3456 3387 3526 τῆς

210 3532 448 3595 Ἔοικας,
483 3529 736 3601 ἄνθρωπε
760 3529 854 3583 τοῦ
886 3529 1044 3593 Θεοῦ,
1075 3529 1213 3600 πρὸς
1235 3529 1333 3599 τὴν
1360 3528 1468 3582 τῶν
1498 3529 1555 3584 ὲν
1581 3529 1702 3593 ταῖς
1809 3531 2090 3596 ἀπειθείας
2126 3536 2588 3607 καταστησαίμην
2614 3554 2626 3569 ·
2661 3539 2691 3609 ἢ
2723 3541 2854 3610 ἐμοῦ
2894 3543 3031 3614 πρὸς
3070 3547 3166 3615 τὴν
3190 3549 3384 3618 κλῆσιν

149 3627 488 3690 Δεσποτικαῖς
518 3625 613 3678 καὶ
659 3623 1016 3695 δημοτελέσιν
1050 3624 1266 3693 ἑορταῖς
1307 3622 1703 3694 μελουργηθὲν-
1810 3624 2226 3695 ἀφηνιάζοντος,
2251 3620 2295 3679 ὦ
2322 3627 2581 3698 μακάριε,
2609 3632 2702 3684 καὶ
2726 3634 2807 3696 τὸ,
2839 3635 3059 3706 Ἐρωτῶ
3082 3655 3162 3702 σε,
3201 3640 3387 3710 λέγον-

149 3733 238 3771 των
267 3717 526 3788 ᾀσμάτων
556 3719 670 3780 τοῖς
706 3718 868 3785 ἱεροῖς
919 3715 1150 3777 ἐκείνοις
1180 3714 1410 3785 ἀνδράσι
1444 3716 1538 3768 καὶ
1567 3715 1703 3768 ύπο-
1808 3730 1920 3776 τος,
1948 3714 2037 3785 ἔχε
2081 3732 2144 3786 με
2193 3711 2600 3788 παρῃτημένον,
2663 3722 2962 3793 ἀπορήσεις
3002 3726 3234 3797 πτωχῶν
3291 3733 3386 3786 καὶ

148 3814 326 3878 φήταις
351 3811 446 3864 τοῦ
490 3809 827 3879 Πνεύματος,
860 3810 1008 3877 ἡμᾶς
1033 3809 1292 3878 ἐξήγησιν
1323 3809 1702 3879 προκαλούμεη
1811 3807 2111 3877 ἁναπήρων
2142 3809 2235 3862 καὶ
2284 3809 2476 3880 χωλῶν
2529 3814 2623 3866 καὶ
2666 3816 2905 3885 τυφλῶν,
2944 3817 3183 3883 οὒς,ἀνθ’
3228 3825 3386 3894 ἡμῶν

148 3919 237 3965 νος,
265 3904 540 3972 ,ἄντικρυς
594 3901 819 3954 ἐκείνων
863 3900 964 3970 τῆς
1012 3900 1377 3970 εὑαγγελικῆς
1409 3901 1504 3955 καὶ⁵
1555 3900 1704 3963 θείας
1812 3901 2065 3965 καλέσεις
2097 3905 2176 3966 είς
2207 3904 2589 3974 ὲστιατόριον;
2628 3907 2736 3959 Καὶ
2770 3909 2877 3981 μὴν
2917 3912 3128 3966 πολλῶν
3160 3932 3242 3970 σοι
3275 3935 3385 3971 τοι-

148 3997 438 4066 παραϐολῆς
496 3994 910 4066 ἐξεργάζεσθαι,
946 3995 1041 4046 καὶ
1078 3995 1233 4064 παρὰ
1261 3993 1476 4047 δεῖπνον
1519 3993 1704 4047 καλεῖν
1811 3993 1981 4046 ούτων
2015 3997 2043 4048 ὁ
2076 3997 2267 4065 παρὼν
2298 3998 2585 4068 περίϐολος
2630 4000 3110 4073 ύπερπὲπλησται,
3139 4007 3213 4071 ὡς
3248 4012 3382 4079 μηδὲ

148 4106 204 4157 με
230 4089 478 4159 λαμπρὸν
529 4088 662 4156 ὁμοῦ
701 4089 798 4144 καὶ
848 4087 1144 4156 βασιλικὸν,
1195 4087 1450 4166 εὐπρεπῆ
1499 4087 1701 4158 προϐε-
1807 4089 1873 4144 ἄν
1897 4107 1977 4143 σοι
2003 4089 2247 4162 δεήσειεν
2276 4095 2353 4156 είς
2373 4093 2471 4158 τὰς
2496 4093 2752 4160 πλατείας
2776 4098 2870 4151 καὶ
2895 4099 3076 4170 ῥύμας
3103 4103 3381 4158 ἐπελθόντι

147 4181 391 4254 ϐλημένον
427 4182 602 4236 πάντα
632 4181 740 4235 τῶν
788 4182 1066 4252 ἐδωδίμων
1117 4181 1186 4234 τὰ
1237 4182 1520 4236 κάλλιστα.
1559 4181 1701 4236 Μαί·
1808 4183 1903 4252 τῆς
1935 4185 2164 4249 πόλεως,
2193 4184 2422 4240 καλέσαι
2453 4187 2678 4252 τούτους
2722 4191 2846 4254 τοὺς
2883 4193 3202 4264 ἀναπήρους
3225 4211 3241 4227 ·
3265 4197 3380 4250 ἀλλ’

146 4275 312 4330 νεσθαι
341 4275 435 4330 οῦν
471 4275 537 4330 ἂν
586 4276 810 4338 εἰκότως
852 4276 1066 4346 δοκοίην
1110 4277 1157 4328 εί
1212 4275 1302 4329 διὰ
1351 4275 1522 4346 ζεύγη
1557 4274 1695 4344 βοῶν
1806 4275 2086 4346 ὑπηχῆσαι
2120 4275 2278 4346 μόνον
2303 4277 2363 4330 τὸ
2406 4277 2916 4351 δειπνοκλητήριον,
2946 4284 3196 4347 καὶτοὺς
3239 4288 3380 4340 κατὰ

144 4369 304 4440 τυχὸν,
341 4370 450 4422 εἴτε
499 4370 752 4437 γυναῖκα..
789 4368 898 4429 εἴτε
954 4368 1122 4438 ἀγρὸν
1154 4369 1295 4421 κατὰ
1343 4369 1469 4432 τοὺς
1497 4367 1695 4439 λήρους
1808 4369 1977 4440 φυλὰς
2015 4371 2110 4422 καὶ
2140 4371 2322 4442 σμήνη
2357 4374 2493 4442 πρὸς
2515 4373 2612 4444 τὴν
2648 4375 2842 4444 κλῆσιν
2873 4375 3069 4428 αὐτίκα
3105 4382 3381 4450 συνερρω-

145 4459 367 4526 ὲκείνους
401 4465 499 4517 καὶ
529 4461 903 4531 μισοδείπνους
929 4460 999 4514 τὰ
1039 4462 1180 4524 Θεία,
1211 4462 1481 4532 τοσαύτης
1513 4460 1700 4531 χλιδῆς
1808 4463 1962 4530 γέναι
1989 4477 2004 4492 °
2037 4462 2231 4516 οὐκοῦν
2262 4466 2441 4517 πᾶσαν
2471 4467 2566 4535 τὴν
2597 4466 2694 4537 ἤδη
2729 4467 3004 4536 πρόφασιν
3030 4469 3212 4540 ὲρῤειν
3252 4471 3378 4536 ἐῶν,

146 4555 227 4607 καὶ
249 4556 480 4624 τρυφῆς,
510 4555 603 4609 κα)⁸
624 4554 964 4624 τηλικαύτης
993 4553 1314 4619 πανδαισίας
1352 4554 1457 4619 ἔξω
1481 4554 1698 4625 βάλοιμι
1807 4555 2104 4610 ύπακούσω
2136 4557 2321 4627 σοιτῷ
2350 4559 2605 4613 καλοῦντι
2634 4576 2649 4590 ·
2683 4559 2864 4612 λαϐὼν
2893 4561 3066 4629 ἄγοιγὲ
3114 4580 3182 4632 με
3230 4570 3380 4635 παρὰ

146 4645 359 4727 ἐμαυτόν
386 4663 400 4679 ⁸
444 4649 537 4700 καὶ
571 4647 646 4717 μὴ
679 4647 844 4716 μόνον
892 4647 1143 4716 τοιαύτης
1177 4647 1479 4718 ἀμϐροσίας
1507 4651 1700 4716 πεινή-
1807 4647 1867 4698 τὸ
1891 4648 2110 4700 δεῖπνον
2137 4651 2234 4701 καὶ
2265 4650 2551 4703 ἀνάκλινον
2573 4652 2718 4714 ὅπως
2747 4653 2853 4722 ἄρα
2885 4654 2980 4706 καὶ
3008 4652 3215 4724 βούλοιο
3239 4672 3253 4686 ο
3287 4660 3379 4710 καὶ

407 4826 738 4883 Prooemium
768 4824 834 4879 ad
857 4823 1402 4893 Orphanotrophum.
1723 4828 1768 4889 Ο
1805 4826 1939 4878 mini.

1841 4826 1960 4878 linis
1987 4843 2066 4880 me
2096 4844 2242 4881 reum
2279 4830 2526 4899 facerem.
2560 4832 2699 4899 Quid
2723 4830 2904 4891 enim?
2932 4836 2990 4892 Si
3014 4837 3373 4895 invitationem

216 4921 432 4986 Videris,
461 4922 736 4976 homo-Dei
763 4961 778 4984 ,
810 4937 903 4974 nos
934 4921 1226 4981 exhortari,
1262 4929 1317 4972 ut
1348 4920 1590 4972 carmina
1639 4921 1695 4971 in
1803 4933 2100 4972 recusarem
2136 4938 2217 4987 ac,
2254 4919 2574 4978 Excusatum
2611 4943 2692 4979 me
2729 4929 2880 4994 habe,
2917 4933 3162 4995 dicerem.
3206 4949 3378 4987 nonne

147 5013 269 5082 festis
303 5015 592 5070 Dominicis
619 5033 648 5068 a
692 5015 816 5066 viris
834 5017 1033 5066 sanctis
1073 5023 1118 5064 et
1149 5011 1378 5082 Spiritus
1405 5011 1575 5064 sancti
1603 5028 1696 5063 sa-
1802 5019 1879 5073 tu,
1917 5012 1998 5064 vir
2028 5014 2194 5077 beate,
2225 5033 2507 5087 pauperes,
2558 5018 2798 5085 claudos,
2830 5040 2992 5078 cteros
3030 5028 3131 5079 mei
3161 5025 3270 5080 loco
3308 5029 3377 5081 ad

145 5109 414 5163 cerdotibus
480 5111 764 5162 decantata
824 5123 1148 5178 exponamus
1177 5146 1190 5167 ,
1238 5103 1694 5175 quandoquidem,
1800 5121 2010 5159 sacrum
2040 5110 2332 5163 convivium
2389 5115 2649 5167 vocares?
2680 5113 2805 5169 lam
2851 5134 2970 5171 vero
3009 5129 3148 5172 certe
3192 5122 3376 5176 domus

146 5200 477 5271 evangelicam
510 5210 556 5254 et
601 5202 839 5253 divinam
891 5197 1205 5265 parabolam
1246 5198 1298 5250 in
1327 5213 1453 5267 opus
1485 5212 1698 5260 vocans,
1806 5207 1895 5251 tua
1946 5199 2138 5256 talibus
2183 5203 2381 5275 repleta
2439 5207 2557 5271 erit,
2609 5208 2683 5261 ita
2729 5221 2780 5262 ut
2815 5227 2942 5280 opus
2977 5213 3067 5266 tibi
3103 5229 3206 5266 non
3243 5215 3378 5284 [oret

145 5296 201 5345 ad
229 5313 422 5351 caenam
458 5296 711 5350 celebrem
748 5312 808 5349 ac
844 5297 1066 5364 regiam,
1117 5310 1334 5364 qumque
1373 5294 1542 5346 cibum
1581 5309 1697 5346 om-
1804 5292 1856 5344 in
1889 5293 2120 5362 compita
2159 5302 2206 5346 et
2250 5296 2385 5348 vicos
2439 5297 2664 5353 civitatis
2705 5301 2919 5370 prodire
2976 5311 3025 5354 et
3074 5307 3376 5375 peregrinos

147 5391 272 5443 nium
302 5394 533 5445 maxime
556 5393 820 5460 egregium
849 5392 1019 5458 oﬁ'ert,
1056 5405 1134 5441 me
1173 5389 1400 5440 invitare
1439 5386 1697 5455 dignaris.
1799 5385 2046 5440 invitare.
2083 5385 2174 5440 Ubi
2203 5389 2433 5454 primum
2479 5391 2617 5443 enim
2664 5393 2733 5445 ad
2765 5409 3004 5448 mensam
3051 5406 3198 5452 tuam
3225 5417 3376 5453 voca-

145 5480 302 5543 Quare
336 5486 512 5554 utique
536 5485 846 5547 insanirem,
886 5484 929 5534 si
984 5482 1132 5535 boves
1174 5489 1393 5550 emptos,
1430 5487 1522 5532 aut
1567 5492 1699 5530 uxo-
1798 5479 1954 5538 veris.
1990 5477 2275 5533 multitudo
2301 5498 2364 5534 ac
2386 5484 2540 5536 turba
2567 5493 2616 5536 te
2653 5487 2851 5541 audiet.
2888 5488 3060 5559 Igitur
3100 5493 3234 5546 citra
3265 5510 3378 5547 om-

145 5587 238 5626 rem
288 5592 451 5647 nuper
476 5577 710 5639 ductam,
759 5582 851 5627 aut
887 5589 1074 5643 agrum
1114 5581 1429 5641 coemptum,
1472 5578 1530 5624 ut
1563 5570 1698 5639 fecc-
1801 5589 1919 5626 nem
1950 5583 2264 5643 prwtextum
2293 5592 2468 5630 vacem
2496 5585 2644 5630 tuam
2689 5581 2990 5635 exaudiam.
3040 5580 3176 5638 Veiis
3216 5585 3378 5657 igitur

144 5676 249 5718 runt
290 5668 372 5721 illi
421 5669 538 5724 Dei.
567 5682 762 5732 osores,
794 5676 1108 5735 pra’tcxcns,
1142 5665 1206 5716 de
1233 5679 1386 5716 sacro
1433 5662 1527 5715 illo
1569 5678 1696 5714 con-
1803 5667 1872 5719 ad
1897 5683 2099 5720 caenam
2124 5685 2204 5720 me
2227 5669 2582 5734 introducere,
2610 5679 2658 5723 et
2686 5670 2878 5737 locum,
2904 5692 3056 5744 quem
3096 5677 3255 5737 voles,
3285 5697 3377 5732 as-

143 5757 256 5814 vivio
285 5779 365 5816 me
404 5762 750 5817 excluderem.
783 5760 870 5816 Sic
890 5762 1037 5844 enim
1081 5775 1182 5813 non
1211 5757 1381 5812 solum
1421 5756 1696 5811 ambrosia!
1802 5759 2037 5828 signare.
2079 5756 2464 5815 Manducemus
2497 5779 2688 5831 panem
2716 5765 2968 5820 caelestem
2997 5769 3399 5840 et‘angelicum.

145 5854 530 5926 participatione
577 5872 656 5910 me
702 5857 999 5927 privat-em,
1055 5851 1144 5906 sed
1185 5849 1550 5905 inobedientiw
1595 5850 1697 5902 cri—
1806 5853 1874 5904 hu
1888 5867 2047 5906 mana
2079 5867 2258 5919 more;
2289 5860 2339 5906 et
2367 5852 2452 5907 ubi
2484 5862 2672 5910 taurus
2703 5867 2794 5915 aut
2831 5858 3022 5914 vitulus
3054 5844 3383 5930 evangelicus
