4054 6210
360 367 494 434 1237

1514 375 1683 438 SCRI
1697 375 1835 435 PTA
1867 373 2441 439 ΜιδρΕιιΑΝΕΑ..

3491 373 3627 466 1233

361 486 578 555 μὰτισε,
605 486 698 540 καὶ
725 487 819 540 τὸν
845 489 1048 544 κανόνα
1077 492 1500 564 συνεπεράνατο.
1537 491 1600 544 Οἱ
1633 478 1948 559 δὲ’ὒστερον
1979 497 2024 550 Α
2050 489 2112 542 τὸ
2141 489 2522 561 μελούργημα,
2573 489 2694 544 ἐπεὶ
2732 490 2828 545 δύο
2861 493 3068 563 χορεῖαι
3094 486 3234 563 ἦσαν
3280 493 3338 545 ἐν
3368 496 3433 566 τῇ
3455 494 3628 563 ἐξόδῳ

353 581 415 631 τὸ
451 581 614 649 μέλος
649 582 746 650 μὲν
795 583 1156 655 ἀγασάμενοι,
1187 585 1406 652 ἀνάξιον
1438 583 1485 638 δ’
1519 586 1670 654 ὅμως
1721 583 1943 652 κρίναν-

354 689 447 734 τες
480 675 816 739 γυναικείοις
852 676 1122 747 συμμίξαι
1153 679 1335 747 λόγοις
1355 678 1425 732 τὰ
1457 676 1550 729 τοῦ
1589 677 1768 747 ἥρωος
1798 674 1942 726 ὲκεί-

357 781 449 815 νου
499 767 694 836 Κοσμᾶ
742 770 1234 842 μουσουργήματα,
1281 772 1341 823 τὸ
1398 770 1555 840 μέλος
1607 767 1943 838 παραδόντες

357 857 432 926 τῷ
491 859 729 930 Μάρκῳ,
772 862 868 914 καὶ
913 864 1040 925 τοὺς
1095 864 1322 934 εἱρμοὺς
1374 863 1785 934 ἐγχειρίσαντες
1845 861 1944 931 τὴν

359 953 569 1022 πλοκὴν
597 954 706 1006 τῶν
738 957 1052 1025 τροπαρεων
1083 957 1258 1028 τούτῳ
1292 958 1441 1028 μόνῳ
1475 955 1805 1026 ἐπέτρεψαν.
1835 955 1944 1006 Καὶ

359 1045 534 1098 ἔοικεν
582 1047 870 1116 ἀληθεύειν
899 1041 1054 1111 οὗτος
1088 1052 1123 1102 ὁ
1149 1049 1304 1118 λόγος
1326 1067 1341 1082 δ
1395 1047 1518 1101 οὔτε
1549 1048 1660 1117 γὰρ
1696 1037 1806 1110 τοῖς
1836 1047 1944 1099 τῶν

360 1139 567 1208 εἱρμών
589 1141 876 1210 στοιχείοις
903 1127 981 1205 εἷς
1005 1143 1103 1210 τὴν
1127 1143 1478 1213 ἀκροστιχῖδα
1507 1143 1706 1212 χρῆται
1734 1143 1762 1193 ό
1790 1140 1947 1208 Μάρ-

360 1248 476 1292 κος.
530 1233 708 1286 καίτοι
757 1235 1169 1304 συναιρομένοις
1205 1235 1355 1303 αὑτῷ
1400 1235 1468 1288 τὰ
1518 1235 1708 1298 πολλὰ,
1743 1234 1944 1287 αὐτίκα

361 1326 471 1394 γὰρ
502 1326 617 1386 τοῦ.
658 1325 877 1396 Κύματι
909 1327 1208 1396 Θαλάσσης,
1245 1328 1303 1378 τὸ
1334 1328 1547 1381 κάππα.
1581 1328 1691 1380 Καὶ
1721 1326 1844 1391 τοῦ,
1879 1326 1945 1378 Σὲ

361 1417 454 1467 τὸν
483 1417 575 1468 ἐπὶ
606 1417 834 1479 ὑδάτων,
877 1420 936 1472 τὸ
972 1422 1142 1489 σῖγμα
1175 1419 1526 1473 συντελοῦσιν
1562 1417 1707 1486 αὑτῴ
1739 1420 1817 1477 εἰς
1847 1418 1944 1488 τὴν

361 1510 714 1580 ἀκροστιχίδα.
744 1527 758 1542 ⁸
801 1513 936 1564 ἀλλὰ
986 1513 1159 1566 ταῦτα
1192 1513 1510 1567 καταλιπὼν
1540 1515 1614 1578 ὡς
1665 1515 1942 1583 ἀλλότρια,

361 1605 454 1656 καὶ
484 1604 582 1673 οὐχ
629 1605 826 1657 ἑαυτοῦ
865 1608 1145 1676 ποιήματα
1191 1608 1342 1671 ὄντα,
1373 1608 1487 1661 ἀντ’
1519 1607 1747 1660 ἐκείνων
1778 1609 1943 1659 ποιεῖ-

359 1713 447 1748 ται
487 1697 782 1766 τροπὰρια,
839 1698 946 1750 ἀπὸ
998 1701 1095 1768 μὲν
1143 1699 1237 1751 τοῦ
1286 1703 1478 1753 κάππα
1526 1701 1830 1767 ἀρχόμενον
1863 1697 1942 1759 τὸ,

363 1791 534 1856 Κύριε
578 1789 677 1841 Θεέ
711 1807 833 1858 μου,
868 1792 976 1842 ἀπὺ
1021 1792 1077 1844 δὲ
1107 1791 1202 1844 τοῦ
1237 1795 1407 1861 σῖγμα
1443 1791 1523 1855 τὸ,
1558 1790 1812 1858 Σύμϐολα
1845 1790 1946 1857 τῆς

2045 587 2143 656 τὴν
2181 587 2404 657 πρώτην
2442 585 2586 658 ᾠδὴν
2634 586 2878 660 ᾄδουσαι,
2912 587 3011 656 μία
3056 585 3154 655 μὲν
3202 586 3430 658 ἀνδρῶν,
3463 587 3628 657 ἑτέρα

2045 681 2100 735 δὲ
2127 680 2429 750 γυναικῶν,
2460 681 2596 752 αὐτὴ
2620 683 2716 752 τὴν
2746 682 2856 735 τῶν
2879 680 3088 750 ἀνδρῶν
3117 669 3514 752 παρωσαμένη,
3549 683 3628 744 ὡς

2045 775 2146 826 οὐκ
2180 775 2339 844 ἀνὴρ,
2391 774 2478 836 Ὠς
2507 775 2563 827 αἱ
2603 774 2860 840 νεάνιδες,
2894 770 3035 838 εἷπε,
3063 774 3139 844 τῷ
3169 773 3356 845 Κυρίῳ
3381 773 3625 846 ᾷσωμεν.

2058 865 2217 919 Ἀλλὰ
2245 867 2343 935 ἤδη
2373 867 2468 919 καὶ
2499 864 2595 934 τὴν
2627 863 2978 936 ἀκροστιχίδα
3005 863 3100 916 τοῦ
3149 864 3372 926 κανόνος
3406 867 3632 916 ἐπισκε-

2045 954 2298 1023 ψώμεθα,
2330 955 2524 1025 διπλῆν
2569 973 2690 1009 τινα
2726 958 2819 1009 καὶ
2860 957 3064 1026 ταύτην
3093 953 3283 1026 οὖσαν,
3311 957 3404 1010 καὶ
3451 954 3628 1014 οὕτως

2048 1050 2244 1107 εἰπεῖν,
2278 1047 2310 1117 ἦ
2343 1030 2647 1118 ’δικόρυφον
2693 1049 2768 1112 ὡς
2802 1051 2829 1102 ό
2875 1046 3178 1119 Παρνασὺς,
3207 1051 3240 1121 ἢ
3293 1037 3626 1119 διθύραμϐον

2047 1130 2126 1203 ὡς
2151 1141 2208 1194 οἱ
2229 1139 2484 1194 Διονύσου
2517 1140 2698 1210 ὕμνοι,
2728 1145 2759 1212 ἢ
2803 1142 2877 1207 ὡς
2910 1143 2980 1196 τὰ
3013 1143 3068 1196 ἕν
3101 1161 3158 1197 τε
3188 1143 3370 1214 χέρσῳ
3403 1144 3499 1196 καὶ
3532 1141 3628 1194 θα-

2046 1233 2224 1304 λάσσῃ
2259 1231 2436 1294 ζῶντα
2476 1234 2587 1286 τῶν
2623 1233 2780 1297 ζώων
2821 1236 3080 1305 ἀμφίϐια.
3115 1235 3264 1289 Ἐπ’
3294 1237 3359 1288 ἂν
3399 1235 3496 1305 μὲν
3521 1235 3629 1305 γὰρ

2046 1325 2375 1398 τετραῲδιον
2411 1328 2572 1396 ἔμενε
2603 1328 2674 1381 τὰ
2698 1328 2790 1381 ἐπὶ
2814 1329 2890 1399 τῷ
2921 1330 3143 1400 μεγάλῳ
3171 1329 3431 1400 Σαϐϐάτῳ
3467 1329 3626 1399 μέλη,

2052 1422 2216 1492 μέρος
2250 1423 2444 1492 ἰάμϐου
2479 1419 2546 1493 ἦν
2576 1425 2608 1494 ἡ
2661 1425 2979 1495 ἀκροστιχλς
3021 1424 3233 1478 ἐκείνου
3262 1425 3403 1491 λέγω
3433 1423 3629 1494 ἰάμϐου

2047 1516 2165 1580 τοῦ,
2225 1517 2610 1586 Προσάϐϐατόν
2655 1534 2716 1570 τε
2768 1519 3045 1572 russam
3092 1518 3282 1589 μέλπω
3342 1519 3503 1588 μέγα.
3555 1509 3631 1572 Οὖ

2053 1607 2250 1678 ἰάμϐου
2294 1611 2352 1660 τὸ
2383 1609 2554 1678 ἥμισυ
2605 1608 2704 1678 μὲν
2744 1609 3073 1680 προείληφεν
3103 1611 3137 1680 ή
3189 1610 3396 1680 μεγάλη
3450 1610 3634 1680 Παρει-

2051 1699 2219 1768 σκευὴ
2249 1701 2332 1762 τὸ,
2368 1700 2751 1769 Προσὰϐϐατόν
2797 1719 2877 1765 τε,
2925 1704 2985 1754 τὸ
3029 1703 3082 1755 δὲ
3123 1701 3308 1756 λοιπὸν
3341 1702 3512 1772 ἥμισυ
3549 1701 3629 1763 τι,

2050 1789 2327 1842 Σάϐϐατον
2371 1791 2560 1858 μέλπω
2600 1794 2762 1860 μέγα,
2803 1793 3037 1846 ἐνταῦθα
3094 1795 3438 1866 παρελήφθη.
3481 1793 3635 1847 Ἐπεὶ

359 1886 539 1953 ταφῆς
575 1901 690 1938 σου.
730 1886 833 1937 Ἕκ
865 1903 919 1936 τε
947 1885 1038 1938 οὖν
1073 1886 1268 1939 τούτου
1302 1859 1461 1956 δῆλόν
1509 1887 1624 1937 ἐστι
1648 1886 1706 1936 τὸ
1742 1884 1817 1953 μὴ
1853 1882 1944 1934 τοῦ
1980 1859 2018 1914 Β
2047 1883 2104 1936 δὲ
2153 1883 2369 1953 ἐδέησεν
2419 1885 2714 1956 ἐκταθῆναι
2762 1888 2822 1938 τὸ
2878 1888 3034 1957 μέλος
3069 1889 3164 1941 καὶ
3206 1887 3266 1941 τὺ
3310 1885 3634 1958 τετραῲδιον

363 1979 592 2047 Μάρκου
619 1971 754 2030 εἶναι
779 1977 840 2030 τὸ
867 1980 1025 2048 μέλος
1051 1982 1146 2034 καὶ
1174 1982 1299 2042 τοὺς
1327 1979 1570 2048 ειρμοὺς,
1600 1979 1691 2028 καὶ
1721 1975 1780 2039 ἐξ
1808 1974 1952 2026 ἐκεί-
2047 1970 2301 2036 γενέσθαι
2348 1973 2551 2026 κανόνα
2599 1975 2914 2048 ὁλόκληρον,
2971 1978 3252 2047 ἀναλόγως
3315 1977 3636 2046 συνολοκλη-

363 2086 458 2121 νου
485 2068 540 2120 δέ
569 2069 665 2137 οὐχ
696 2064 857 2140 ἦττον
898 2069 994 2122 τοῦ
1029 2069 1206 2137 λέγειν
1236 2072 1294 2121 ἐν
1337 2069 1414 2136 τῷ
1448 2065 1625 2136 εἱρμῷ
1673 2063 1770 2131 τῆς
1801 2060 1948 2137 πρώέ

360 2177 461 2230 της
491 2160 656 2231 ᾠδῆς,
698 2162 837 2214 Ἀλλ’
868 2164 1029 2232 ἡμεῖς
1059 2162 1135 2225 ὡς
1173 2161 1413 2222 νεάνιδες
1461 2158 1539 2228 τῷ
1572 2157 1764 2226 Κυρίῳ
1799 2155 1943 2230 ᾄσω-

363 2271 485 2321 μεν.
535 2253 734 2316 Νεᾶνις
790 2256 900 2324 γὰρ
944 2253 1077 2308 οὖσα
1117 2254 1356 2323 δηλονότι
1413 2256 1443 2321 ἡ
1496 2251 1587 2304 κοιλ⁸
1632 2247 1937 2315 μελοποιὸς.

362 2350 457 2400 καὶ
490 2348 619 2401 αὐτὸ
660 2348 815 2401 τοῦτο
848 2348 1089 2419 ἐμφῆναι
1131 2347 1382 2412 θέλουσα,
1421 2347 1500 2399 ὅτι
1542 2344 1804 2412 γυναικός
1835 2342 1950 2393 ἐστι

361 2537 614 2605 absolvit;
639 2542 728 2608 qui
753 2556 870 2594 vero
897 2557 1014 2595 eam
1040 2538 1299 2594 subsecuti
1315 2543 1456 2595 sunt,
1477 2532 1638 2587 melos
1657 2525 1932 2587 admirati,

271 2637 291 2655 '
361 2629 580 2700 dignum
619 2631 959 2684 nihilominus
975 2631 1278 2702 judicantes
1317 2626 1654 2682 muliebribus
1676 2620 1938 2677 sermoni-

361 2723 454 2776 bus
484 2725 653 2778 herois
684 2727 830 2778 illius
859 2725 1062 2780 Cosma:
1090 2726 1359 2779 cautiones
1390 2722 1707 2792 conjungere
1729 2762 1741 2784 ,
1777 2719 1938 2772 melos

364 2818 628 2872 tradentes
670 2818 875 2885 Marco,
921 2829 969 2874 et
1009 2821 1206 2875 hirmos
1249 2809 1635 2887 consignantes,
1660 2814 1940 2883 Tropario-

364 2929 483 2964 rum
523 2915 948 2982 compositionem
989 2913 1070 2967 illi
1135 2913 1233 2967 soli
1271 2912 1662 2966 commiserunt.
1707 2909 1770 2962 Et
1813 2923 1943 2962 sane

365 3005 581 3059 traditio
617 3008 725 3060 lucc
760 3024 863 3060 non
903 3007 1108 3061 videtur
1142 3026 1174 3060 a
1211 3007 1428 3061 veritate
1468 3005 1737 3066 aberrare,
1778 3019 1944 3072 neque

364 3101 505 3152 enim
552 3102 842 3154 liirmorum
895 3102 1080 3155 litteris
1129 3101 1443 3170 capitalibus
1488 3101 1548 3153 in
1597 3098 1944 3152 acrosticliide

363 3193 576 3246 Marcus
613 3195 798 3252 utitur.
838 3194 952 3248 licet
992 3195 1071 3246 illi
1115 3197 1338 3248 multum
1377 3195 1674 3264 conferrent
1710 3210 1727 3246 :
1763 3193 1940 3246 statim

363 3287 504 3340 enim.
542 3285 704 3350 illius,
733 3289 952 3357 Κύματι
997 3286 1300 3355 θαλάσσης,
1343 3288 1486 3341 unde
1530 3288 1704 3357 majus
1741 3286 1807 3348 K.
1843 3301 1943 3339 nec

363 3393 473 3432 non
509 3378 678 3445 illius,
713 3380 778 3432 Σὲ
813 3381 906 3432 τὸν
936 3384 1029 3433 ἐπὶ
1063 3381 1276 3434 ὑδάτων
1298 3423 1312 3446 ,
1346 3393 1398 3436 te
1433 3397 1600 3450 super
1627 3397 1797 3450 aquas
1821 3422 1835 3444 ,
1868 3379 1939 3444 Σ,

363 3489 523 3543 quam
561 3475 789 3526 maxime
821 3473 903 3527 illi
934 3474 985 3527 in
1022 3477 1364 3529 acrostichide
1393 3478 1717 3538 conducunt,
1747 3476 1836 3530 sed
1868 3476 1944 3528 liis

364 3563 612 3634 neglectis
648 3574 905 3629 tanquam
941 3567 1124 3621 alienis
1160 3585 1254 3621 nec
1291 3572 1516 3639 prapriis
1554 3570 1795 3638 operibus
1832 3567 1944 3622 loco

363 3675 543 3710 eorum
571 3657 824 3722 Troparia
852 3661 1122 3716 conscribit
1151 3682 1180 3714 ιι
1209 3663 1248 3715 Κ
1275 3663 1483 3728 quidem
1509 3665 1760 3729 incipiens
1787 3661 1943 3726 illud,

367 3750 544 3820 Κύριε
573 3751 674 3803 Θεέ
705 3769 829 3820 μου,
860 3754 1088 3809 Domine
1116 3756 1257 3809 Deus
1283 3771 1458 3818 meus,
1486 3755 1550 3809 ab
1579 3757 1615 3806 Σ
1640 3773 1759 3810 vero
1787 3756 1944 3820 illud,

366 3841 622 3913 Σύμϐολα
662 3843 763 3912 τῆς
801 3845 986 3915 ταφῆς
1031 3865 1148 3907 σου,
1190 3848 1434 3918 symbola
1481 3859 1583 3902 luas
1627 3851 1943 3918 sepulturae.

367 3938 452 3991 E1:
500 3939 595 3992 hoc
644 3948 866 4010 utroque
914 3941 1253 4010 manifestum
1310 3951 1382 3995 est
1438 3942 1598 3996 melos
1650 3945 1947 4015 liirmosque

367 4031 532 4085 Marci
561 4048 664 4086 non
693 4047 819 4093 esse,
849 4040 898 4086 et
927 4050 984 4086 eo
1011 4037 1170 4089 etiam
1200 4051 1342 4103 teque
1366 4036 1525 4103 probe
1550 4038 1805 4091 evincitur
1829 4055 1945 4092 cum

363 4123 508 4177 dicat
549 4125 604 4177 in
643 4125 830 4195 primae
863 4126 978 4181 oda:
1010 4129 1178 4182 hirmo
1217 4144 1234 4181 :
1274 4126 1380 4182 Sed
1423 4144 1522 4183 nos
1557 4139 1813 4200 tanquam
1855 4133 1947 4202 ju-

367 4217 611 4272 vencula:
661 4217 895 4272 Domino
947 4231 1256 4274 cantemus.
1302 4219 1591 4274 Juveneula
1640 4223 1778 4276 enim
1829 4240 1948 4278 cum

363 4317 496 4365 esset
527 4313 639 4380 ipsa
673 4312 1050 4366 modulationis
1078 4314 1291 4379 arti/ex,
1321 4324 1368 4367 et
1396 4317 1490 4368 hoc
1514 4317 1648 4370 idem
1679 4320 1950 4373 ostendere

363 4401 542 4456 volens
575 4403 842 4457 canticum
872 4403 1009 4458 illud
1038 4404 1274 4459 mulieris
1306 4422 1413 4461 esse
1435 4447 1447 4467 ,
1479 4423 1594 4461 cum
1626 4409 1745 4462 duo:
1779 4419 1949 4464 essent

363 4495 565 4549 clior-etv
603 4497 744 4567 apud
783 4495 1046 4563 Exoduni,
1081 4501 1308 4568 primam
1348 4502 1502 4555 ollam
1540 4512 1806 4569 canentes,
1843 4521 1948 4558 una

2048 2062 2234 2132 ροῦται
2271 2066 2365 2116 καὶ
2412 2067 2811 2138 ἠάκροστιχὶς,
2863 2071 2957 2124 καὶ
3004 2072 3125 2123 ἀντὶ
3172 2072 3371 2142 μέρους
3431 2069 3628 2140 ἰάμϐου

2043 2153 2160 2216 ὅλος
2192 2156 2390 2225 ἴαμϐος
2424 2158 2653 2226 γίνεται.
2679 2156 2810 2214 Ὧδέ
2847 2181 2919 2234 πη
2960 2163 3075 2234 ἔχει
3098 2180 3113 2194 ·
3147 2165 3256 2219 Καὶ
3303 2167 3543 2235 σήμερον
3575 2163 3631 2216 δὲ

2043 2246 2320 2302 Σαϐϐαῖον
2353 2251 2545 2320 μέλπω
2593 2256 2758 2326 μέγα.

2035 2523 2246 2593 quidem
2276 2541 2338 2578 ex
2366 2528 2637 2592 masculis,
2665 2529 2835 2585 altera
2865 2549 2928 2586 ea:
2955 2533 3186 2603 feminis,
3215 2537 3329 2607 ipsa
3379 2537 3640 2600 masculo-

2040 2633 2158 2669 rum
2190 2635 2466 2688 spernens,
2503 2621 2663 2677 veluti
2697 2641 2816 2695 quae
2852 2626 3042 2681 mulier
3071 2638 3209 2694 erat,
3236 2630 3510 2701 Tanquam
3542 2633 3634 2702 ju-

2038 2712 2288 2774 vencnlte,
2321 2712 2476 2780 dixit,
2510 2713 2620 2768 Deo
2652 2733 2930 2773 canamus.
2977 2717 3330 2777 Veruntamen
3374 2733 3422 2778 et
3461 2726 3631 2795 ipsam

2040 2806 2259 2857 canonis
2296 2809 2692 2863 ucrosticliidem
2718 2852 2732 2877 ,
2767 2811 3026 2881 duplicem
3056 2814 3211 2869 illam
3238 2833 3463 2886 quoque,
3495 2829 3541 2870 et
3579 2829 3633 2870 ut

2050 2899 2128 2952 ita
2158 2899 2355 2964 dicam,
2382 2901 2640 2970 bicipitem
2670 2904 2829 2959 veluti
2857 2905 3209 2972 Parnassum,
3237 2909 3320 2964 vel
3344 2911 3633 2982 dithyram-

2051 2995 2194 3058 bum,
2231 3006 2285 3048 ut
2319 3007 2442 3050 sunt
2474 2999 2654 3068 hymni
2685 3001 2738 3052 in
2777 2998 3061 3065 Bacchum,
3095 3001 3233 3057 velut
3263 3019 3324 3058 ea
3356 3002 3473 3069 aute
3506 3013 3553 3057 et
3584 3006 3635 3058 in

2054 3091 2217 3155 mari,
2251 3101 2300 3144 et
2333 3094 2385 3144 in
2423 3101 2565 3145 terra
2600 3093 2778 3150 vivunt
2811 3094 3071 3149 animalia
3103 3096 3369 3167 amphibia
3399 3098 3638 3151 conside-

2055 3201 2257 3238 ramus.
2292 3184 2464 3238 Donec
2500 3187 2635 3239 enim
2673 3184 2992 3241 Tetraodion
3029 3197 3165 3255 erat,
3198 3190 3336 3260 quod
3369 3190 3422 3244 in
3454 3200 3637 3244 sancto

2049 3273 2278 3330 Sabbato
2330 3279 2626 3331 concinitur
2679 3278 2879 3344 melos,
2933 3280 3097 3334 iambi
3150 3283 3474 3352 principium
3523 3293 3645 3336 erat

2050 3373 2428 3437 acrosticnidis,
2459 3371 2600 3426 illius
2629 3389 2835 3443 nempe,
2861 3374 2951 3445 qui
2977 3375 3280 3444 incipiebat,
3315 3374 3638 3444 [196M662-

2047 3467 2138 3519 τόν
2167 3483 2226 3519 τε
2257 3466 2538 3520 Σάϐϐατον
2567 3467 2760 3538 μέλπω
2798 3469 2940 3538 μέγα
2960 3510 2974 3534 ,
3006 3469 3144 3523 Ante
3177 3469 3474 3524 Sabbamm
3506 3469 3634 3522 Sab-

2049 3560 2235 3616 batum
2275 3576 2412 3614 cano
2451 3578 2729 3632 magnum.
2769 3561 2936 3631 Cujus
2971 3563 3133 3616 iambi
3167 3563 3394 3616 mediam
3427 3561 3636 3627 quidem

2048 3663 2251 3724 partem
2288 3653 2565 3724 praeripuit
2603 3671 2798 3725 magna
2831 3654 3142 3718 Parasceve,
3176 3671 3360 3724 nempe
3397 3653 3639 3720 προσάϐέ

2049 3747 2212 3800 ϐατόν
2259 3763 2341 3810 τε,
2387 3754 2514 3800 ante
2572 3747 2899 3808 Snbbatum.
2953 3746 3211 3816 reliquum
3265 3761 3406 3804 vero.
3451 3760 3639 3814 nempe

2051 3839 2332 3894 Σαϐϐαῖον
2376 3839 2568 3910 μέλπω
2616 3841 2778 3909 μέγα,
2819 3840 3121 3895 Sabbatum
3170 3853 3634 3908 cano-magnum,

2049 3937 2142 3991 hoc
2169 3937 2224 3990 in
2254 3940 2363 3990 loco
2395 3936 2632 3990 relictum
2663 3945 2758 3991 est.
2792 3938 3037 3989 Attamen
3066 3949 3182 3988 eum
3213 3951 3339 4006 opus
3369 3942 3498 3987 esset
3531 3949 3639 3986 me-

2051 4031 2127 4085 los
2176 4031 2452 4103 elongari,
2503 4040 2551 4086 et
2599 4030 2910 4084 Tetraodion
2960 4031 3151 4102 integri
3197 4029 3415 4082 canonis
3459 4035 3650 4098 partes

2047 4128 2320 4188 sustinere,
2333 4126 2679 4199 proportione
2711 4125 2944 4195 quadam
2979 4135 3026 4178 et
3058 4122 3359 4177 acrostichis
3397 4122 3639 4190 integra-

2051 4229 2158 4282 tur,
2203 4225 2250 4271 et
2297 4218 2458 4272 iambi
2504 4217 2678 4270 mutili
2724 4215 2869 4282 loco,
2911 4215 3115 4269 iambus
3159 4215 3362 4280 inther
3405 4212 3638 4266 succedit

2049 4314 2187 4368 hunc
2222 4314 2274 4367 in
2317 4316 2526 4367 modum
2565 4329 2581 4366 :
2620 4314 2728 4365 Καὶ
2764 4313 3008 4383 σήμερον
3040 4309 3098 4362 δὲ
3136 4309 3409 4361 σάϐϐατον
3446 4306 3638 4376 μέλπω

2055 4409 2218 4482 μέγα.
2253 4406 2318 4462 Et
2352 4406 2516 4462 hodie
2544 4421 2674 4461 vero
2707 4404 3006 4461 Szibbatum
3042 4418 3180 4458 cano
3213 4417 3490 4462 maqnum.
