4054 6210
594 334 732 405 1243

1825 366 2227 432 THEODORI
2256 358 2655 435 PRODROMI

3700 380 3820 445 nu

586 453 960 563 tynh'xaueiva
982 463 1041 563 τὸ
1064 446 1159 518 τοῦ
1200 468 1536 563 Ιςικέριιονος9
1569 476 1597 529 δ
1631 478 1766 549 πρὸς
1807 481 1900 537 τδν
1932 502 2166 557 στρατη..
2190 499 2241 557 Α
2270 492 2438 555 πόσος
2484 497 2665 561 κρῖναι
2734 490 3019 563 ποιήματα
3075 490 3327 559 πέφυκας
3356 509 3379 557 ζ
3442 491 3724 562 Ὲθρέψατό
3772 492 3841 551 σεέ

585 549 888 649 γιλκιέτατον
918 555 1148 612 Κάτωνα
1183 561 1280 630 (6).
1330 562 1582 637 Ῥωμαίω
1614 569 1655 622 δ’
1683 571 1852 643 ἄμφω
1879 575 1957 630 τὼ
1981 549 2163 649 ἀνδρε,

588 645 769 712 σοφῶς
812 647 1195 720 ἀπεφθέγξατο
1216 672 1230 687 ο
1264 658 1326 711 Et
1357 661 1453 716 καὶ
1493 663 1567 733 μὴ
1602 666 1799 722 Κάτων
1825 669 1994 725 δεῖται
2032 645 2167 725 Ῥ-ώ-

588 750 715 805 μης.
750 738 944 806 εῑπὼν,
970 742 1089 796 ἀλλ’
1118 746 1150 817 ή
1188 745 1374 821 Ῥώμη
1408 754 1684 821 Κάτωνος.

580 858 589 866 ο
669 827 742 891 Ὀ,
765 833 865 901 μὲν
917 830 1012 890 οὖν
1060 838 1342 910 Ἀθηναῖος
1398 846 1691 920 φιλόσοφος
1733 844 1905 922 (οἶδας
1949 855 2012 907 τὸ
2068 857 2165 924 τῆς

584 924 964 1021 πρεσϐυτέρας
1006 929 1166 1001 εὖχος
1212 934 1567 1007 Ἀκαδημίας,
1625 943 1717 996 τὸν
1759 946 2020 999 Πλάτωνα
2061 947 2164 1021 [7])

583 1012 815 1070 ἕκαστον
843 1019 952 1073 τῶν
986 1022 1085 1092 τῆς
1116 1026 1247 1097 παρ’
1290 1029 1457 1084 αὑτοῦ
1496 1032 1858 1106 πολιζομένης
1889 1012 2166 1105 πολιτείας

583 1106 793 1177 ἀνδρῶν
829 1113 958 1181 μιᾶς
994 1132 1141 1180 τινος
1174 1119 1264 1174 καὶ
1307 1123 1477 1194 μόνης
1515 1121 1658 1182 εἶναι
1687 1130 1939 1201 τεχνίτην
1970 1134 2166 1203 τέχνης

582 1202 1016 1275 νενομοθέτηκε·
1055 1210 1188 1278 μηδὲ
1232 1214 1341 1285 γὰρ
1393 1215 1485 1269 τὸν
1524 1219 1813 1290 φιλόσοφον
1853 1226 1980 1289 περὶ
2014 1202 2167 1280 δικα-

581 1296 775 1391 στικὴν
830 1298 1133 1371 ἐστράφθαι
1164 1306 1363 1376 χρῆναι
1404 1311 1496 1364 καὶ
1543 1316 1796 1386 νομικὴν,
1853 1318 1987 1388 μηδὲ
2036 1321 2163 1391 περὶ

582 1386 904 1460 φιλοσοφίαν
928 1391 1085 1458 αὖθις
1112 1399 1198 1450 τὸν
1229 1401 1512 1475 δικαστὴν,
1539 1406 1606 1457 ἵν’
1635 1406 1776 1460 οὕτω
1805 1386 1925 1473 ταῖς
1947 1386 2165 1481 τέχνα-ις

582 1484 849 1558 τδᾶκρον
898 1493 1002 1565 ’καὶ
1032 1493 1095 1546 τὺ
1137 1492 1198 1549 εὖ
1245 1500 1607 1568 περιγένοιτο.
1643 1503 1705 1556 Ei
1756 1505 1812 1557 δέ
1855 1523 1939 1569 τις
1996 1507 2161 1572 ἔλθοι,

584 1580 719 1650 φησὶ
770 1581 868 1651 (8),
929 1587 1173 1651 ποικίλος
1228 1591 1366 1661 ἀνὴρ
1412 1594 1506 1647 καὶ
1559 1597 1925 1663 παντοδαπὸς,
1974 1599 2165 1655 τοῦτον

585 1681 915 1743 προσκυνεῖν
953 1681 1053 1749 μὲν
1093 1683 1187 1737 καὶ
1215 1685 1601 1758 ἀποδέχεσθαι,
1630 1690 1707 1755 ὡς
1734 1695 1879 1765 ἱερὸν
1905 1695 2000 1750 καὶ
2031 1696 2164 1749 θαυ-

586 1768 811 1834 μαστὲν,
844 1772 1226 1842 ἀποφαίνεται,
1260 1778 1341 1845 είς
1382 1780 1575 1851 ἑτέραν
1604 1783 1646 1837 δ’
1695 1786 1844 1855 ὅμως
1876 1787 2030 1841 πόλιν
2075 1791 2167 1842 ὲκ-

2279 583 2609 656 Ῥητορική·
2673 585 2766 639 καὶ
2818 585 2917 654 φεῦ
2953 583 3079 636 ’τῶν
3107 584 3208 650 τῆς
3237 568 3480 663 ’πειθούς
3525 580 3715 651 ἰύγγων
3743 587 3827 639 καὶ

2268 678 2379 731 τῶν
2410 679 2715 750 σειρήνωνι
2754 679 2877 741 ὅσος
2916 679 3015 747 μὲν
3063 676 3487 747 συμὸουλεῦσαι,
3534 676 3653 738 ὅσος
3687 676 3738 730 δὲ
3762 677 3828 730 6t-

2270 771 2545 825 κάσασθαι
2580 771 2848 842 πέφηνας,
2881 771 2975 823 καὶ
3024 771 3147 832 ὅσος
3182 770 3278 841 μὲν
3310 769 3397 823 διὰ
3440 768 3678 838 γλώττης
3705 787 3828 838 προ-

2270 861 2565 916 ϐάλλεσθαι
2591 862 2651 914 τδ
2683 861 2895 932 νοηθὲν,
2926 863 3047 923 ὅσος
3076 860 3130 913 δὲ
3164 861 3257 912 καὶ
3300 861 3473 930 χάρτῃ
3508 860 3840 929 ἐπισημῆναι

2272 954 2399 1008 σθαι
2433 955 2549 1023 (9);
2598 955 2928 1025 Πολυεύκτῳ
2982 956 3081 1025 μὲν
3118 949 3213 1007 οὖν
3266 952 3345 1022 τῷ
3400 952 3648 1023 Σφηττίῳ
3697 952 3845 1021 σοφῷ.

2270 1042 2455 1119 ῥήτωρ
2488 1048 2588 1119 μὲν
2614 1048 2836 1116 ἄριστος
2862 1047 3238 1118 Δημοσθένης,
3271 1050 3447 1101 εἰπεῖν
3472 1047 3528 1101 δὲ
3550 1048 3828 1115 δεινότατος

2266 1139 2495 1193 Φωκίων
2547 1139 3009 1210 προσηγορεύετο,
3046 1139 3122 1204 ὡς
3172 1140 3366 1194 τούτου
3405 1139 3506 1211 μὶν
3558 1140 3751 1193 ἐκεῖνον
3778 1142 3828 1192 ὲν

2267 1229 2346 1299 τῷ
2386 1230 2700 1301 ῥητορεύειν
2728 1234 2822 1284 καὶ
2851 1232 3103 1302 γράφειν,
3134 1231 3344 1285 ἐκείνου
3380 1230 3438 1284 δὲ
3466 1230 3651 1283 τοῦτον
3682 1232 3735 1283 ἐν
3760 1231 3827 1300 τῷ

2266 1322 2445 1390 λέγειν
2501 1325 2596 1377 καὶ
2646 1324 2977 1396 δημηγορεῖν
3028 1323 3481 1393 ὑπερϐάλλοντος.
3528 1324 3599 1375 Σὺ
3648 1322 3702 1375 δὲ
3747 1328 3826 1375 καὶ

2267 1416 2354 1469 ἐπ’
2385 1417 2589 1486 ἀμφοῖν
2616 1416 2975 1488 κεκλήρωσας
3009 1417 3133 1490 (sic)
3169 1420 3230 1470 τὸ
3259 1417 3570 1485 εὐδόκιμον,
3602 1419 3714 1479 ταῖς
3743 1418 3825 1485 μὲν

2270 1510 2581 1580 ῥητορείαις
2604 1510 2695 1564 τὸν
2715 1510 3051 1582 Δημοσθένη,
3078 1512 3197 1573 ταῖς
3223 1512 3274 1562 δὲ
3297 1509 3661 1579 δημηγορίαις
3686 1511 3827 1578 ὑπερ·

2267 1602 2595 1672 ϐαλλόμενος
2623 1603 2715 1656 τὸν
2758 1603 3038 1658 Φωκίωνα.
3071 1602 3353 1673 Ἦνδρωσέ
3400 1620 3462 1655 σε
3512 1602 3647 1671 μετὰ
3676 1602 3825 1655 ταῦτα

2266 1695 2450 1765 Νόμος
2477 1697 2572 1750 καὶ
2599 1696 2945 1767 Νομοθετική
2968 1713 2981 1728 '
3006 1698 3100 1750 καὶ
3128 1696 3230 1766 φεῦ
3258 1697 3359 1764 τῆς
3384 1694 3713 1764 εύθυδικίας,
3740 1696 3826 1763 τῆς

2271 1788 2596 1863 ίσορῤεποῦς
2631 1788 2985 1857 πλάστιγγος,
3033 1788 3127 1841 τοῦ
3158 1788 3402 1852 κανόνος,
3444 1788 3545 1857 τῆς
3582 1787 3824 1859 στάθμης,

584 1859 823 1927 πέμπειν
852 1864 983 1935 ἐρίῳ
1016 1868 1283 1940 πρότερον
1322 1872 1700 1942 στεψαμένους
1743 1880 1904 1932 αὑτὸν
1934 1880 2028 1935 καὶ
2060 1880 2164 1951 μύ-
2196 1874 2236 1929 Β
2397 1859 2555 1951 ἱερᾶς
2586 1876 2836 1949 θέμιδοςῐ
2874 1881 2999 1941 ὅσος
3037 1880 3133 1949 μὲν
3167 1878 3399 1932 ἀκοῦσαι
3440 1878 3579 1949 μετά
3609 1879 3826 1949 πραότη-

586 1969 679 2021 ρον
701 1955 843 2008 κατὰ
858 1956 956 2027 τῆς
982 1961 1223 2028 κεφαλῆς
1238 1964 1556 2034 χεαμένους.
1577 1969 1734 2032 Ἴσως
1757 1971 1865 2041 γὰρ
1886 1971 2163 2043 θειοτέρας

584 2046 748 2101 αὐτὸν
775 2049 927 2119 ἠξίου
956 2055 1051 2107 καὶ
1083 2053 1144 2106 οὐ
1176 2057 1316 2110 κατὰ
1343 2057 1629 2127 ἄνθρωπον
1667 2064 1765 2133 τῆς
1795 2069 1977 2135 τιμῆς.
2013 2068 2074 2120 Εἰ
2099 2069 2161 2139 δὴ

584 2139 680 2191 καὶ
744 2141 905 2210 ἡμεῖς
956 2145 1044 2197 ἐπ’
1082 2147 1298 2218 ἐκείνης
1344 2145 1488 2221 ἦμεν
1541 2156 1638 2223 τῆς
1702 2157 1998 2222 πολιτείας,
2040 2159 2162 2214 τίνα

583 2228 745 2283 ἄλλον
777 2232 969 2303 ἐχρῆν,
1001 2236 1048 2287 εί
1079 2237 1153 2307 μὴ
1191 2237 1272 2299 σὲ,
1305 2240 1585 2308 σοφώτατε
1620 2246 1955 2315 νομοφύλαξ,
1988 2264 2159 2317 προσ-

586 2323 887 2392 κυνηθῆναι
927 2326 1025 2395 μὲν
1059 2329 1153 2383 καὶ
1201 2332 1587 2402 ἀπώεχθῆναι,
1616 2334 1690 2398 ὡς
1735 2338 1900 2407 ἱερὸν,
1934 2340 2165 2411 στεφθῆ-

584 2431 676 2468 ναι
703 2416 759 2468 δὲ
790 2416 889 2486 τὴν
924 2421 1191 2490 κεφαλὴν,
1228 2424 1329 2507 καὶ
1366 2425 1427 2477 τὸ
1459 2427 1631 2498 μύρον
1668 2430 2052 2501 περιχυθῆναι,
2088 2433 2163 2495 ὡς

580 2508 641 2559 τὸ
681 2510 863 2577 είκός;
910 2512 1014 2565 Καὶ
1066 2514 1149 2576 τίς
1186 2515 1293 2588 γὰρ
1345 2516 1623 2585 ἄλλος,ὡς
1669 2525 1757 2588 σὺ,
1792 2523 2014 2588 πολλαῖς
2066 2526 2163 2597 μὲν

582 2605 799 2674 τέχναις
830 2608 922 2658 καὶ
967 2610 1297 2680 ἐπιστήμαις
1331 2612 1631 2684 ὡμίληκεν,
1678 2618 1909 2671 ἁπασῶν
1953 2619 2009 2673 δὲ
2042 2621 2164 2674 τού-

580 2712 689 2750 των
712 2698 809 2762 τὰς
834 2700 1162 2770 ἀκροπόλεις
1188 2705 1550 2775 κατείληφενς
1590 2709 1877 2777 Ἐμαξευσὲ
1905 2727 1963 2763 σε
1984 2711 2164 2782 Γραμ-

584 2792 790 2861 ματική
819 2805 833 2820 ⁶
872 2795 964 2847 καὶ
994 2793 1096 2863 φεῦ
1135 2796 1234 2866 τῆς
1258 2798 1604 2869 ὁρθολεξίαςι
1649 2804 1769 2865 ὅσος
1817 2802 1916 2873 μὲν
1961 2807 2159 2877 ἐτυμο-

579 2886 766 2956 λογίαν
794 2887 995 2956 εὑρεῖν,
1024 2890 1146 2955 ὅσος
1175 2893 1232 2946 δὲ
1282 2894 1571 2964 ἀναλογίαν
1603 2895 1945 2968 ἐκλέξασθαι,
1976 2901 2070 2953 καὶ
2101 2902 2161 2955 ὁ-

2266 1990 2354 2038 τος
2404 1974 2806 2043 ἀναπέφανσαι,
2838 1974 2964 2037 ὅσος
2999 1974 3054 2027 δὲ
3098 1973 3497 2045 ψηφηφορῆσαι
3533 1972 3667 2045 μετὰ
3692 1971 3828 2025 εὐθύ-

2264 2084 2447 2138 τητος,
2477 2066 2550 2138 μὴ
2576 2067 2818 2132 δεκάζων
2855 2067 3056 2139 κρίσιν,
3102 2067 3177 2137 μὴ
3223 2065 3543 2137 προσώπου,
3579 2067 3650 2137 μὴ
3676 2066 3827 2136 δώρου

2262 2158 2425 2229 λῆψιν
2461 2160 2567 2229 πρὸ
2612 2159 2711 2224 τῆς
2762 2159 3024 2227 ἀληθείας
3076 2159 3395 2228 τιθέμενος;
3446 2158 3714 2231 Ἐῤῥίφθω
3738 2159 3828 2228 γὰρ

2260 2253 2435 2305 ἐκεῖνο
2456 2250 2740 2316 τοῦ“ἔπους
2773 2254 2867 2306 καὶ
2901 2253 3387 2319 ἀπεσκυόαλίσθω,
3419 2255 3449 2306 ὅ
3479 2270 3614 2324 φησι
3636 2266 3651 2281 ο
3682 2290 3685 2291 ν

2264 2348 2426 2415 Δῶρα
2457 2346 2633 2414 θεοὺς
2666 2348 2874 2415 πείθει,
2910 2346 3046 2417 δῶρ’
3076 2349 3344 2415 αἰδοίους
3373 2347 3686 2416 ,ϐασιλῆας
3710 2348 3825 2420 (10).

2263 2442 2334 2495 Σὺ
2366 2442 2466 2511 μὲν
2506 2441 2697 2509 ὔμνεις
2724 2444 2852 2505 τοὺς
2883 2442 3088 2509 Μίνως,
3119 2442 3394 2514 ἄνθρωπε,
3428 2444 3528 2497 καὶ
3563 2445 3684 2503 τοὺς
3722 2442 3828 2493 Ῥα-

2262 2534 2597 2606 δαμάνθυας,
2628 2535 2756 2598 τοὺς
2807 2536 2949 2589 οὓτω
2998 2535 3442 2608 μεγαλοπρεπεῖς
3479 2537 3576 2589 καὶ
3622 2536 3827 2606 σεμνούς

2260 2628 2540 2694 δικαστὰς,
2573 2628 2649 2691 ὡς
2669 2628 2812 2681 κατὰ
2844 2630 3008 2690 κυνὸς
3039 2630 3174 2699 (li).
3203 2630 3235 2698 ἢ
3266 2630 3454 2700 χηνὸς,
3507 2629 3540 2699 ἢ
3578 2629 3827 2681 πλατάνου

2263 2714 2562 2782 ὀμνύοντας
2616 2718 2912 2787 πρότερον,
2961 2717 3151 2771 ἔπειτα
3202 2718 3277 2783 ὡς
3329 2720 3422 2771 ὑπ’
3486 2719 3713 2789 ἀσφαλεῖ
3750 2718 3829 2771 καὶ

2268 2807 2470 2879 βεϐαίῳ
2502 2808 2580 2880 τῷ
2612 2810 2762 2881 ὅρκῳ
2787 2810 3066 2877 περαίνειν
3091 2810 3150 2865 τὸ
3178 2812 3572 2883 ψηφηφόρημα
3594 2829 3608 2843 ⁸
3641 2811 3710 2871 ὡς
3740 2823 3829 2861 κα-

2265 2903 2348 2956 λοὶ
2388 2903 2497 2976 γάρ
2547 2920 2640 2956 σου
2675 2904 2724 2956 οἱ
2776 2905 3050 2969 δικασταὶ,
3101 2904 3197 2958 καὶ
3229 2906 3369 2971 ἄξιοι
3419 2907 3640 2978 νεκροῖς
3694 2904 3829 2973 θεμι-

582 3054 725 3104 ronis
765 3052 926 3121 probo
968 3052 1108 3123 quod
1141 3052 1209 3107 ad
1245 3052 1499 3109 Catonem
1539 3056 1711 3110 virum
1751 3056 1887 3112 bello
1930 3061 2158 3113 maxime
2185 3067 2227 3123 ο
2262 3062 2509 3125 renibus;
2538 3070 2586 3114 te
2614 3066 2683 3115 ad
2708 3062 3087 3117 consulendum
3114 3070 3437 3133 promptum,
3472 3066 3545 3118 ad
3563 3066 3654 3134 jus
3678 3065 3829 3117 dicen-

574 3150 873 3209 strenuum,
917 3144 1190 3200 Romanus
1233 3148 1302 3199 ad
1343 3146 1662 3211 Romanum,
1699 3150 1830 3204 dixit
1871 3165 1891 3204 :
1934 3150 1992 3207 Si
2030 3153 2159 3208 Cato

579 3233 746 3288 Roma
776 3252 907 3305 opus
936 3254 1038 3290 non
1070 3238 1243 3302 habet,
1278 3246 1334 3292 at
1363 3239 1533 3294 Roma
1566 3241 1783 3296 Catone.

650 3327 998 3399 PhilosOphus
1026 3329 1117 3384 ille
1142 3330 1469 3387 Atheniensis
1498 3333 1801 3399 (Platonem
1828 3339 1965 3391 enim
1985 3381 1999 3406 ,
2025 3349 2162 3393 vete-

578 3423 651 3476 ris
692 3422 988 3475 Academia:
1034 3435 1425 3491 ornamentum,
1467 3429 1734 3497 cognitum
1780 3429 1958 3502 habes)
1997 3429 2159 3502 legem

580 3512 703 3568 tulit
739 3523 795 3567 ut
835 3516 1002 3585 quiuis
1037 3533 1217 3570 eorum
1253 3519 1344 3581 qui
1376 3519 1431 3572 in
1466 3520 1733 3590 republica
1767 3522 1831 3575 ab
1865 3523 1977 3592 ipso
2012 3524 2161 3577 insti-

580 3615 693 3659 tuta
730 3608 944 3671 viveret,
981 3610 1139 3662 unius
1175 3608 1406 3679 alicujus
1442 3612 1575 3666 artis
1609 3615 1810 3684 peritus
1848 3616 2003 3684 foret.
2041 3615 2159 3670 Non

576 3700 717 3753 enim
749 3700 1141 3772 philosophum,
1179 3704 1412 3767 dicebat,
1441 3705 1735 3775 juridicum
1767 3719 1858 3761 aut
1895 3708 2163 3779 legislato—

577 3808 689 3847 rem
711 3834 726 3855 ,
762 3803 854 3847 aut
880 3795 1116 3864 judicem
1154 3798 1223 3850 ad
1256 3797 1643 3868 philosophiam
1678 3803 1908 3855 converti
1942 3802 2157 3869 debere;

578 3885 655 3939 ita
689 3888 823 3941 enim
860 3896 906 3940 et
943 3889 1145 3942 artibus
1178 3899 1225 3943 et
1260 3890 1549 3958 artiﬁcibus
1587 3893 1712 3945 bene
1745 3894 2042 3949 consultum
2074 3912 2164 3949 ar-

577 3978 894 4033 bitrabatur.
927 3980 1021 4035 Ubi
1053 3992 1229 4035 autem
1259 3984 1341 4035 vir
1366 3992 1513 4037 catus
1541 4002 1603 4039 ac
1631 3986 1912 4056 multiplex
1938 3990 2157 4054 venerit,

576 4074 821 4127 venerari
849 4074 1055 4144 quidem
1085 4084 1133 4128 et
1160 4076 1492 4146 hospitaliter
1516 4080 1754 4149 excipere
1780 4087 1835 4133 ut
1867 4083 2031 4135 virum
2062 4083 2161 4137 ad-

580 4166 864 4221 miratione
902 4168 1140 4239 dignum,
1180 4170 1272 4223 sed
1314 4173 1551 4239 protinus
1584 4172 1721 4228 'lana
1761 4176 2067 4231 redimitum
2112 4186 2161 4231 et

578 4276 696 4314 cum
736 4261 908 4330 capite
942 4265 1224 4333 unguentis
1263 4264 1493 4317 delibuto
1528 4267 1580 4320 in
1621 4266 1784 4321 aliam
1821 4268 2001 4322 urbem
2040 4269 2165 4322 mit-

577 4362 706 4408 tere.
749 4352 998 4408 Fortasse
1035 4357 1170 4409 enim
1216 4360 1411 4410 honore
1446 4359 1621 4413 divino
1662 4362 1826 4429 magis
1866 4378 2026 4431 quam
2065 4362 2161 4415 hu-

581 4463 739 4501 mano
775 4448 991 4519 dignum
1027 4453 1288 4506 censebat.
1328 4451 1479 4517 Quod
1505 4455 1550 4508 si
1582 4463 1629 4507 et
1662 4472 1753 4507 nos
1788 4456 1840 4508 in
1871 4457 1973 4509 ista
2008 4473 2161 4526 repu-

580 4538 714 4595 blica
742 4542 1047 4607 viveremus,
1075 4560 1227 4614 quem
1253 4544 1418 4599 alium
1447 4547 1546 4600 nisi
1573 4556 1639 4608 te,
1669 4548 1964 4601 doctissime
1991 4546 2161 4618 legum

577 4644 768 4703 custos,
798 4637 1041 4690 venerari
1071 4648 1117 4690 et
1150 4640 1200 4691 in
1229 4641 1424 4692 honore
1453 4639 1656 4705 haberi,
1681 4647 1737 4693 ut
1764 4657 1975 4694 sacrum
2002 4649 2161 4711 caput

582 4738 756 4783 autem
785 4730 1025 4784 redimiri
1054 4743 1099 4784 et
1133 4736 1412 4803 unguentis
1436 4734 1727 4789 delibutum
1758 4736 1987 4789 exhiberi
2014 4736 2160 4789 dece-

582 4825 697 4879 ret?
722 4822 850 4887 Quis
878 4826 1017 4879 enim
1044 4824 1183 4879 alius
1201 4865 1214 4888 ,
1244 4828 1373 4881 sicut
1403 4838 1488 4891 tu,
1517 4834 1658 4881 artes
1683 4845 1744 4881 ac
1771 4827 1972 4881 litteras
2002 4829 2157 4882 coluit

580 4923 627 4966 et
659 4916 721 4968 iis
752 4916 905 4984 quasi
937 4933 1060 4969 arce
1092 4927 1139 4970 et
1172 4917 1390 4972 castello
1418 4920 1613 4987 potitus
1642 4919 1761 4973 est?
1791 4920 1857 4973 Te
1886 4938 2160 4991 gramma-

578 5009 682 5061 tica
711 5010 1046 5061 utobstetrir
1079 5011 1131 5063 in
1168 5010 1334 5063 lucem
1366 5012 1648 5079 produxit,
1682 5019 1729 5065 et
1765 5012 1975 5081 quidem
2009 5030 2160 5065 nemo

576 5101 713 5153 sicut
746 5110 799 5153 tu
829 5105 1112 5157 ortholexis
1144 5116 1191 5157 et
1222 5103 1549 5174 etymologia:
1582 5105 1951 5175 analogia’que
1988 5109 2160 5175 magi-

577 5201 684 5245 ster
728 5204 887 5264 atque
932 5196 1158 5264 arbiter,
1204 5206 1505 5268 poematum
1554 5207 1727 5251 autem
1766 5198 1937 5267 judex
1978 5216 2157 5270 (equus

579 5304 814 5359 unquam
849 5291 1065 5345 exstitit.

649 5379 928 5435 Rhetorica
964 5388 1011 5436 te
1043 5384 1297 5446 nutrivit,
1329 5382 1417 5436 sed
1453 5385 1640 5437 amotis
1676 5382 1961 5437 mendaciis
1994 5399 2056 5436 ac
2085 5384 2158 5437 si-

655 5569 732 5639 (δ)
768 5568 930 5627 οοηι.
973 5568 1113 5625 Plut.
1148 5570 1200 5624 in
1226 5568 1412 5626 Caton.
1472 5566 1497 5638 §
1536 5566 1625 5633 se,
1661 5566 1747 5623 ed.
1784 5545 1970 5632 ποίει,
2005 5567 2153 5633 μιν,

582 5642 915 5779 ιὶ’(’ξξθόοηι
948 5711 1163 5767 Platon.
1195 5712 1255 5766 de
1299 5710 1397 5775 leg.
1430 5710 1470 5763 ι.
1509 5706 1785 5779 nn.pag.
1823 5709 1951 5773 ste,
1977 5708 2075 5765 ο.-

587 5784 840 5912 ὯὲΒἮά.
879 5784 942 5838 de
984 5783 1166 5854 repub‘.
1204 5783 1301 5838 lib.
1348 5779 1438 5850 Ill,
1474 5787 1606 5836 toni.
1644 5778 1686 5846 1,
1726 5795 1849 5852 pag.
1894 5779 2021 5863 577,
2078 5778 2152 5847 E;

2262 3155 2385 3208 dum
2426 3166 2607 3223 aptum
2644 3156 2922 3225 formavit,
2962 3158 3039 3211 ita
3074 3166 3132 3210 ut
3169 3158 3357 3211 mentis
3392 3160 3633 3229 cogitata
3668 3157 3827 3227 lingua

2262 3250 2499 3320 proferre
2528 3259 2574 3303 et
2607 3249 2799 3305 litteris
2832 3251 3089 3305 mandare
3118 3267 3265 3322 atque
3294 3252 3524 3306 idoneus
3551 3254 3623 3307 sis
3655 3255 3826 3323 factus.

2262 3342 2582 3414 l’olyeuctus
2613 3342 2957 3415 Sphettiensis
2988 3345 3389 3399 Demosthenem
3415 3354 3687 3402 oratorem
3713 3348 3831 3417 apti—

2263 3453 2427 3501 mum,
2456 3437 2805 3508 fortissimum
2818 3447 3000 3491 autem
3035 3437 3343 3492 Phocionem
3365 3438 3737 3507 proclamavit,
3764 3440 3827 3490 ita

2261 3532 2491 3601 quidem,
2518 3540 2577 3585 ut
2603 3532 2976 3587 Demosthenes
3006 3534 3059 3586 in
3086 3533 3372 3603 scriptione
3401 3541 3453 3586 et
3482 3533 3705 3587 dictione
3731 3534 3831 3586 rhe-

2263 3628 2452 3686 torica.
2483 3626 2565 3681 hic
2600 3634 2777 3679 autem
2812 3626 2868 3679 in
2900 3626 3260 3681 concionando
3297 3643 3478 3681 coram
3517 3626 3706 3698 populo
3738 3626 3832 3695 pri-

2262 3735 2377 3771 mas
2421 3727 2637 3773 teneret.
2679 3718 2753 3772 Tu
2794 3727 2973 3773 autem
3015 3728 3301 3789 utrumque
3343 3722 3399 3774 in
3448 3731 3568 3775 arte
3610 3735 3827 3791 superas,

2260 3811 2396 3883 ston
2422 3812 2630 3881 quidem
2658 3811 3074 3875 Demosthenem.
3102 3810 3419 3867 Phocionem
3449 3824 3627 3868 autem
3650 3812 3830 3866 concio-

2263 3906 2441 3960 nando
2474 3908 2702 3962 vincens.
2734 3906 2801 3961 Te
2833 3907 2917 3963 lex
2946 3916 2995 3962 et
3030 3907 3291 3980 legislatio
3324 3907 3468 3983 virili
3507 3910 3674 3962 induit
3705 3909 3830 3976 inge-

2263 3999 2385 4064 nio;
2420 4000 2511 4052 tibi
2545 4007 2736 4069 praasto
2769 3999 2915 4068 {uere
2952 3984 3454 4069 pectus'disertum,
3497 4001 3553 4054 in
3594 3996 3827 4069 loquendo

2263 4091 2625 4160 tequabili'as.
2659 4107 2864 4155 canon,
2899 4107 3148 4145 numerus
3184 4108 3245 4146 ac
3280 4108 3569 4155 mensura,
3595 4092 3685 4165 jus
3718 4106 3828 4143 san-

2263 4194 2427 4238 ctum.
2473 4184 2690 4250 Quoties
2739 4186 3007 4240 auditores
3052 4201 3171 4239 cum
3214 4187 3485 4240 suavitate
3532 4184 3826 4255 loquentem.

2262 4280 2581 4333 sententiam
2611 4278 2860 4342 ferentem
2887 4276 3159 4344 alacriter,
3178 4279 3366 4349 judicii
3397 4278 3702 4333 rectitudini
3723 4275 3830 4331 sub-

2267 4372 2506 4436 missum,
2530 4372 2641 4428 sine
2669 4373 2970 4438 acceptione
2994 4387 3345 4440 personarum
3371 4373 3587 4427 veritati
3610 4373 3829 4426 incorru—

2264 4468 2697 4536 pttecservientem
2723 4474 2770 4520 te
2799 4467 3042 4521 viderunt
3060 4469 3081 4523 .’
3097 4466 3316 4522 Nullam
3339 4468 3574 4540 profecto
3591 4468 3827 4522 rationem

2261 4560 2546 4615 habeamus
2577 4560 2691 4631 ejus
2721 4561 2809 4633 qui
2841 4560 2966 4615 dicit
2994 4575 3013 4614 :

2333 4695 2482 4751 Dona
2532 4696 2687 4760 deos.
2722 4697 2860 4753 dona
2913 4713 3068 4767 reges
3116 4708 3379 4769 augustos
3432 4707 3767 4771 pervertunt.

2256 4831 2330 4885 Tu
2344 4832 2551 4899 quidem
2568 4830 2751 4887 Minoa
2767 4842 2814 4887 et
2831 4832 3295 4889 Rhadamanthum
3306 4837 3515 4906 judices
3529 4836 3823 4891 venerandos

2256 4942 2319 4978 ac
2340 4940 2543 4977 summe
2564 4923 2811 4978 colendos
2837 4927 3081 4982 laudibus
3116 4928 3370 4995 celebras,
3402 4948 3629 5001 quorum
3662 4931 3823 4999 religio

2256 5017 2497 5073 velcirca
2514 5035 2722 5082 canem,
2765 5038 3027 5084 anserem,
3062 5022 3345 5091 platanum
3373 5040 3579 5087 severa,
3612 5034 3666 5077 ut
3699 5023 3825 5077 litem

2265 5112 2509 5181 exiguam
2551 5112 2839 5169 secundum
2872 5114 3257 5183 jusjurandum
3315 5116 3622 5171 solemniter
3659 5117 3822 5168 datum

2267 5216 2658 5277 exsequantur;
2679 5216 2802 5260 sunt
2823 5209 2960 5261 enim
2975 5209 3178 5279 judices
3201 5211 3492 5281 dignissimi
3515 5212 3608 5281 qui
3630 5207 3826 5263 mortuis

2257 5301 2389 5369 jura
2422 5299 2623 5353 dicant.
2651 5299 2764 5370 Ego
2792 5309 2965 5355 autem
2991 5292 3200 5356 doctum
3224 5302 3396 5371 legum
3420 5304 3687 5357 custodem
3709 5298 3827 5353 σείει

2265 5393 2355 5445 bro
2388 5392 2477 5462 qui
2497 5406 2522 5443 e
2548 5392 2811 5461 republica
2842 5392 3122 5448 Platonica
3158 5412 3273 5449 cum
3300 5395 3582 5469 unguentis
3599 5404 3644 5449 et
3665 5393 3823 5446 diade-

2337 5569 2413 5640 (9)
2445 5568 2602 5645 (Ioni.
2634 5562 3076 5629 Fabr’.‘Bib.*Gr.
3106 5572 3201 5628 lib.
3226 5571 3338 5640 IV,‘
3366 5590 3489 5645 cap.
3529 5570 3736 5636 xxxu,
3786 5582 3821 5625 ι.

2265 5637 2635 5780 “(1%)
2664 5712 2879 5784 Plation.
2903 5700 2999 5769 ὐτ
3026 5701 3468 5784 republ.lib;1_li‘,’3
3497 5713 3704 5777 p.-590.
3732 5711 3784 5765 Ε.

2313 5783 2449 5869 ⁸(11)
2477 5784 2633 5852 Con}.
2656 5780 2847 5852 Schol.
2877 5780 3161 5862 ᾼΓὶειτξρίιδ
3190 5788 3257 5843 ad
3276 5790 3379 5855 Ay;
3398 5780 3461 5854 1v;
3492 5786 3612 5843 53!.
