4054 6210
302 354 447 420 1245

1446 362 1773 422 SCRIPTA
1812 362 2368 424 MISCELLANEA.

3433 356 3572 424 12l6

296 472 539 527 στεύειν.
573 471 719 542 Ἐγὼ
748 454 919 527 tsi-«sv
942 472 1073 543 ὲμὺν
1098 473 1191 527 καὶ
1216 472 1706 545 σοφδνὺμνήσομαι
1731 493 1887 548 νυμον
1920 480 1966 539 Α
1991 476 2073 537 εἰς
2102 473 2270 536 αὐτὰς
2312 474 2410 534 τὰς
2456 471 2739 525 ’Δκεσαίου
2782 470 3014 548 σελήνας
3060 470 3194 540 (15).
3226 470 3338 543 Τὴν
3358 472 3413 526 δὲ
3444 475 3597 545 περΥ

299 564 540 631 φύλακα,
568 567 667 635 τῆς
698 566 799 636 μὲν
831 565 1207 633 Πλατωνικῆς,
1237 565 1312 629 ὡς
1340 565 1569 636 ἔφαμεν,
1606 569 1881 632 πολιτεῖας

300 655 464 726 ίερῶς
493 656 883 726 ἐκπεμφθέντα
923 656 1059 724 μετά
1092 654 1263 727 μύρου
1296 657 1388 709 καὶ
1422 656 1757 726 στέμματος,
1790 657 1883 708 ἐπὶ

296 750 356 804 δὲ
381 736 479 818 τὴν
509 749 753 821 βασιλίδα
799 748 899 815 τὴν
938 748 1239 813 Βυζαντίδα
1269 749 1658 819 μετενεχθέντα
1704 748 1882 820 πολλῷ

300 839 617 911 ἱερώτερον,
666 839 759 892 καὶ
815 841 935 902 ταῖς
964 839 1085 891 δυσὶ
1130 837 1334 910 ταύτης
1374 838 1566 909 μέρεσι
1602 855 1882 909 συμμεμε-

304 932 582 1003 ρισμένον,
614 933 679 1001 τῇ
711 932 1022 1001 συγκλήτῳ,
1062 949 1135 1002 φη
1146 935 1227 1002 μἰ,
1273 935 1369 984 καὶ
1396 932 1471 1001 τῷ
1507 930 1745 1001 βήματι·
1780 933 1882 983 κάν

298 1024 476 1098 ταύτῃ
510 1025 608 1092 μὲν
632 1022 1170 1094 νομοφυλακτοῢντα,
1207 1026 1265 1076 ἐν
1290 1023 1345 1077 δὲ
1378 1022 1554 1093 τούτῳ
1583 1022 1885 1093 πρωτεκδι-

299 1118 529 1187 κοῦντα,
561 1119 656 1173 καὶ
689 1118 757 1173 δι’
787 1119 990 1187 ἀμφοῖν
1015 1117 1351 1187 σεμνύνοντα
1372 1118 1432 1169 τὸ
1461 1117 1785 1184 πολίτευμα.
1820 1116 1911 1169 Εί’

299 1212 410 1283 γάρ
442 1229 495 1266 τι
540 1210 789 1265 πειστέον
834 1210 1099 1275 Πλάτωνι,
1151 1212 1401 1263 πειστέον
1434 1209 1513 1273 δὲ,
1563 1210 1765 1279 χρῆναι
1797 1208 1885 1261 λέ-

298 1321 453 1373 γοντι
485 1302 597 1375 (ιε)
642 1302 875 1373 δύναμιν
908 1303 1001 1356 ἐπὶ
1024 1301 1086 1355 τὸ
1121 1304 1252 1357 αὐτὸ
1277 1304 1373 1356 καὶ
1423 1303 1595 1374 τύχην
1622 1303 1882 1373 φρονήσει

302 1396 582 1448 συνελθεῖν
616 1396 710 1449 καὶ
760 1394 1101 1468 δικαιοσύνῃ,
1135 1394 1219 1447 ἵνα
1270 1394 1464 1458 κάλλος
1507 1394 1602 1447 καὶ
1654 1394 1884 1465 μέγεθος

300 1487 359 1540 ai
390 1486 665 1539 πολιτικαὶ
698 1485 1027 1555 λαμόοἱνοιεν
1056 1486 1314 1557 πράξεις·
1344 1485 1449 1539 τίνι
1482 1485 1548 1540 ἂν
1573 1486 1718 1557 ἄλλῳ
1743 1487 1878 1557 μᾶλα

298 1579 391 1631 λον
420 1579 865 1642 συνεισελθούσας
908 1578 1026 1650 ἅμα
1057 1579 1237 1643 πάσας
1282 1578 1488 1641 ταύτας
1532 1579 1880 1651 εὑρήσομενς

299 1670 453 1742 Τύχη
482 1673 580 1740 μὲν
609 1674 717 1742 γὰρ
743 1674 838 1725 καὶ
863 1673 1093 1741 δύναμις
1121 1670 1326 1726 ἄνωθεν
1354 1671 1740 1743 περιελθοῦσα,
1772 1665 1883 1723 οἷον

297 1763 409 1816 ἀπὸ
430 1765 644 1832 γένους,
670 1766 788 1825 ταῖς
816 1765 949 1834 πρὸς
975 1763 1240 1834 βασιλέως
1261 1762 1469 1833 ηὐξήθη
1498 1765 1684 1832 τιμαῖς
1711 1780 1725 1795 ·
1751 1764 1881 1834 φρό-

1973 568 2054 621 τὰ
2076 566 2339 620 πολιτικὰ
2387 566 2498 619 τῶν
2533 568 2876 635 πραγμάτων
2919 564 3086 635 σοφὴν
3138 565 3450 635 οἰκονομίαν
3478 570 3574 621 καὶ

1988 656 2382 726 μεταχείρισιν,
2410 656 2463 707 τί
2497 656 2562 709 ἄν
2591 672 2672 717 τις
2719 653 2750 724 ἦ
2784 656 2881 707 καὶ
2912 654 3077 707 πόσον
3112 650 3279 704 εἰπὼν
3326 651 3570 721 ἐναργῶς

1986 751 2436 819 παραστήσειενς
2477 748 2738 817 ’Λρμόσει
2776 747 2885 815 γὰρ
2913 746 3003 799 ἐπὶ
3038 747 3121 797 σοὶ
3150 744 3409 798 ὲκεῖνοτὸ
3450 746 3557 814 Ἀρ·

1985 844 2287 914 χιλόχειον,
2349 841 2548 913 μικρόν
2595 858 2649 892 τι
2709 838 3077 910 παρῳδηθέν
3129 836 3400 907 ὑπάρχεις
3461 839 3571 907 γὰρ

1984 934 2106 989 κατ’
2142 934 2306 987 αὐτὸν
2318 973 2332 998 ,

1996 1027 2382 1097 Ἀμφότερον,
2399 1023 2673 1093 θεράπων
2685 1023 2802 1095 μὲν
2813 1020 3241 1093 πραγματικοῖο
3257 1018 3544 1091 Θεοῖομι)
3556 1056 3571 1082 ,

1994 1121 2089 1173 καὶ

2128 1202 2430 1266 Μουσάων
2462 1210 2680 1281 ἐρατὸν
2705 1209 2899 1279 δῶρον
2928 1206 3349 1278 ἐπιστάμενος.

1996 1305 2221 1375 Ἀθῆναι
2266 1303 2437 1359 ταῦτα
2465 1304 2562 1358 καὶ
2601 1304 2802 1375 Θῆὀαι,
2829 1304 2923 1357 καὶ
2960 1305 2992 1373 ἡ
3029 1302 3161 1370 ἄλλη
3203 1296 3573 1369 ἀνακηρύττει

2001 1399 2213 1463 Ἑλλὰς,
2245 1400 2338 1452 καί.
2378 1399 2519 1454 αὐτὰ
2559 1398 2627 1451 τὰ
2660 1399 2849 1469 «spem
2893 1396 2993 1466 τῆς
3047 1394 3301 1460 Ἀττικῆς
3325 1409 3339 1422 '
3378 1393 3442 1445 τὰ
3474 1392 3573 1459 μὲν

1984 1496 2080 1549 καὶ
2107 1494 2408 1563 ὀφθαλμοῖς
2444 1509 2504 1545 σε
2550 1492 2797 1561 ἡγεμόνα
2854 1489 3112 1559 μέγιστον
3167 1487 3529 1555 ἱστορήσαντα
3554 1522 3569 1547 ,

1984 1590 2049 1644 τὰ
2081 1590 2138 1643 δὲ
2162 1590 2257 1641 καὶ
2281 1587 2359 1658 τῷ
2390 1584 2578 1655 πτερῷ
2602 1601 2662 1637 σε
2694 1586 2791 1653 τῆς
2817 1583 3006 1654 φήμης
3031 1580 3256 1633 ἐλθόντα
3280 1577 3571 1645 δεξάμενοι..

1958 1706 1959 1709 η
1984 1683 2095 1737 Καὶ
2117 1681 2282 1734 πάλαι
2307 1680 2406 1750 μὲν
2423 1680 2450 1731 ὁ
2477 1678 2755 1748 Ἀθηναῖος
2772 1675 2873 1743 ἔφη
2898 1677 3060 1743 σοφὸς
3076 1676 3133 1726 ὲν
3153 1670 3408 1740 ἐπιστολῇ
3435 1668 3570 1741 (15),

1997 1790 2015 1824 ι
2058 1770 2157 1841 τὴν
2206 1768 2539 1837 οἰκουμένην
2590 1767 2718 1835 ὅλην
2770 1766 2850 1828 είς
2905 1766 3065 1834 μόνον
3124 1760 3452 1814 ἀποϐλέπειν
3483 1759 3575 1811 τὸν

296 1873 457 1926 νησις
487 1854 541 1909 δὲ
589 1861 683 1909 καὶ
729 1856 1046 1927 δικαιοσύνη
1083 1859 1180 1909 καὶ
1228 1854 1287 1920 ἐξ
1334 1857 1524 1923 αὐτῆς,
1560 1856 1632 1918 ὡς
1689 1856 1882 1919 είπεῖν,
1919 1840 1959 1892 Β
1992 1840 2186 1913 Δίωνα.
2230 1876 2249 1907 ι
2293 1857 2435 1924 Ἐγὼ
2467 1856 2523 1908 δὲ
2554 1854 2645 1907 τὸν
2671 1854 2843 1908 Δίωνα
2874 1855 2974 1924 μὲν
3002 1852 3268 1921 θαυμάζω
3298 1852 3409 1915 τοῖς
3434 1852 3576 1902 ίστο-

294 1947 399 2015 τῆς
454 1947 722 2015 γενέσεως
780 1947 1308 2018 ἐγκατεσπαρθησαν
1361 1950 1427 2017 τῇ
1481 1946 1670 1999 τούτου
1708 1947 1879 2017 ψυχῇ.

302 2037 539 2091 Ἔπειτα
572 2039 605 2107 ἠ
634 2037 951 2108 δικαιοσύνη
996 2038 1101 2109 μὲν
1121 2042 1187 2109 τῇ
1238 2038 1496 2108 μαθήσει,
1546 2040 1574 2108 ἡ
1621 2039 1881 2108 φρόνησις

294 2129 353 2182 δὲ
380 2132 447 2200 τῇ
479 2130 645 2203 πείρᾳ
673 2131 1185 2202 συνεπηυξήθησαν.
1212 2131 1535 2199 Φιλοσοφίας
1563 2132 1620 2184 δέ
1655 2147 1712 2183 σε
1744 2146 1878 2183 παν-

293 2221 534 2292 τοδαπῆς
572 2224 983 2293 κατακὼχιμον,
1033 2224 1432 2294 ὀρφανοτρόφε,
1475 2222 1732 2293 ἄντικρυς
1772 2220 1881 2273 δεί-

297 2331 456 2367 κ·.υσι
492 2317 551 2368 τὺ
584 2316 720 2385 πρὸς
752 2316 877 2370 νοῦν
904 2317 1286 2371 ἀποϐάπτοντα
1318 2319 1587 2387 πρότερον
1613 2316 1710 2387 τὴν
1732 2314 1880 2375 λέξιν

292 2405 440 2460 οὕτω
476 2407 849 2478 προφέρεσθαι
878 2424 890 2438 ·
924 2408 1059 2478 ὅπερ
1109 2411 1203 2459 καὶ
1236 2409 1434 2477 Ζήνων¹
1470 2407 1697 2475 ἐναργὲς
1728 2405 1881 2473 φιλο-

295 2499 490 2568 σοφίας
517 2502 820 2571 τεκμήριον
848 2499 1018 2554 ἔθετο.
1065 2500 1203 2552 Ἀλλ’
1232 2500 1373 2553 οὕτω
1407 2500 1506 2569 μέν
1534 2517 1589 2552 σε
1620 2499 1883 2569 Γραμμα-

292 2591 424 2661 τικὴ
440 2593 539 2646 καὶ
553 2590 844 2663 Ῥητορικὴ
862 2594 955 2645 καί⁵
977 2589 1042 2645 αὖ
1062 2591 1428 2661 Νομοθετικὴ,
1454 2594 1545 2644 καὶ
1566 2591 1879 2659 Φιλοσοφία,

293 2688 609 2741 δικαιότατε
645 2688 1059 2759 πρωτεκδίκων,
1101 2687 1492 2759 ἐτιθηνήσαντο
1516 2702 1527 2715 ⁸
1566 2684 1712 2749 οὔτε,
1740 2685 1879 2738 κατὰ

294 2770 585 2844 τῶν’τινας
619 2779 857 2849 εὐφυῶν,
889 2780 1086 2852 ῥαδίως
1116 2797 1176 2833 τε
1234 2780 1580 2849 λαμϐάνοντα
1612 2781 1680 2831 τὰ
1726 2778 1876 2847 λεγό-

298 2890 459 2944 μενα,
505 2874 599 2926 καὶ
640 2874 969 2946 ραδιώτερον
1001 2873 1375 2926 ἀποϐάλλοντα
1397 2889 1412 2906 σ
1444 2871 1568 2925 οὗτε
1614 2872 1704 2935 αὖ,
1740 2873 1880 2926 κατὰ

293 2964 407 3019 τῶν
443 2982 595 3028 τινας
649 2964 857 3034 ἀφυῶν,
900 2965 1128 3036 χρονίως
1158 2982 1217 3018 τε
1264 2963 1609 3033 λαμόἀνοντα
1648 2965 1741 3017 καὶ
1774 2980 1877 3016 πα-

296 3056 676 3128 ρακατέχοντα
708 3058 1089 3128 χρονιωτέρως
1109 3074 1124 3089 ’
1151 3056 1266 3110 ἀλλ’
1292 3055 1529 3121 ὀξύτατα
1574 3056 1670 3126 μὲν
1701 3056 1794 3109 καὶ
1822 3056 1879 3108 δν

292 3154 494 3223 ἀκαρεῖ
520 3153 618 3221 τὴν
665 3152 869 3221 γνῶσιν
913 3150 1223 3222 δεχόμενον,
1257 3149 1633 3203 ἀποϐάλλοντα
1680 3148 1737 3202 δὲ
1769 3150 1878 3202 οὐδ’

1996 1953 2168 2021 pix-oi;
2204 1947 2432 2019 βιϐλίοις
2482 1948 2856 2019 ἐντυγχάνων*
2890 1948 2953 1999 τὸ
2981 1945 3039 1998 δὲ
3086 1944 3237 2013 παρὰ
3260 1942 3362 2011 τῆς
3387 1944 3574 1994 οίκου-

1997 2044 2165 2112 μένης
2192 2041 2597 2111 ἀποϐλέπεσθαι
2629 2044 2811 2110 πάσης
2833 2039 2912 2110 τῷ
2944 2040 3060 2110 ἐμῷ
3092 2036 3387 2105 ἀνατίθημι
3414 2051 3576 2105 νομο-

1991 2134 2215 2203 φύλακι.
2245 2133 2307 2185 El
2342 2134 2450 2204 γὰρ
2480 2133 2511 2204 ἡ
2545 2133 2645 2199 τῆς
2671 2132 3011 2201 οἰκουμένης¹
3034 2130 3283 2199 καρδίαὴ
3324 2126 3577 2197 βασιλεύ-

1989 2243 2123 2279 ουσα
2180 2226 2486 2296 καθέστηκε
2555 2226 2732 2291 πόλις,
2786 2225 2922 2287 αὕτη
2973 2224 3029 2276 δὲ
3074 2224 3170 2290 ὅλη
3227 2220 3365 2293 πρὸς
3411 2221 3574 2273 αὐτὸν

1990 2319 2190 2390 ἀφορᾷ,
2233 2318 2457 2389 εὔδηλον
2501 2316 2576 2380 ὡς
2616 2320 2682 2390 τῇ
2718 2318 2914 2388 καρδίᾳ
2957 2314 3051 2370 καὶ
3084 2315 3143 2367 τὸ
3194 2313 3380 2365 λοιπὸν
3429 2313 3574 2365 ἆπαν

1992 2408 2541 2479 συμπεριαχθήσεται
2590 2408 2770 2479 σῶμα.
2802 2408 2937 2475 Δίκη
2989 2407 3301 2458 συνίσταται
3349 2404 3576 2475 περὶτὰ

1992 2502 2259 2575 βασίλεια,
2296 2503 2391 2555 καὶ
2439 2501 2531 2554 τὸν
2578 2501 2999 2571 νομοφύλακαή
3051 2499 3355 2567 σύγκλητος
3407 2512 3571 2568 περι-

1989 2594 2313 2661 ϐλέπονται,
2361 2594 2519 2657 ἄλλος
2570 2594 2698 2649 ἄλλο
2731 2612 2784 2648 τι
2826 2598 2925 2666 τῆς
2960 2595 3167 2646 ἐκείνου
3217 2593 3398 2663 φωνῆς
3432 2609 3573 2662 προ-

1993 2689 2245 2758 αρπάσαι
2273 2687 2727 2756 φιλονεικοῦντες.
2764 2688 2957 2757 Ψῆφος
2997 2688 3125 2755 περὶ
3164 2686 3232 2738 τὰ
3287 2685 3405 2755 ίερὰ
3442 2701 3576 2754 κρο-

1987 2785 2162 2835 τείται
2198 2782 2497 2852 ἀνάκτορα,
2526 2781 2619 2835 καὶ
2648 2781 2824 2845 οὐδεὶς
2844 2781 2901 2845 ὃς
2929 2781 2993 2833 οὐ
3030 2780 3103 2849 τῷ
3130 2778 3485 2849 πρωτεκδίκῳ
3514 2779 3577 2831 τὰ

1992 2876 2238 2946 πρωτεῖα
2264 2873 2359 2926 τοῦ
2387 2875 2548 2943 λόγου
2578 2873 2818 2928 δίδωσιν.
2842 2868 2990 2943 Ἀρα
3013 2874 3074 2925 οὐ
3108 2872 3238 2943 πρὸς
3268 2871 3361 2924 ἕνα
3389 2869 3578 2923 τοῦτον

1990 2966 2023 3034 ἡ
2058 2966 2319 3036 σύμπασα
2354 2966 2641 3031 Βυζαντὶς,
2681 2967 2879 3020 ταυτὸν
2899 2965 2945 3020 δ’
2979 2966 3178 3030 εἰπεῖν,
3208 2967 3239 3034 ἠ
3284 2966 3576 3033 οίκουμένη

1989 3060 2277 3129 σύμπασα.
2314 3059 2543 3129 βλέπει;
2574 3059 2637 3112 Εἰ
2668 3058 2724 3111 δὲ
2756 3060 2921 3129 μέρος
2964 3059 3063 3127 τῆς
3102 3059 3432 3126 οίκουμένης
3471 3056 3579 3108 είσὶ

1989 3157 2084 3206 καὶ
2117 3154 2166 3205 οἱ
2206 3154 2455 3223 πένητες,
2490 3153 2538 3204 οἱ
2570 3152 2641 3205 τὰ
2678 3150 2911 3221 σώματα
2945 3149 3312 3222 βεὸλαμμένοι
3350 3147 3443 3202 καὶ
3480 3164 3577 3199 πε-

293 3374 438 3418 mate
475 3361 744 3433 expulsus,
785 3362 840 3415 in
872 3363 1078 3433 regiam
1124 3361 1306 3416 urbem
1341 3360 1590 3431 Byzantii
1612 3359 1868 3430 pervenit,
1896 3363 1944 3425 α
1976 3360 2280 3430 explanabit
2304 3360 2552 3429 peritiam
2572 3367 2720 3410 tuam
2743 3357 2883 3410 circa
2904 3372 2984 3409 res
3008 3354 3249 3423 politicas
3266 3372 3397 3424 quas
3418 3354 3575 3409 semel

294 3475 404 3513 non
444 3459 560 3513 sine
601 3457 812 3511 numine
828 3456 1025 3523 divino,
1044 3455 1218 3526 ibique
1236 3456 1398 3510 curia:
1432 3472 1495 3508 ac
1513 3451 1765 3507 tribunali
1796 3453 1891 3507 ad-

287 3553 511 3624 junctus
542 3563 615 3605 est
646 3561 701 3604 ut
731 3558 778 3605 et
816 3549 991 3620 legum
1040 3549 1293 3603 custodia!
1325 3559 1373 3602 et
1387 3548 1506 3619 juri
1525 3548 1741 3601 dicendo
1769 3562 1891 3608 ope-

296 3663 419 3701 ram
443 3634 810 3716 daret,sicque
840 3644 1140 3714 reipublica:
1170 3654 1480 3698 ornamento
1502 3641 1807 3697 esset.Nam
1841 3642 1887 3695 si

296 3740 521 3795 Platoni
549 3737 678 3808 ﬁdes
723 3736 986 3799 habenda,
1029 3744 1106 3789 est
1150 3745 1349 3802 autem,
1395 3736 1608 3797 dicenti,
1650 3735 1781 3788 vires
1827 3750 1888 3785 ac

298 3832 575 3900 fortunam
593 3832 801 3901 ingenio
831 3845 894 3883 ac
918 3830 1147 3900 justitite
1170 3829 1509 3884 associandas
1536 3844 1665 3894 esse,
1690 3836 1745 3880 ut
1774 3841 1889 3897 quia

298 3928 356 3981 in
385 3925 653 3996 republica
679 3923 815 3992 ﬁunt
838 3922 1244 3996 pulchritudinis
1268 3939 1331 3977 ac
1368 3921 1745 3992 magnitudinis
1773 3936 1885 3987 spe-

298 4020 431 4073 ciem
460 4034 571 4089 prte
595 4032 648 4072 se
691 4018 903 4086 ferant:
935 4018 1020 4071 cui
1047 4017 1155 4069 ha'c
1190 4016 1369 4069 omnia
1404 4012 1573 4085 magis
1603 4029 1764 4083 quam
1791 4014 1887 4065 tibi

297 4112 620 4168 inharentia
654 4111 1013 4182 reperiemus?
1048 4111 1264 4180 fortuna
1291 4110 1431 4162 enim
1459 4117 1507 4161 et
1566 4106 1822 4178 fortitudo
1855 4123 1888 4158 a

304 4206 594 4277 majoribus
614 4205 832 4259 tradite
848 4204 994 4275 regia
1016 4201 1376 4263 muniﬁcentia
1395 4208 1587 4265 aucta';
1604 4199 1886 4271 prudentia

301 4310 350 4355 et
372 4300 593 4371 justitia
616 4299 739 4353 inde
771 4316 804 4353 a
843 4298 1124 4351 nativitate
1165 4296 1345 4351 animo
1388 4295 1560 4348 insitis
1588 4301 1736 4347 sunt.
1772 4290 1887 4345 Huc

302 4394 505 4449 accedit
526 4391 666 4463 quod
682 4391 896 4463 justitia
924 4388 1179 4444 doctrina:
1200 4388 1500 4458 prwceptis,
1530 4384 1884 4454 intelligentia

300 4488 631 4561 experientia
661 4486 792 4541 duce
822 4487 1205 4541 incrementum
1232 4494 1504 4553 ceperunt.
1536 4478 1886 4549 Philosophia:

299 4584 530 4653 denique
557 4594 731 4643 amor,
789 4576 1047 4631 diuinitus
1086 4575 1179 4630 tibi
1229 4576 1520 4645 inspiratus
1558 4571 1884 4644 pupillorum

303 4675 561 4737 nutritor,
594 4670 753 4727 verba
798 4670 1206 4740 cogitationibus
1250 4670 1410 4739 plane
1441 4666 1757 4737 respondere
1795 4665 1886 4718 de-

1994 3454 2316 3522 capessiviin
2332 3454 2357 3507 ?
2380 3452 2441 3506 In
2469 3460 2518 3504 te
2547 3453 2683 3504 enim
2713 3449 2849 3502 illud
2869 3451 3061 3502 dictum
3087 3447 3383 3501 Archilochi
3403 3445 3571 3500 leviter

1993 3556 2198 3600 mutata
2224 3549 2397 3615 [arma
2432 3544 2701 3615 quadrat;
2728 3559 2851 3595 nam
2875 3536 3166 3595 secundum
3211 3556 3330 3592 eum

1993 3638 2073 3695 Tu
2098 3641 2192 3695 Dei
2236 3636 2634 3709 omnipotentis
2664 3651 2858 3689 servus
2896 3651 2977 3696 es,
3013 3643 3066 3688 et
3101 3633 3380 3688 Musarum
3424 3630 3579 3687 dulce

2561 3732 2765 3785 donum
2821 3713 3013 3783 altiles.
3180 3717 3187 3720 ’

2061 3825 2276 3881 Athena:
2331 3831 2508 3877 autem
2558 3837 2620 3875 ac
2675 3819 2857 3875 Thebae
2896 3828 2943 3872 et
2974 3829 3176 3874 ca'terce
3215 3816 3431 3872 Gracia:
3457 3831 3580 3886 pro-

1988 3919 2173 3973 vincia
2213 3918 2292 3971 vel
2340 3917 2641 3987 longissime
2691 3917 2755 3969 ab
2798 3914 2975 3968 Attica
3024 3915 3277 3968 distantes
3320 3911 3456 3966 illud
3500 3923 3583 3964 at-

1991 4020 2292 4075 testantur,
2332 4026 2449 4082 qua:
2496 4009 2703 4081 quidem
2741 4019 2789 4062 te
2838 4010 3019 4062 ducem
3048 4008 3453 4079 magnanimum
3494 4020 3584 4059 ea:-

1990 4115 2151 4175 pertte
2174 4113 2317 4171 sunt,
2342 4113 2435 4158 aut
2464 4101 2800 4157 sermonibus
2833 4101 2978 4172 fama
3003 4103 3204 4172 sparsis
3242 4109 3581 4171 acceperunt.

1990 4198 2269 4252 Athena'us
2287 4198 2427 4252 enim
2450 4198 2502 4250 in
2525 4195 2748 4266 epistola
2773 4196 3041 4267 quondam
3065 4195 3200 4249 dixit
3220 4203 3383 4248 totum
3405 4193 3583 4247 orbem

1988 4290 2167 4345 oculos
2205 4291 2259 4343 in
2292 4289 2515 4343 Dionem
2557 4300 2881 4344 conuertere.
2914 4288 3172 4358 Equidem
3225 4288 3440 4342 Dionem
3485 4288 3581 4339 ad-

1989 4383 2156 4437 miror
2198 4383 2568 4437 historicorum
2607 4398 2766 4453 opera
2801 4380 2999 4452 legens;
3037 4383 3175 4452 quod
3220 4390 3393 4435 autem
3442 4388 3580 4434 totus

1990 4477 2131 4529 orbis
2180 4475 2603 4529 admirabundus
2643 4476 2819 4529 oculos
2845 4476 2899 4528 in
2932 4475 3161 4545 aliquem
3195 4482 3485 4535 convertat,
3524 4473 3581 4526 id

1992 4567 2163 4637 legum
2196 4570 2398 4622 custodi
2424 4568 2593 4622 amico
2626 4583 2741 4621 meo
2778 4568 3003 4622 vindico.
3035 4565 3091 4622 Si
3117 4567 3256 4621 enim
3288 4567 3409 4619 urbs
3437 4567 3581 4635 regia

1990 4664 2226 4716 universi
2264 4663 2403 4716 orbis
2437 4678 2525 4715 cor
2565 4671 2664 4723 est,
2704 4670 2754 4714 et
2788 4662 2971 4716 eadem
3006 4664 3059 4714 in
3104 4663 3273 4727 ipsum
3329 4662 3582 4714 convertit

305 4777 609 4833 monstrat;
654 4765 790 4837 quod
838 4763 980 4818 Zeno
1026 4778 1233 4835 quoque
1286 4770 1487 4816 certum
1545 4758 1884 4827 philosophiae
1918 4752 1962 4779 υ
1990 4752 2186 4820 oculos,
2216 4755 2362 4807 cordi
2394 4754 2659 4823 reliquum
2694 4769 2883 4824 corpus
2934 4752 3419 4823 obtemperaturum
3474 4766 3581 4804 esse

303 4862 673 4928 testimonium.
691 4875 799 4913 esse
824 4858 1034 4914 asserit.
1060 4855 1145 4911 Sic
1170 4856 1335 4927 igitur
1361 4852 1664 4917 Rhetorica,
1693 4849 1885 4905 Gram-

303 4955 526 5019 matica,
569 4952 742 5025 legum
777 4950 1171 5005 eondendarum
1197 4949 1414 5003 scientia
1438 4946 1574 5000 lacte
1598 4944 1751 5017 quasi
1786 4958 1881 4996 suo

303 5063 353 5105 te
386 5049 710 5115 nutrierunt.
746 5042 895 5116 Apud
932 5053 982 5097 te
1021 5058 1157 5107 non,
1182 5043 1315 5095 sicut
1346 5040 1488 5110 apud
1528 5054 1631 5091 non
1660 5052 1874 5108 paucas,

300 5158 421 5211 qua:
452 5140 667 5195 auribus
702 5139 962 5200 hauseris,
1008 5135 1148 5189 brevi
1194 5136 1487 5195 intereunt;
1520 5148 1613 5186 nec
1638 5139 1692 5183 ut
1735 5128 1877 5199 apud

302 5236 441 5293 alios
459 5250 551 5307 per
583 5242 785 5303 tempus
801 5228 1069 5301 quoddam
1094 5228 1465 5297 comprehensa
1499 5224 1725 5279 breviori
1755 5232 1883 5274 tem,

301 5342 433 5399 pore
478 5324 792 5387 retinentur;
824 5322 930 5375 imo
967 5334 1084 5391 qua:
1119 5317 1304 5372 mentis
1341 5314 1581 5369 acumine
1605 5311 1885 5383 collegisti,

306 5434 583 5488 nunquam
608 5433 635 5472 e
668 5417 921 5471 memoria
946 5412 1186 5469 decidere
1224 5410 1376 5466 sinis.
1416 5408 1544 5474 Quis
1571 5424 1728 5478 Porro
1750 5410 1884 5462 satis

379 5639 670 5711 (12)Conf.
703 5637 919 5697 Platon.
953 5635 1379 5711 Derepubl.»lil).
1410 5633 1499 5698 IV,
1550 5632 1878 5711 p._:i27,_-E.

378 5705 681 5787 (15)Cont‘.
714 5711 929 5768 Erasm.
967 5705 1141 5781 Δάλιρο
1168 5709 1296 5768 chil.
1322 5706 1362 5771 Ι,
1406 5716 1551 5762 cent.
1616 5705 1679 5770 γ,
1716 5705 1877 5773 adag.

306 5783 399 5850 85.
422 5783 529 5841 col.
564 5783 691 5839 18L

382 5844 499 5931 (tt)
529 5854 689 5915 Cani.
731 5853 935 5913 Athen.
965 5852 1064 5911 lib.
1096 5849 1237 5920 xw,
1269 5866 1389 5924 pag.
1421 5847 1546 5904 627.
1574 5845 1635 5903 ο.
1663 5844 1881 5901 Plutar-

1988 4849 2329 4918 manifestum
2374 4855 2472 4901 est.
2513 4844 2737 4900 Iustitia
2773 4846 2913 4898 circa
2953 4856 3072 4898 acta
3110 4844 3277 4914 regia,
3312 4854 3361 4897 et
3405 4843 3579 4913 legum

1982 4950 2153 4995 custos
2176 4958 2206 4994 a
2232 4946 2420 4993 senatu
2451 4940 2507 4992 in
2537 4940 2733 4992 honore
2760 4938 2983 4992 habetur
3015 4952 3241 5008 magno;
3275 4938 3468 5006 quippe
3490 4952 3576 4987 eu-

1980 5035 2063 5099 ius
2081 5050 2254 5087 vocem
2287 5049 2349 5085 ac
2361 5031 2581 5085 verhain
2598 5048 2753 5084 suum
2782 5032 3005 5101 quisque
3030 5030 3359 5083 commodum
3378 5044 3581 5081 conver-

1992 5139 2099 5181 tere
2121 5130 2339 5198 satagit.
2364 5124 2648 5181 Sententiaz
2683 5126 2739 5178 in
2764 5124 2971 5193 templis
2996 5124 3104 5177 Deo
3123 5125 3287 5177 sacris
3324 5122 3579 5193 colligun—

1993 5233 2101 5285 tur,
2141 5228 2187 5272 οι
2230 5234 2408 5272 omnes
2462 5218 2755 5288 protecdico
2804 5219 3006 5287 primas
3049 5215 3360 5282 eloquentia:
3401 5221 3580 5285 partes

1994 5314 2308 5368 attribuunt.
2333 5311 2518 5365 Nonne
2540 5311 2706 5380 igitur
2726 5320 2895 5363 totum
2923 5310 3259 5381 Byzantium.
3285 5317 3376 5360 aut
3405 5307 3577 5376 patina

1996 5416 2135 5462 totus
2172 5406 2320 5460 orbis
2349 5407 2484 5459 hunc
2516 5420 2679 5458 unum
2706 5404 2961 5474 respicit?
2993 5402 3051 5458 Si
3083 5410 3259 5457 autem
3285 5401 3422 5456 orbis
3452 5416 3577 5470 pars

1988 5628 2126 5683 chus
2150 5628 2206 5682 in
2233 5626 2397 5681 Phoc.
2437 5639 2560 5695 cap.
2594 5621 2706 5679 Vl].
2736 5622 3160 5680 Themistorat.
3186 5627 3249 5677 de
3306 5623 3438 5681 viri...
3456 5638 3567 5693 reg.

1990 5698 2109 5764 XV,
2136 5715 2238 5769 pag
2264 5698 2387 5764 185,
2416 5696 2475 5750 Β.
2527 5755 2531 5761 ,
2963 5752 2968 5757 .

2064 5793 2177 5865 (15)
2214 5792 2351 5849 Plat.
2384 5806 2471 5864 ep.
2504 5787 2596 5858 IV,
2626 5788 2876 5853 tom.lll,
2912 5801 3030 5859 pag.
3062 5785 3189 5850 520,
3221 5785 3279 5839 Ι).
