4054 6210
257 348 400 420 1253

1443 350 1763 412 SCRIPTA
1815 349 2350 410 MISCBLLANEA

3391 355 3529 421 1954

259 471 320 522 οὺ
355 469 637 539 μένουσιν,
685 465 819 520 ἀλλὰ
855 466 955 525 τὰς
994 466 1204 530 οἰκείας
1238 465 1518 537 μαχαίρας
1550 465 1694 519 κατὰ
1741 465 1847 518 τῶν
1880 473 1924 527 Α
1954 460 2040 515 ἶνα
2069 480 2152 516 σοι
2190 465 2283 516 καὶ
2319 463 2538 532 μνήμης
2595 465 2686 518 καὶ
2717 464 3106 537 προσρητικῶν
3155 467 3369 532 ἀξιωθῶ
3403 444 3526 524 συλ-

259 562 589 632 σπλάγχνων
615 560 905 622 ὠθοῦντες,
959 559 991 630 ἢ
1024 560 1159 632 ἄλλῃ
1199 577 1278 627 πη
1313 560 1406 612 τοῦ
1447 560 1702 628 σώματος
1733 559 1841 612 διε-

256 653 571 715 λαύνοντες,
604 653 754 721 σφεῖμν
790 650 996 704 ἑαυτῶν
1022 650 1337 721 αὐτόχειρες
1386 651 1646 718 γίνονται,
1672 668 1842 704 κατα-

258 745 646 815 καυχήσασθαι
672 744 767 797 τοῦ
804 745 985 797 αὐτῶν
1016 746 1243 815 αὐχένος
1297 745 1539 814 δυσμενῆ
1574 744 1838 815 παλάμην

261 840 336 911 μὴ
369 839 772 908 ἀντισχόμενοι.
829 840 1003 892 ὁποῖοι
1055 839 1277 903 Κάτων,
1326 840 1419 893 καὶ
1452 839 1710 909 Βροῦτος,
1745 833 1840 893 καὶ⁹

258 934 465 994 Κάσιος
494 951 505 964 ~
541 931 684 985 οὕτω
726 933 789 1003 δὴ
839 932 933 985 καὶ
985 933 1170 997 αὐτος,
1204 931 1312 996 ἓως
1350 931 1449 1002 μὲν
1481 932 1702 1001 ἁγαθῶς
1729 928 1837 1003 εἶχέ

260 1043 354 1093 μοι
381 1026 449 1078 τὰ
485 1028 611 1094 περὶ
634 1025 692 1077 τὸ
718 1026 896 1093 σῶμα,
925 1025 1019 1077 καὶ
1043 1024 1228 1094 ἁϐρῶς
1256 1025 1354 1092 μὲν
1385 1028 1415 1094 ἡ
1450 1026 1573 1094 θρὶξ
1590 1014 1835 1086 ἔσταλτο.

257 1118 354 1170 καὶ
379 1116 629 1186 κομψῶς,
666 1116 996 1187 συμμέτρως
1022 1116 1078 1168 δὲ
1125 1116 1218 1169 καὶ
1241 1117 1300 1168 ού
1335 1116 1477 1169 κατὰ
1511 1116 1839 1186 φιλοσόφους

259 1206 485 1261 καθεῖτο
513 1207 573 1259 τὸ
602 1208 833 1275 γένειον,
862 1208 1072 1260 πλατὺν
1102 1209 1356 1277 μυκτῆρα
1393 1208 1506 1261 τῶν
1539 1210 1595 1260 ὲν
1625 1209 1837 1271 τούτοις

255 1300 669 1370 δυστυχούντων
701 1300 964 1370 κατέχεον
985 1317 999 1332 ·
1054 1301 1155 1352 οὐκ
1192 1298 1307 1352 ἐστι
1341 1301 1449 1370 γὰρ
1480 1302 1537 1363 ὃς
1571 1318 1636 1354 με
1668 1302 1838 1366 φαλα-

257 1396 391 1465 κρὸς
425 1398 524 1448 οὐκ
562 1394 721 1457 εὐθὺς
759 1395 879 1446 ἰδὼν
913 1393 1247 1462 ἰλιγγίασεν·
1279 1396 1380 1448 οὐκ
1412 1393 1527 1447 ἐστι
1563 1394 1618 1447 δὲ
1648 1394 1703 1456 ὅς
1749 1411 1839 1462 μοι

259 1488 604 1559 βαθυπώγων
630 1485 940 1556 περιτυχὼν
973 1487 1070 1538 οὐκ
1096 1485 1299 1554 ηὔξατό
1325 1487 1373 1538 οἱ
1416 1485 1697 1556 χανεῖσθαι
1740 1487 1840 1555 τὴν

256 1582 364 1652 γῆν
387 1597 399 1610 ·
437 1580 532 1633 νῦν
588 1579 666 1642 δὲ,
718 1580 795 1640 εἰς
832 1578 933 1648 ἐμὲ
986 1576 1079 1630 τοῦ
1109 1580 1208 1646 τῆς
1240 1576 1632 1646 ἀσχημοσύνης
1665 1576 1837 1630 κύϐου

240 1670 755 1743 νμεταρριφθέντος,
782 1670 842 1722 οὐ
870 1670 1194 1740 περιμείνας
1215 1672 1340 1732 τοὺς
1367 1670 1422 1736 ἐξ
1442 1670 1616 1724 ἄλλων
1645 1669 1840 1739 λέσχας

258 1764 455 1833 σμοὺς,
488 1766 579 1816 καὶ
611 1764 713 1824 τὰς
746 1762 1121 1833 βλασφημίας,
1149 1763 1344 1816 ἑαυτὸν
1375 1764 1538 1825 αὐτὸς
1568 1762 1693 1816 καθ’
1725 1763 1793 1814 αὐ
1817 1793 1836 1801 ο

1950 552 2170 619 λαϐὦνς
2210 554 2493 607 συλλαϐῶν
2532 554 2777 618 ἐκείνων,
2809 557 2971 625 ιερῶν
3004 558 3116 625 μὲν,
3151 559 3181 628 ἢ
3223 561 3291 612 τὰ
3321 561 3378 613 ὲν
3403 564 3528 616 Δελ-

1950 649 2072 714 φοῖς
2108 647 2199 698 καὶ
2236 647 2412 698 Πύθια
2439 648 2851 718 προγράμματα
2875 664 2888 678 °
2928 651 3146 719 χρυσῶν
3175 653 3255 718 δὲ,
3287 653 3316 722 ἢ
3349 655 3528 710 Πυθα-

1947 738 2113 807 γόρου
2169 740 2350 809 χρυσᾶ
2414 739 2726 808 καλούμενα
2779 741 2921 811 ἔπη·
2960 745 3234 811 μουσικῶν
3273 747 3329 799 δὲ
3365 747 3396 818 ἢ
3429 748 3528 811 τὰς

1947 829 2211 900 Σειρῆνας
2235 832 2283 882 oi
2306 826 2464 900 μῦθοι
2491 832 2761 902 γράφουσι
2779 850 2789 861 ’
2807 834 3088 905 γλυκερῶν
3119 837 3174 890 δὲ
3197 837 3335 908 ὑπὲρ
3365 840 3522 908 μέλι,

1947 924 2262 994 ψαλμικῶς,
2299 925 2393 978 καὶ
2431 928 2644 996 κηρίον,
2673 927 2806 979 ἀλλὰ
2832 927 2951 995 μέλι
2988 931 3085 997 μὲν
3118 931 3179 983 τὸ
3214 931 3525 1003 Ὑμήττιον,

1950 1019 2143 1087 κηρίον
2173 1017 2228 1069 δέ
2262 1034 2326 1086 γε
2351 1018 2410 1069 τὸ
2457 1017 2913 1087 Τραπεζούντιον.
2978 1023 3044 1073 Ἣ
3083 1023 3301 1088 πάντως
3333 1027 3364 1096 ἡ
3399 1026 3526 1078 σύν-

1948 1112 2152 1181 τροφός
2221 1129 2301 1165 σοι
2367 1116 2802 1182 μετριοπάθεια,
2858 1122 2952 1170 καὶ
3035 1121 3065 1188 ἡ
3124 1124 3526 1192 συναυξηθείσα

1948 1206 2044 1257 καὶ
2105 1204 2204 1276 ἤδη
2265 1207 2735 1285 συγγηράσκουσα
2784 1211 3101 1278 ἐπιείκεια,
3164 1217 3258 1267 καὶ
3333 1218 3528 1287 μέχρις

1948 1297 2104 1367 ἡμῶν
2170 1299 2270 1368 τὴν
2327 1299 2426 1367 τῆς
2477 1302 2699 1372 γραφῆς
2739 1321 2832 1356 σου
2899 1307 3188 1378 περιωπην
3247 1310 3526 1378 ἠνάγκασε

1948 1390 2254 1444 κατελθεῖν.
2314 1392 2403 1444 Σοὶ
2438 1395 2536 1462 μὲν
2567 1394 2659 1446 οὖν
2709 1397 2906 1466 πολλὴν
2945 1399 3157 1468 μυρίων
3223 1418 3296 1453 τεΔ
3349 1403 3526 1456 ἄλλων

1949 1482 2045 1534 καὶ
2107 1481 2314 1536 τούτων
2384 1483 2442 1536 δὲ
2512 1485 2571 1538 οὐ
2633 1490 2783 1557 μεῖον
2833 1490 2983 1557 ὄφλω
3040 1493 3139 1560 τὴν
3206 1493 3385 1562 χάριν.
3461 1497 3524 1549 Ἦ

1948 1568 2006 1621 δὲ
2037 1570 2229 1623 πασῶν
2265 1567 2632 1642 εὐτυχεστέρα
2659 1578 2718 1628 τὸ
2743 1577 2836 1628 ἐπὶ
2870 1579 2953 1630 σοὶ
2989 1579 3098 1631 τῶν
3130 1577 3341 1634 πόλεων
3378 1585 3526 1653 Τρα-

1947 1659 2144 1724 πεζοῦς
2181 1663 2258 1724 εἰς
2297 1662 2351 1714 τί
2387 1680 2476 1732 μοι
2511 1665 2639 1728 τοὺς
2687 1667 2892 1738 ἑαυτῆς
2942 1669 3029 1722 διὰ
3061 1674 3158 1742 τῆς
3211 1673 3310 1739 σῆς
3344 1677 3528 1744 χειρὸς

1948 1753 2238 1823 χρυσίνούς
2289 1754 2684 1826 ἐκπέπομφενς
2734 1753 2811 1812 Ἦ
2862 1776 2964 1814 που
2997 1761 3094 1831 τὴν
3131 1766 3268 1834 πρός
3338 1784 3404 1835 με
3439 1768 3529 1821 διὰ

255 1853 354 1907 τοῦ
387 1855 694 1924 κατήγορον
738 1854 961 1923 ἵστημι·
1017 1852 1114 1906 καὶ
1160 1854 1259 1923 τῆς
1311 1854 1449 1923 ἐμῆς
1480 1852 1839 1924 ἐμφορεῖσθαι
1875 1851 1914 1899 Β
1948 1847 2157 1901 τούτων
2194 1850 2506 1919 μηχανᾶται
2544 1852 2824 1921 σπονδήν;
2882 1855 2956 1908 Οὐ
3000 1857 3294 1927 σπείσομαί
3326 1860 3438 1929 (l2)
3469 1879 3527 1929 γε

257 1950 460 2021 χλεύης
518 1950 630 2014 τοῖς
685 1945 932 2000 ἐθέλουσι
966 1945 1182 2016 δίδωμι.
1244 1946 1436 1999 Καίτοι
1471 1947 1562 1998 καὶ
1585 1946 1836 1998 Συνὲσιον

255 2042 377 2098 οἶδα
409 2043 508 2113 τὴν
539 2041 828 2112 φαλάκραν
859 2039 1382 2109 καλλωπισάμενονο
1418 2040 1512 2091 καὶ
1552 2037 1841 2093 Ἰουλιανόν

256 2156 321 2207 γε
351 2137 452 2190 οὐκ
476 2134 654 2204 ἁγνοῶ
683 2134 774 2187 τὸν
805 2134 1027 2195 οἰκεῖον,
1059 2132 1135 2196 ὡς
1175 2134 1232 2185 ὲν
1261 2132 1613 2203 προσχήματι
1642 2130 1835 2198 ψόγου,

259 2230 608 2302 σεμνύναντα
665 2226 924 2295 πώγωνα.
985 2225 1051 2278 Τί
1091 2227 1183 2278 ἐπὶ
1239 2223 1400 2277 τοῦτο
1471 2224 1836 2294 ὲκάγχασαςς

258 2323 503 2393 ὲμφόρου
537 2320 794 2388 γέλωτος,
819 2319 894 2382 ὡς
920 2319 988 2372 ἂν
1013 2313 1122 2381 οἷός
1156 2334 1215 2371 τε
1239 2312 1327 2391 ᾖς,
1358 2317 1451 2370 ἐπὶ
1483 2319 1580 2385 τῆς
1601 2317 1843 2388 γραφῆς.

257 2413 448 2468 Ταῦτα
489 2412 598 2483 γὰρ
629 2415 704 2482 (9)
726 2414 823 2464 ,καὶ
856 2413 1020 2482 ἡμεῖς
1053 2411 1114 2463 οὑ
1146 2409 1338 2480 πόρρω
1367 2408 1687 2479 φιλοσοφίας
1717 2410 1842 2477 δτῳ-

258 2505 709 2578 κονομησάμεθα,
753 2505 840 2571 ἵν’,
895 2506 987 2558 ἐπὶ
1019 2504 1128 2557 τῶν
1163 2502 1508 2572 γραμμάτων
1543 2502 1642 2572 τὴν
1687 2503 1841 2571 ίσχὺν

255 2601 352 2654 τοῦ
399 2599 764 2670 καγχὰσοντος
793 2598 1064 2660 κενώσας,
1121 2595 1238 2667 μεθ’
1264 2597 1485 2666 ἥττονος
1519 2597 1651 2666 ἡμῖν
1684 2596 1842 2648 αὐτο⁴

263 2692 604 2761 προσωπέῃς
636 2689 746 2760 (10)
777 2688 871 2741 τοῦ
904 2690 1165 2757 γέλωτος.
1197 2687 1469 2758 Ἐρρωοο.

297 2778 582 2848 (In—Tib
605 2780 1017 2850 μητροπολίτῃ
1061 2777 1168 2831 τοῦ
1204 2775 1639 2844 Τραπεζοῦντος
1660 2775 1708 2847 (Ι
1729 2777 1798 2846 1).

332 2872 426 2937 Τίς
453 2874 569 2944 εἰμι
592 2875 684 2926 καὶ
711 2870 896 2937 τίνων,
917 2870 1030 2942 ίερέ
1054 2888 1156 2941 μου
1185 2871 1280 2924 καὶ
1307 2868 1551 2923 θειότατε
1573 2869 1834 2936 δέσποτα,

257 3065 468 3140 quidem
503 3063 614 3117 dixi
651 3078 757 3115 non
817 3067 874 3114 ut
914 3061 1096 3131 justus
1135 3061 1224 3130 qui
1256 3066 1332 3113 est
1382 3059 1532 3113 initio
1584 3060 1842 3114 sermonis

1949 1940 2144 2011 ταύτῃ.
2169 1941 2277 1994 οὐδ’
2303 1942 2383 1996 είν
2407 1942 2518 2013 (15)
2554 1943 2734 1997 Ἀΐδαο
2754 1960 2765 1973 ’
2798 1945 3036 2000 ἴστωσαν
3061 1950 3109 2005 οἱ
3138 1951 3341 2015 πάντες
3365 1953 3528 2004 ἀστέ-

1954 2051 2065 2103 ρες,
2099 2033 2193 2086 καὶ
2222 2035 2249 2086 ὁ
2287 2033 2496 2087 τούτων
2539 2034 2769 2107 ἔξαρχος
2799 2037 2951 2109 ἥλιος
2974 2056 2987 2070 ·
3016 2041 3125 2093 οὐδ’
3155 2042 3219 2096 ἄν
3252 2061 3344 2111 μοι
3373 2044 3528 2097 πλίν-

1950 2128 2076 2189 θους
2111 2127 2237 2191 ὅλας
2279 2126 2484 2198 χρυσοῦ
2513 2131 2717 2196 κομιεῖ,
2752 2128 2896 2182 καθὰ
2919 2130 2995 2200 τῷ
3033 2131 3216 2202 Πυθίῳ
3243 2135 3333 2187 τὸν
3368 2136 3527 2206 Κροτ-

1950 2221 2040 2274 σόν
2065 2237 2220 2291 φασι.
2244 2221 2346 2274 Τὸν
2368 2223 2475 2291 γὰρ
2504 2221 2636 2290 ἐμὸν
2661 2223 2974 2297 ἀφελομένη
2999 2225 3110 2295 (14)
3138 2244 3203 2296 με
3231 2227 3525 2300 θησαυρὸν,

1941 2318 2039 2386 τὴν
2067 2315 2238 2386 μόνην
2267 2316 2326 2367 ὲν
2352 2318 2470 2378 ταῖς
2495 2317 2941 2385 συμπιπτούσαις
2966 2320 3140 2382 ἁνίαις
3171 2319 3523 2392 θύμηρεστάο

1941 2427 2042 2476 την
2089 2408 2442 2480 παραψυχὴν,
2500 2411 2590 2464 τὸν
2650 2411 2856 2478 γλυκὺν
2891 2414 2984 2465 καὶ
3041 2415 3170 2466 ἰδεῖν
3213 2416 3303 2467 καὶ
3353 2417 3529 2469 εἰπεῖν

1947 2501 2382 2570 Τραπεζοῦντος,
2407 2501 2579 2555 ἔπειθ’
2603 2497 2713 2555 οἷον
2735 2503 2800 2556 ὲκ
2834 2506 3148 2572 μεταμέλοι)
3185 2490 3408 2570 συκίνας
3437 2525 3527 2578 μοι

1945 2590 2149 2654 ταύτας
2199 2592 2560 2662 παραμυθίας
2621 2594 2972 2663 ἐπιτεχνᾶται
3033 2596 3128 2664 τῆς
3201 2598 3526 2666 συμφορᾶςς

1948 2685 2358 2756 παραπλήσιον,
2393 2686 2584 2757 ὥσπερ
2614 2686 2667 2740 εἴ
2686 2690 2768 2750 τίς
2821 2705 2919 2758 μου
2953 2687 3211 2758 ἐξορύξας
3235 2691 3402 2758 ἄμφω
3451 2689 3527 2741 τὼ
3559 2682 3563 2686 ’

1948 2777 2236 2848 ὀφθαλμὼ,
2287 2779 2318 2848 ἦ
2376 2779 2820 2849 ἑκκρουσάμενος
2881 2781 3007 2843 τοὺς
3060 2781 3297 2844 ὀδόντας,
3338 2781 3526 2836 ἔπειτα

1954 2871 2285 2941 κοινωνῆσαί
2334 2876 2384 2927 οἱ
2442 2873 2592 2926 ἁλῶν
2621 2874 2775 2943 ἠξίου
2807 2875 2900 2930 καί
2934 2873 3148 2940 ὓδατος.
3200 2876 3265 2928 Τί
3300 2893 3393 2946 μοι
3419 2875 3525 2929 τῶν

1946 3069 2001 3113 ιιι
2036 3061 2226 3132 dignus
2257 3080 2287 3115 a
2325 3069 2374 3114 te
2401 3060 2601 3116 habear
2630 3059 2887 3116 memoria
2913 3070 3006 3114 tua
3037 3060 3338 3132 litterisque
3393 3065 3522 3127 tuis,

259 3163 540 3210 accusator
565 3153 649 3207 sui
678 3153 721 3217 ⁸,
749 3151 837 3205 sed
857 3151 1019 3207 veluti
1050 3151 1244 3205 ducum
1276 3149 1641 3221 gloriosissimi
1676 3153 1764 3221 qui
1798 3152 1843 3204 si
1871 3161 1911 3218 c
1948 3153 2136 3209 litteris
2171 3155 2277 3208 illis
2308 3155 2658 3208 sanctioribus
2678 3172 2838 3226 quam
2872 3155 3097 3208 oracula
3135 3153 3452 3224 Delphorum
3477 3163 3525 3208 et

257 3249 360 3318 ipsi
391 3245 603 3318 quidem
634 3246 849 3298 vincant
875 3248 1046 3298 hostes
1088 3246 1370 3307 occidunt;
1406 3244 1525 3298 victi
1550 3259 1692 3308 vero,
1738 3261 1843 3299 non

261 3343 327 3398 ab
358 3340 467 3397 illis
493 3340 656 3394 occidi
683 3340 966 3404 sustinent,
1002 3339 1116 3402 sed,
1142 3340 1378 3408 proprios
1400 3353 1546 3393 enses
1568 3337 1620 3391 in
1643 3339 1842 3392 viscera

260 3436 557 3506 adigentes,
603 3430 687 3486 vel
735 3429 903 3484 aliam
942 3433 1176 3500 corporis
1229 3439 1436 3497 partem
1465 3429 1731 3499 ferientes,
1789 3445 1844 3483 se

259 3532 401 3599 ipsos
432 3526 797 3595 interﬁciunt;
845 3539 950 3581 non
981 3527 1125 3597 passi
1149 3525 1422 3580 inimicam
1475 3542 1691 3579 manum
1732 3525 1847 3594 glo-

261 3624 400 3677 riari
454 3637 601 3693 posse
645 3619 946 3692 praecidisse
1004 3635 1186 3673 eorum
1266 3627 1448 3686 caput.
1497 3617 1647 3672 Tales
1697 3619 1844 3686 [uere

257 3717 417 3782 Cato,
451 3715 648 3768 Brutus
684 3721 732 3767 et
755 3713 989 3767 Cassius.
1026 3711 1115 3767 Sic
1165 3721 1214 3764 et
1240 3696 1386 3782 ipse;
1438 3710 1601 3764 donec
1657 3727 1842 3781 corpus

257 3807 450 3873 ualuit,
479 3802 732 3875 capillum
769 3803 993 3858 delicate
1032 3804 1274 3869 discrevi,
1308 3814 1353 3858 et
1378 3820 1572 3856 ornare
1622 3804 1840 3859 barbam

259 3899 376 3956 alui
403 3910 599 3965 mento,
655 3914 758 3952 non
808 3896 1178 3968 philosOphice,
1233 3913 1317 3950 eos
1368 3898 1697 3950 subsannans
1751 3897 1841 3966 qui

257 3999 315 4050 in
341 3997 438 4050 hoc
463 4010 705 4050 aversam
751 3991 1022 4062 fortunam
1084 3992 1287 4060 experti
1329 3998 1502 4044 erant.
1538 3989 1702 4044 Nemo
1733 3988 1842 4042 cal-

257 4107 353 4144 vus
386 4095 502 4143 erat
526 4088 616 4158 qui
646 4102 726 4139 me
756 4085 934 4140 videns
975 4101 1077 4138 non
1132 4068 1322 4138 statim.
1357 4092 1629 4145 aestuaret,
1662 4083 1841 4136 nullus

261 4183 512 4236 inornata
575 4174 736 4231 barba
761 4178 848 4244 qui
876 4177 929 4230 in
967 4191 1048 4229 me
1074 4175 1307 4228 incidens
1350 4191 1451 4228 non
1499 4182 1840 4244 prtzoptasset

258 4274 460 4328 hiscere
486 4251 706 4323 terram.
742 4264 902 4320 Nunc
936 4282 1056 4319 vero
1096 4267 1150 4319 in
1179 4281 1259 4319 me
1295 4268 1388 4318 hoc
1413 4264 1675 4318 irrisionis
1708 4282 1840 4334 pon-

257 4368 385 4418 dere
408 4361 662 4416 inclinato
680 4375 784 4413 non
815 4367 1054 4429 exspecto
1082 4375 1146 4412 ex
1177 4357 1297 4412 aliis
1330 4357 1769 4410 subsannationes
1793 4365 1839 4410 et

256 4459 452 4527 probra
474 4471 493 4520 ;
523 4470 602 4506 me
624 4454 734 4523 ipse
758 4467 942 4505 accuso
974 4460 1021 4502 et
1047 4465 1216 4503 meam
1245 4449 1530 4517 producere
1551 4447 1839 4502 volentibus

1953 3245 2177 3318 Pythice,
2209 3249 2384 3301 aureis
2410 3251 2572 3302 etiam
2609 3249 2778 3318 magis
2810 3265 2969 3318 quam
3003 3249 3110 3301 sint
3143 3264 3309 3300 aurea
3340 3257 3524 3301 vocata

1959 3341 2280 3412 Pythagora:
2307 3341 2486 3406 verba,
2519 3341 2688 3411 magis
2712 3343 2872 3394 etiam
2908 3328 3138 3404 musicis,
3175 3356 3334 3404 quam
3373 3340 3516 3409 fabu-

1954 3433 2019 3488 lis
2079 3433 2454 3502 perhibeantur
2502 3430 2609 3486 illa:
2646 3429 2956 3484 Sirenarum
3008 3442 3186 3500 atque,
3220 3440 3276 3483 ut
3325 3430 3525 3484 Psalmi

1950 3525 2115 3580 verbis
2153 3525 2360 3595 loquar,
2398 3522 2715 3577 dulcioribus
2743 3539 2902 3593 super
2935 3523 3037 3576 mel
3061 3532 3109 3577 et
3138 3524 3316 3594 [avum
3343 3525 3399 3588 ';
3432 3526 3523 3577 sed

1953 3617 2058 3672 mel
2107 3617 2362 3688 Hymetti,
2421 3616 2599 3686 favum
2653 3633 2772 3670 vero
2833 3615 3199 3685 Trapezuntis.
3284 3615 3524 3685 Profecto

1953 3709 2303 3780 temperantia
2353 3718 2521 3761 tecum
2567 3707 2788 3762 educata
2827 3717 2904 3761 est
2951 3711 3233 3778 crevitque,
3276 3720 3323 3762 et
3351 3712 3522 3764 senuit

1953 3811 2120 3856 tecum
2155 3800 2453 3871 benignitas
2474 3841 2489 3864 ,
2524 3808 2672 3870 teque
2699 3803 2862 3869 coegit
2895 3801 2963 3853 ad
2997 3817 3084 3853 nos
3112 3817 3275 3870 usque
3313 3801 3520 3855 littera-

1951 3910 2068 3946 rum
2102 3900 2369 3960 aspectum
2421 3894 2718 3946 extendere.
2756 3891 2867 3945 Tibi
2905 3894 3064 3962 igitur
3112 3892 3334 3946 multam
3366 3893 3522 3946 debeo

1950 3985 2186 4055 gratiam
2224 3997 2269 4037 et
2312 3992 2676 4038 sexcentarum
2732 3982 2963 4036 aliorum
3011 3981 3399 4050 beneficiorum,
3433 3995 3520 4037 at-

1952 4091 2052 4144 que
2107 4077 2294 4129 horum
2357 4091 2461 4128 non
2520 4076 2803 4129 minorem.
2838 4073 3104 4143 Trapezus
3143 4092 3262 4130 uero
3287 4079 3519 4130 omnium

1950 4184 2045 4238 per
2098 4175 2148 4220 te
2203 4167 2505 4237 felicissima
2551 4169 2738 4222 civitas
2775 4184 2868 4220 cur
2893 4184 3013 4221 suos
3057 4185 3243 4222 aureos
3283 4187 3520 4224 nummos

1951 4263 2079 4315 mihi
2130 4278 2292 4315 manu
2351 4270 2443 4314 tua
2485 4262 2664 4318 misit?
2714 4261 2967 4317 Fmdusne
3027 4279 3224 4316 mecum
3279 4280 3370 4326 per
3412 4265 3522 4318 hac

1950 4352 2214 4408 molitur?
2249 4351 2368 4408 Non
2393 4356 2486 4408 hoc
2551 4357 2730 4425 patiar
2784 4357 2882 4409 etsi
2937 4365 3074 4409 mors
3107 4355 3372 4409 subeunda
3425 4360 3512 4412 sit.

1947 4445 2140 4500 Noriut
2179 4447 2348 4500 stella:
2399 4463 2576 4502 omnes
2614 4455 2662 4502 et
2691 4449 2970 4503 stellarum
3010 4466 3101 4503 rex
3125 4451 3225 4504 sal.
3266 4450 3441 4520 Neque
3476 4454 3520 4506 si

259 4548 560 4602 irrisionem
587 4546 810 4616 praebeo.
845 4541 1134 4613 Synesium'
1154 4543 1363 4611 quidem
1410 4541 1530 4620 novi
1574 4540 1835 4596 calvitiem
1869 4536 1913 4589 D
1941 4539 2068 4594 mihi
2107 4539 2296 4594 lateres
2333 4557 2510 4595 omnes
2543 4558 2730 4597 aureos
2770 4550 2940 4614 portet
2973 4554 3027 4596 ut
3079 4541 3266 4614 Pythio
3313 4545 3520 4614 Apolli-

260 4638 506 4692 laudibus
562 4632 1249 4699 ornantem;et.lulianum
1299 4649 1401 4685 non
1454 4633 1638 4702 ignoro
1686 4647 1838 4683 suam

257 4749 354 4803 per
378 4730 730 4798 vituperantis
759 4725 980 4796 speciem
1009 4726 1230 4779 barbam
1269 4724 1537 4778 laudasse.
1595 4723 1704 4777 Cur
1736 4723 1837 4775 ista

257 4826 438 4879 rides?
464 4822 654 4876 Ridens
689 4829 945 4892 quantum
994 4817 1114 4872 libet
1142 4816 1421 4885 epistolam
1450 4818 1605 4870 istam
1651 4824 1700 4868 et
1751 4832 1842 4868 ca-

256 4916 542 4970 chinneris.
585 4911 710 4966 Htec
737 4927 829 4964 nos
873 4925 978 4962 non
1007 4907 1158 4978 longe
1194 4925 1224 4961 a
1264 4907 1591 4977 philosophia
1633 4905 1842 4976 excogi—

256 5011 508 5069 tavimus,
529 5015 584 5059 ut
612 5021 770 5073 super
794 5003 980 5057 litteris
1017 5003 1246 5054 acriores
1272 5003 1585 5055 exhauriens
1619 4999 1836 5052 cachin-

255 5120 351 5157 nos
387 5103 556 5154 minus
582 5107 862 5168 praesentes
886 5097 1078 5149 rideas.
1123 5093 1270 5148 Vale.

373 5193 461 5246 V'l.
499 5223 566 5232 —
593 5191 873 5262 Ejusdem,
921 5187 1285 5255 metropoliue
1324 5185 1711 5256 Trapezuntis.

334 5284 462 5351 Quis
489 5302 581 5340 eao
614 5283 889 5338 uualisaue
930 5297 1072 5336 sum.
1113 5295 1265 5333 sacer
1299 5289 1348 5332 et
1392 5280 1568 5335 divine
1599 5283 1808 5337 domine

332 5452 354 5482 '
379 5447 539 5503 Prov.
576 5461 727 5510 xvm,
760 5445 844 5498 Π.
931 5443 950 5473 ⁷
983 5442 1125 5497 Psal.
1160 5456 1312 5502 xvm.
1347 5442 1431 5495 il.

335 5602 410 5669 t9)
442 5595 795 5669 Lazerus,tb;_
818 5595 884 5649 ἂν
903 5595 1000 5669 οὐχ
1030 5590 1138 5657 οἷός
1161 5611 1219 5646 τε
1251 5588 1316 5665 ᾖς
1342 5591 1437 5645 ἐπὶ
1462 5591 1559 5664 τῆς
1579 5596 1826 5665 γραφῆς,

255 5666 439 5730 ταύτά
472 5673 601 5738 γὰρ,
630 5686 682 5722 κ.
715 5666 835 5722 τ.λ.
861 5668 1004 5734 quod
1046 5681 1210 5738 sensu
1246 5676 1418 5718 caret.

335 5742 449 5808 (10)
480 5735 734 5808 Later-Is,
785 5735 1354 5808 absunpoawnoinow.

337 5803 449 5887 (11)
478 5806 608 5867 Vide
641 5808 843 5864 Orient.
868 5803 1086 5875 ϐίω-ἰείη
1130 5813 1172 5861 ῑ.
1208 5807 1248 5874 l,
1279 5805 1384 5861 col.
1409 5803 1502 5860 5H
1545 5813 1598 5861 el
1641 5803 1764 5861 512.

1952 4636 2004 4688 ni
2057 4635 2240 4687 dicunt
2295 4634 2476 4689 tulisse
2525 4635 2781 4689 Croesum.
2837 4635 2980 4689 Meus
3012 4637 3099 4703 qui
3130 4652 3210 4688 me
3231 4637 3380 4706 juvat
3409 4640 3519 4689 the-

1947 4741 2137 4778 saurus
2166 4724 2281 4777 sola
2324 4742 2405 4778 me
2447 4725 2745 4780 demulcens
2779 4729 2832 4781 in
2880 4728 3223 4798 pra'sentibus
3261 4731 3519 4798 angustiis

1946 4816 2237 4870 consolatio
2290 4828 2384 4882 est,
2430 4817 2636 4871 dulcem
2669 4823 2840 4874 videre
2893 4831 2941 4874 et
2977 4820 3180 4892 alloqui
3214 4821 3517 4890 Trapezun-

1948 4909 2100 4962 tium.
2139 4908 2339 4962 Deinde
2386 4908 2570 4979 quales
2612 4909 2775 4964 veluti
2821 4915 3124 4982 poenitentia
3161 4919 3318 4968 ducta
3354 4930 3518 4968 vanas

1946 5003 2072 5055 mihi
2105 5005 2484 5056 consolationes
2524 5005 2680 5072 hujus
2713 5004 3037 5060 calamitatis
3077 5016 3326 5076 apparat.
3361 5003 3520 5061 Simi-

1946 5095 2070 5148 liter
2115 5095 2242 5164 fucit
2291 5112 2354 5150 ac
2399 5097 2444 5150 si
2495 5100 2608 5167 quis
2641 5105 2918 5167 postquam
2965 5099 3145 5152 ambos
3172 5100 3309 5151 mihi
3341 5099 3518 5152 oculos

1941 5190 2077 5242 eruit
2112 5189 2393 5264 dentesque
2432 5192 2715 5260 perfregit,
2748 5191 2933 5245 deinde
2982 5194 3109 5246 mihi
3158 5209 3330 5246 secum
3383 5210 3520 5246 com-

1943 5298 2155 5337 munem
2204 5299 2312 5336 esse
2353 5286 2646 5338 convictum
2704 5284 2845 5340 velit.
2885 5283 3024 5348 Quid
3076 5287 3356 5339 mihicum
3413 5290 3515 5340 luis

2009 5590 2122 5661 (ιε)
2151 5589 2287 5661 _Laz.
2329 5588 2613 5658 πείσομαι.

2030 5663 2115 5731 15)
2146 5659 2338 5717 Later.
2372 5663 2451 5725 εἵς
2489 5670 2556 5729 γ’.
2602 5661 2762 5718 Conl.
2808 5661 3052 5732 Homer.,
3100 5663 3260 5720 Iliad.
3307 5666 3370 5730 Φ,
3420 5666 3516 5720 lib.

1928 5732 2071 5794 XXI,
2100 5750 2148 5787 ν.
2177 5732 2270 5787 48.

2019 5805 2132 5877 (14)
2155 5803 2345 5861 Lazer.
2384 5803 2486 5876 leg.
2521 5803 2866 5877 ὠφελομὲνη.
