4054 6210
815 308 983 364 ιΔ’.-
1022 309 1134 366 Τοῦ
1163 311 1353 367 αὐτοῦ
1381 311 1459 379 τῷ
1489 314 1679 384 Μύτᾳ.

524 398 697 454 Φασὶν
718 401 768 455 ot
789 406 1209 476 πεπειραμένοι,
1225 408 1320 460 καὶ
1339 404 1451 474 ἐγὼ
1469 408 1752 480 πείθομαι,
1773 409 2037 466 θεσπεσία

461 510 552 564 μοι
581 495 658 565 τῷ
691 495 807 548 όντι
837 497 1006 568 ψυχὴ.
1042 499 1242 569 μικρὸν
1297 499 1546 570 ἀψίνθιον
1593 501 1778 574 πολλῷ
1807 503 2039 574 ὲγχυθὶν

462 591 555 641 καὶ
599 587 884 660 ’Υμηττίῳ
917 591 993 660 τῷ
1030 592 1207 660 μέλιτι
1242 593 1528 663 (Ἃττικῆς
1563 593 1616 648 δὲ
1634 595 1760 666 ὅρος
1778 589 1928 660 οἶδας
1945 598 2038 650 τὸν

467 679 743 751 Ὑμηττὸν
796 684 1152 754 μελιτουργὸν
1225 688 1319 739 καὶ
1369 686 1590 758 μέλιτος
1637 688 1730 742 τοῦ
1786 688 2034 759 ἀρίστου)

458 773 705 830 ἀλλοιοῦν
742 793 800 828 τε
835 777 928 829 τὸν
958 776 1171 831 ἐκείνου
1217 781 1390 849 χυμὸν
1432 782 1524 834 καὶ
1556 781 1634 852 τῷ
1679 783 1876 835 ἑαυτοῦ
1912 800 2039 836 συν-

458 867 759 940 εξομοιοῦν.
815 870 926 923 Καὶ
971 870 1071 940 τὴν
1104 871 1287 924 αἰτίαν
1317 872 1416 924 οὐκ
1448 874 1650 942 ἀγεννῆ
1685 874 1808 927 οὐδὲ
1841 875 2037 942 ἄλογον

459 962 534 1032 μὴ
565 963 646 1014 ὅτι
684 977 745 1031 γε
773 964 869 1015 καὶ
901 963 1042 1016 πάνυ
1086 963 1408 1035 σοφωτάτην
1434 965 1785 1020 ἀποδιδόασιν
1815 967 1913 1019 οὑκ
1939 962 2039 1020 οἷδ’

455 1057 562 1111 εἴτε
596 1056 810 1110 οἴκοθεν
860 1058 1075 1121 ἑλόντες
1114 1058 1222 1111 εἴτε
1261 1059 1423 1112 πόθεν
1454 1058 1864 1130 δανεισάμενοι,
1905 1061 2037 1132 ῥᾷον

454 1150 512 1202 δὲ
546 1167 678 1218 φασι
732 1151 930 1213 κακίας
987 1151 1391 1223 μεταδιδόναιῆ
1429 1153 1656 1222 ἀρετῆς.
1712 1151 1827 1206 Νῦν
1873 1153 1928 1205 δὲ
1976 1154 2037 1205 τὸ

457 1243 697 1297 ἐναντίον
727 1242 873 1297 ἅπαν
895 1245 1218 1314 ίνήργηται·
1248 1247 1308 1298 τὸ
1331 1246 1438 1316 γὰρ
1476 1246 1673 1316 μικρὸν
1700 1245 1795 1298 τυῦ
1819 1249 2037 1301 ἐπιστο-

453 1337 570 1392 λίου
604 1356 696 1391 σου
726 1337 849 1406 μέλι
879 1338 938 1391 τὸ
958 1340 1049 1391 ναὶ
1088 1341 1163 1408 μὰ
1189 1340 1279 1392 τὸν
1314 1340 1409 1392 καὶ
1439 1340 1580 1412 πέρα
1604 1340 1697 1393 τοῦ
1737 1341 2037 1410 Ὑμηττίου

455 1433 631 1501 γλυκὺ
662 1433 741 1496 είς
770 1431 870 1502 τὴν
899 1431 1220 1503 κακόχυμον
1249 1434 1474 1503 πικρίας
1507 1434 1602 1487 καὶ
1624 1433 1904 1504 ἄψινθὼδη
1935 1453 2037 1505 μου

453 1524 632 1594 ψυχὴν
667 1524 938 1594 ἐμϐληθὲν
969 1525 1068 1576 οὐκ
1097 1525 1246 1578 ἐστιν
1276 1527 1376 1578 ὅσα
1404 1523 1611 1596 ταύτην
1668 1528 2041 1596 κατεμελίτω-

457 1636 570 1681 σεν,
604 1615 744 1671 ὥστε
794 1635 859 1688 με
901 1617 993 1671 καὶ
1037 1619 1467 1690 άντιστρὲψαντα
1521 1620 1784 1674 δύνασθαι
1831 1612 2035 1690 λέγειν,

455 1714 587 1782 ῤ’ᾷον
645 1710 989 1782 μεταδιδόναι
1040 1712 1244 1782 ἀρετῆς
1295 1713 1328 1783 ἢ
1380 1714 1604 1778 κακίας.
1644 1714 1750 1766 Καὶ
1807 1716 2042 1785 χαιρέτω
2078 1695 2117 1751 Β

456 1819 540 1858 σοι
588 1804 687 1872 μὲν
735 1804 764 1856 ὁ
819 1802 1158 1874 τηλικούτων
1202 1805 1487 1874 γεννήτωρ
1535 1808 1829 1877 νοημάτων
1869 1806 1993 1870 νοῦς
2024 1825 2037 1838 ·

454 1895 697 1967 χαιρέτω
736 1895 793 1949 δὲ
830 1895 925 1950 καὶ
965 1898 998 1965 ἡ
1048 1895 1275 1968 τοιαύτη
1332 1897 1442 1949 τῶν
1477 1897 1786 1968 νοηθέντων
1818 1898 2044 1965 γλῶσσα

458 1986 750 2059 μηνύτρια,
785 1990 881 2042 καὶ
927 1989 986 2041 τὸ
1034 1987 1250 2060 σύναμα
1298 1989 1459 2059 χαῖρέ
1493 1990 1585 2059 μοί
1619 2007 1715 2044 σου
1751 1990 2044 2062 χαιρήσειν

452 2077 574 2137 οἶδα
599 2081 696 2134 καὶ
733 2083 826 2134 τὸν
865 2083 1111 2153 παρόντα
1144 2083 1392 2153 ποιήσων
1439 2085 1507 2155 τῇ
1539 2082 1908 2150 παραπτώσει
1943 2085 2040 2153 τῆς

455 2171 743 2243 ἡμεδαπῆς
775 2169 1080 2238 ἀξιώσεως.
1098 2173 1385 2247 "Eppium.

990 2284 1093 2344 IE'.
1113 2317 1184 2329 -—
1219 2287 1308 2355 Τῷ
1339 2289 1522 2357 αὐτῷ.

527 2400 698 2463 Τοῦτο
722 2402 932 2456 ἐκεῖνο·
969 2401 1197 2457 Γλῶσσα
1245 2404 1485 2460 πνέουσα
1535 2406 1694 2478 μένος
1752 2405 2042 2477 Ἀθηναίου

455 2493 648 2564 πυρὸς,
684 2493 850 2564 πυρὸς
897 2487 959 2548 οῦ
992 2497 1088 2550 καὶ
1130 2497 1231 2566 τὴν
1282 2497 1448 2566 φύσιν
1482 2499 1746 2554 διιδέσθαι
1781 2499 1884 2555 οὐκ
1911 2490 2042 2572 Exeo;

455 2579 551 2647 οἷς
581 2586 691 2655 γάρ
745 2585 810 2639 ἂν
861 2587 1080 2659 ἐμπέσῃ
1127 2587 1506 2661 ποθεινότερον
1556 2592 1828 2662 φαίνεται,
1859 2593 1955 2648 καὶ
1979 2593 2043 2647 οὐ

458 2675 660 2748 μᾶλλον
689 2676 797 2745 πῦρ
836 2678 869 2749 ἦ
894 2678 1083 2750 δρόσος
1130 2681 1343 2746 τούτοις
1369 2682 1537 2746 δοκεῖ,
1585 2683 1661 2748 ὡς
1684 2685 1780 2738 καὶ
1803 2686 1868 2757 τῇ
1900 2686 2048 2741 Χαλ-

455 2768 616 2840 δαῖκῇ
648 2768 808 2824 τοῦτο
836 2771 898 2824 τὸ
948 2772 1111 2845 μέρος
1139 2772 1450 2838 ἐξισοῦσθαι
1486 2776 1721 2847 καμίνῳ,
1755 2770 1822 2851 ἧς
1846 2780 1909 2833 τὸ
1933 2781 2046 2852 πῦρ

452 2861 529 2925 ὡς
558 2861 776 2933 πνεῦμα
796 2863 991 2934 δρόσου
1039 2865 1380 2937 διασυρίζειν
1425 2871 1535 2932 τοῖς
1566 2868 1840 2938 θεολόγοις
1881 2874 2043 2928 παισὶ

457 2954 882 3027 μεμαθήκαμεν.
929 2957 1182 3013 Τοιοῦτόν
1233 2975 1326 3014 σου
1382 2960 1443 3014 τὸ
1473 2960 1583 3014 άπὸ
1636 2962 1731 3017 τοῦ
1777 2965 2046 3037 στόματος

857 3145 1000 3204 XIV.
1033 3177 1104 3188 —
1133 3145 1393 3219 Ejusdem
1445 3148 1626 3221 Mylae.

529 3240 724 3296 Dicunt
762 3241 850 3312 qui
881 3243 1083 3306 experti
1106 3249 1249 3305 sunt,
1283 3251 1442 3312 atque
1467 3258 1559 3312 ego
1588 3242 1744 3297 credo
1773 3242 1825 3314 (ο
1854 3245 2037 3301 anima

456 3336 584 3391 mihi
630 3350 750 3389 vere
790 3335 1019 3402 divina),
1068 3350 1258 3400 parum
1319 3335 1565 3389 absinthii
1601 3333 1768 3390 multo
1801 3337 2038 3406 infusum

454 3430 718 3503 Hgmettio
745 3428 889 3483 melli
918 3429 1126 3494 (Attica!
1167 3437 1396 3483 montem
1431 3430 1569 3483 nosti
1599 3446 1708 3484 esse
1732 3430 2038 3502 Hymettum

454 3527 541 3579 uti
590 3525 691 3578 mel
745 3521 1022 3592 conﬁcitur
1051 3531 1101 3576 et
1131 3524 1387 3592 optimum
1424 3525 1575 3592 mel),
1606 3525 1891 3580 immutare
1917 3542 2038 3581 eum

451 3635 662 3673 succum
704 3625 860 3688 atque
901 3618 956 3671 in
1004 3617 1276 3687 proprium
1318 3625 1658 3684 convertere;
1712 3634 2039 3691 causamque

454 3728 558 3766 non
613 3711 897 3782 ignobilem
940 3726 1107 3780 neque
1167 3709 1454 3765 absurdam
1500 3711 1750 3782 afferunt,
1800 3713 1908 3766 imo
1946 3731 2038 3769 sa-

451 3804 855 3877 pientissimum,
903 3804 1077 3856 nescio
1129 3819 1201 3855 an
1241 3803 1398 3857 domo
1440 3819 1558 3857 eam
1592 3805 1921 3875 proferentes
1962 3821 2036 3860 an

450 3899 668 3954 aliunde
705 3908 1005 3952 mutuantes
1030 3913 1051 3954 :
1081 3899 1293 3969 facilius
1324 3916 1434 3954 esse
1469 3902 1620 3955 aiunt
1650 3901 1780 3956 mali
1820 3902 2039 3973 partici-

451 4008 567 4060 pem
597 3991 717 4059 fieri
750 4008 911 4062 quam
945 3990 1087 4044 boni.
1124 3990 1280 4045 Nunc
1305 4007 1428 4045 vero
1466 3994 1794 4048 contrarium
1820 3996 2036 4050 omnino

448 4083 532 4151 fit.
593 4082 856 4152 Exiguum
889 4081 1024 4135 illud
1078 4081 1377 4153 epistolium
1428 4094 1600 4150 tuum,
1638 4084 1742 4139 mel
1770 4088 2034 4158 profecto,

448 4190 498 4235 et
544 4180 813 4252 Hymettia
859 4179 1016 4234 melle
1061 4178 1265 4234 dulcius
1320 4179 1554 4252 infusum
1609 4184 1663 4238 in
1718 4188 2038 4244 amaritudi-

450 4289 570 4326 nem
627 4287 744 4342 quat
794 4272 1112 4327 absinthium
1180 4275 1448 4343 azquabat,
1505 4275 1700 4330 anima:
1741 4294 1890 4345 mec,
1932 4281 2038 4336 dici

450 4385 555 4422 non
589 4376 759 4439 potest
794 4376 999 4436 quanta
1036 4367 1208 4422 mellis
1242 4369 1518 4424 dulcedine
1563 4387 1683 4426 eam
1713 4375 2031 4445 perfuderit,

450 4472 508 4517 ut
537 4466 862 4518 contrarium
893 4464 1064 4518 dicere
1091 4465 1286 4536 possim
1319 4481 1339 4517 :
1367 4464 1576 4532 facilius
1620 4483 1729 4522 esse
1756 4468 1879 4522 boni

447 4646 641 4700 talium
694 4645 924 4716 genitria:
950 4647 1364 4715 cogitationum;
1395 4649 1625 4717 gaudeat
1651 4659 1700 4705 et
1735 4650 1916 4722 lingua
1951 4661 2035 4706 ta-

448 4737 514 4792 lis
569 4739 828 4800 interpres
876 4738 1258 4807 cogitatorum;
1310 4749 1358 4792 et
1399 4740 1560 4794 simul
1591 4754 1648 4795 tu
1694 4745 1820 4797 mihi
1861 4745 2032 4814 gaude

446 4838 630 4900 (atque
663 4829 714 4882 id
746 4828 1010 4897 facturam
1044 4837 1092 4882 te
1114 4829 1237 4883 bene
1263 4835 1402 4897 novi)
1438 4843 1753 4901 promentem
1788 4836 2032 4891 exhibens

448 4923 514 4976 iis
546 4923 634 4991 qui
665 4920 878 4985 adsunt,
905 4919 1046 4981 domi
1079 4921 1222 4974 nob"c
1257 4927 1503 4978 honorem
1535 4935 1742 4981 natum.
1779 4927 1920 4984 Vale.

1007 5033 1124 5090 XV.
1155 5064 1226 5076 ο·-
1257 5035 1468 5091 Eidem.

513 5128 620 5183 Hoc.
670 5129 921 5182 nimirum
963 5128 1098 5183 illud
1146 5139 1223 5184 est
1274 5131 1457 5201 lingua
1499 5132 1718 5204 Spirans
1769 5136 2024 5195 ardorem

449 5222 801 5278 Atheniensis
855 5223 1026 5293 ignis;
1085 5225 1219 5295 ignis
1284 5226 1504 5297 inquam
1565 5230 1715 5296 cuius
1776 5241 2026 5287 naturam

448 5329 756 5384 pernoscere
787 5330 886 5367 non
925 5331 1156 5384 possum.
1190 5316 1387 5382 Quibus
1413 5321 1552 5374 enim
1584 5322 1786 5388 incidit,
1828 5325 2030 5380 deside-

448 5405 671 5482 rabilem
702 5423 756 5460 se
784 5423 895 5460 esse
925 5412 1180 5476 ostendit;
1220 5429 1311 5466 nec
1358 5416 1526 5484 magis
1560 5414 1694 5485 ignis
1736 5436 1898 5488 quam
1940 5438 2026 5475 ros

445 5500 526 5553 his
590 5509 863 5568 apparet;
908 5512 961 5554 ut
1009 5518 1285 5573 exa'quare
1340 5504 1522 5576 aliqua
1590 5520 1744 5579 parte
1791 5512 2036 5567 videatur

445 5591 795 5650 Chaldaicam
823 5596 1087 5665 fornacem
1120 5597 1184 5650 de
1209 5615 1312 5669 qua
1353 5601 1588 5655 novimus
1614 5604 1785 5674 ignem
1815 5619 1870 5659 ut
1897 5610 2038 5662 roris

440 5688 691 5763 spiritum
745 5689 948 5760 aﬂlasse
998 5692 1199 5748 divinos
1244 5711 1452 5764 pueros.
1509 5696 1651 5752 Talis
1697 5716 1760 5753 ea:
1810 5717 1900 5755 ore
1948 5711 2036 5759 tuo

1647 198 2048 263 THEODORI
2086 201 2493 265 PRODROMI

3609 215 3748 283 i288

2064 325 2111 383 Α
2142 317 2277 388 πῦρ,
2309 318 2547 374 τοιοῦτοι
2572 318 2631 374 δὲ
2661 320 2771 376 ἀπὸ
2799 322 2898 395 τῆς
2928 323 3180 398 γλώττης
3209 327 3439 394 δξαίσιοι
3463 337 3744 404 κεραυνοίο

2145 412 2226 481 Τῇ
2269 411 2370 482 μὲν
2396 410 2490 466 οῦν
2521 417 2793 488 παροιμίᾳ
2829 418 2902 490 μὴ
2937 419 3071 492 πυρὶ
3103 421 3216 492 πῦρ
3267 423 3501 494 ἐπάγειν
3551 426 3704 480 δοκεῖ
3725 441 3739 454 ·

2145 504 2257 574 ἐγὼ
2282 506 2328 559 δ’
2372 507 2631 572 ἐναντίως
2675 510 2708 582 ἦ
2764 512 2950 583 ἐκείνη
3005 513 3279 583 βούλεται,
3340 517 3512 591 φαίην
3544 520 3611 573 ἄν
3645 535 3746 573 σου

2148 597 2284 667 πρὸς
2324 595 2422 669 τὴν
2469 599 2640 671 σοφὴν
2704 600 2960 669 γλῶσσαν
2990 607 3088 660 καὶ
3135 610 3404 680 κεφαλὴν,
3459 613 3596 681 πυρὶ
3630 610 3750 683 πῦρ

2146 691 2342 761 ἔπαγε,
2373 695 2468 748 καὶ
2518 697 2833 769 πρηστῆρσι
2868 702 2987 771 (sic)
3021 708 3346 779 πρηστῆρας
3391 708 3743 780 προσ-τίθεσο.

2145 785 2261 856 Οὐχ
2312 786 2694 860 άφθησόμεθα,
2759 792 2834 866 μὴ
2872 795 3060 861 δέδιθι,
3122 800 3184 853 οὐ
3244 801 3742 874 πυρπολησόμεθα,

2143 878 2618 951 δροσισθησόμεθα
2671 887 2768 938 καὶ
2827 889 2962 942 πολὺ
3000 880 3163 945 πλέον
3215 894 3312 947 καὶ
3351 896 3750 966 ἀναψυχθησόο

2149 968 2315 1060 μεθα,
2374 970 2450 1033 ὡς
2517 972 2630 1027 είθε
2689 977 2784 1030 καὶ
2823 979 2852 1031 ὁ
2903 979 2998 1033 τοῦ
3057 985 3388 1055 γράμματος
3447 990 3746 1060 κομιστής.

2158 1056 2318 1112 Ἀλλὰ
2353 1060 2429 1131 μὴ
2475 1065 2557 1126 είς
2617 1068 2832 1136 μακρόν
2866 1087 2929 1137 γε
2972 1075 3048 1144 μὴ
3081 1068 3125 1127 ὦ
3166 1076 3303 1145 πρὸς
3361 1078 3474 1131 τῶν
3511 1056 3745 1150 βίϐλων.

2149 1152 2419 1224 Ἐῤῥωσω
2452 1156 2590 1229 (sic).

2657 1278 2776 1345 κζ’.
2809 1311 2880 1322 -
2912 1281 2995 1348 Τῷ
3036 1284 3223 1352 αὐτῷ.

2218 1383 2290 1438 Σὺ
2333 1387 2431 1457 μὲν
2482 1390 2617 1458 ἡμῖν
2659 1393 2756 1455 τὰς
2801 1402 3130 1467 παρυπάτας
3163 1403 3252 1454 καὶ
3291 1403 3390 1468 τὰς
3416 1404 3654 1470 ὑπάτας,
3695 1407 3746 1456 εί

2150 1475 2331 1540 βούλει
2362 1479 2441 1542 δὲ,
2467 1482 2562 1535 καὶ
2605 1483 2704 1546 τὰς
2738 1489 2908 1556 νήτας
2936 1495 3028 1544 καὶ
3057 1499 3183 1558 τοὺς
3203 1495 3597 1566 ὑπερϐολαίους
3647 1501 3747 1554 καὶ

2147 1571 2245 1631 τὰς
2267 1570 2437 1641 λύρας
2465 1578 2561 1627 καὶ
2598 1578 2693 1642 τὰς
2745 1582 3006 1653 κιννύρας
3037 1587 3314 1657 ἐπίγραφε
3351 1592 3444 1644 καὶ
3474 1592 3573 1654 τὰς
3604 1609 3745 1660 χρυ-

2152 1662 2277 1726 σέας
2303 1664 2578 1732 γλὼσσας,
2612 1674 2704 1724 καὶ
2733 1669 2890 1739 αὖθις
2924 1678 3022 1740 τὰς
3065 1679 3475 1750 βροντοφώνους
3502 1699 3516 1714 ·
3551 1684 3744 1753 φιλίαν

2149 1755 2256 1828 γὰρ
2314 1760 2421 1813 κᾶν
2461 1763 2638 1835 τούτῳ
2692 1769 3040 1835 πρεσϐεύεις,
3088 1773 3197 1827 τῶν
3240 1778 3458 1833 οἰκείων
3491 1782 3742 1852 χαρίτων

2146 1854 2259 1912 τοῖς
2292 1853 2464 1921 φίλοις
2511 1859 2896 1930 κοινούμενον
2941 1865 3053 1935 ἐγὼ
3082 1867 3137 1922 δὲ
3157 1869 3332 1924 ταῦτα
3369 1874 3740 1942 παραλιπὼν,

2148 1945 2239 1996 καὶ
2288 1947 2505 2019 ἀπόχρη
2558 1954 2668 2024 γάρ
2723 1972 2825 2023 σοι,
2864 1957 3091 2026 μέλιττα
3116 1961 3346 2034 μούσης,
3382 1969 3521 2037 πρὸς
3552 1973 3739 2023 πᾶσαν

2147 2039 2506 2109 σεμνολογίαν
2535 2044 2606 2097 τὰ
2628 2047 2954 2119 πράγματα,
2996 2052 3173 2107 ἐκεῖνο
3195 2057 3289 2110 ἐπὶ
3318 2061 3403 2112 σοὶ
3441 2060 3502 2113 τὸ
3534 2079 3741 2132 παροι-

2151 2131 2348 2199 μιῶδες
2389 2138 2828 2206 προσφορὼτοιτα
2853 2143 3263 2218 μεταλήψομαι.
3290 2150 3364 2203 Τὸ
3387 2155 3542 2207 ποῖον
3566 2131 3739 2225 ipsi;

2145 2224 2220 2278 Τὸ
2255 2226 2461 2299 ἀναμὶξ
2489 2231 2743 2300 ἀγκύλων
2777 2234 3010 2302 ίπποτας
3032 2239 3458 2314 ἀποκρινοῦμαι.
3490 2248 3530 2299 Γ
3534 2224 3652 2311 ένος
3681 2251 3744 2304 δὲ

2146 2319 2196 2373 οἱ
2228 2320 2457 2390 άγκύλοι
2482 2325 2765 2395 φάλαγγος
2794 2330 3031 2402 πεζικῆς
3059 2333 3158 2398 τῆς
3185 2336 3418 2406 ἱππικῆς
3450 2345 3745 2414 προμαχό-

2151 2431 2333 2485 μενον.
2355 2415 2447 2488 Τῷ
2473 2418 2588 2474 δντι
2606 2421 2716 2493 γὰρ
2745 2423 2948 2493 ἀναμὶξ
2969 2427 3226 2494 ἀγκύλων
3252 2431 3361 2485 τῶν
3388 2436 3744 2506 πραγμάτων

2149 2507 2400 2579 στροφῶν
2455 2510 2548 2564 καὶ
2604 2514 2974 2584 σκολιοτίῖτων
3035 2520 3272 2586 ἱππότας
3317 2527 3430 2594 ὁρῶ
3482 2545 3578 2581 σου
3607 2532 3744 2595 τοὺς

2145 2594 2364 2665 λόγους,
2386 2597 2461 2663 ὡς
2486 2601 2585 2671 μὲν
2610 2603 2738 2657 ἰδεῖν
2796 2607 3085 2681 σοϐαροὺς,
3121 2610 3200 2676 ὡς
3236 2613 3290 2666 δὲ
3315 2615 3547 2686 δραμεῖν
3581 2635 3746 2692 ταχι-

2147 2689 2293 2754 νούς.
2364 2691 2506 2746 Ἀλλ’
2565 2695 2656 2749 ἐπὶ
2715 2698 2814 2767 μὲν
2848 2701 2958 2755 τῶν
3010 2708 3392 2775 στρατοπέδων
3446 2689 3737 2786 ἀταξίαν-ἡ

2144 2784 2373 2856 τοιαύτη
2419 2787 2532 2841 τῶν
2587 2788 2845 2856 ἀγκύλων
2890 2793 2985 2849 καὶ
3030 2797 3142 2853 τῶν
3195 2801 3443 2856 ἱπποτῶν
3477 2806 3739 2876 ἐμφαίνει

2146 2875 2387 2948 άναμιγή
2410 2890 2425 2908 ⁶
2481 2880 2574 2931 ὲπί
2611 2881 2670 2934 δέ
2723 2899 2816 2936 σου
2846 2886 2941 2939 καὶ
2973 2887 3183 2953 τάξεων
3223 2893 3324 2963 τὴν
3369 2895 3605 2967 ἀρίστην
3639 2902 3742 2954 καὶ

2150 2969 2630 3045 ύπερφυεστάτην.
2671 2976 2741 3029 Ἦ
2769 2977 2879 3048 γὰρ
2912 2971 2957 3032 ὦ
2998 2981 3127 3053 πρὸς
3155 2985 3262 3038 τῶν
3296 2987 3472 3055 λόγων
3503 2991 3566 3044 ού
3594 2993 3740 3062 πέρα

2069 3154 2115 3215 C
2151 3152 2289 3224 ignis
2319 3157 2530 3226 prodit;
2570 3160 2705 3215 talia
2740 3178 2804 3216 ex
2833 3170 2924 3220 tua
2951 3163 3134 3238 lingua
3161 3169 3459 3240 singularia
3486 3179 3737 3246 quedam

2143 3249 2394 3319 fulmina.
2418 3251 2586 3309 Juxta
2617 3258 2932 3324 parwmiam
2983 3262 3137 3316 illam
3167 3264 3301 3334 ignis
3325 3266 3438 3336 igni
3462 3270 3740 3327 addendus

2142 3358 2248 3397 non
2299 3345 2524 3401 videtur.
2574 3348 2687 3418 Ego
2741 3366 2864 3404 vero
2891 3355 3241 3418 contrarium,
3284 3373 3448 3426 quam
3481 3361 3578 3416 illa
3610 3381 3745 3433 par-

2140 3439 2295 3491 temin
2334 3439 2468 3504 vult,
2497 3441 2722 3497 dicerem
2758 3445 2821 3497 de
2848 3449 3088 3516 sapiente
3123 3447 3306 3520 lingua
3333 3463 3381 3506 et
3414 3465 3590 3510 mente
3619 3469 3738 3520 tua.

2139 3525 2289 3579 Adde
2338 3529 2449 3599 igni
2499 3532 2676 3601 ignem
2721 3542 2771 3587 et
2825 3534 3134 3603 fulminibus
3194 3540 3425 3610 fulmina
3482 3565 3738 3618 appone:

2139 3637 2244 3677 non
2275 3639 2512 3691 uremur,
2538 3642 2601 3679 ne
2631 3629 2778 3693 time,
2817 3645 2920 3683 non
2955 3632 3323 3692 incendemur.
3359 3637 3529 3696 Multo
3559 3655 3736 3699 autem

2139 3719 2309 3788 magis
2350 3735 2469 3773 rore
2501 3725 2883 3790 perfundemur
2911 3737 2960 3780 et
3011 3729 3489 3803 refrigerabimur;
3522 3741 3734 3797 utinam

2138 3811 2449 3868 tabellarius
2495 3817 2590 3870 hoc
2635 3818 2834 3887 faciat,
2868 3828 2916 3874 et
2944 3831 3026 3886 tu,
3065 3827 3143 3878 vir
3175 3826 3492 3896 doctissime,
3529 3851 3638 3888 rem
3682 3838 3738 3892 in

2139 3909 2358 3976 longum
2405 3923 2512 3961 non
2573 3912 2885 3980 protrahas,
2938 3916 3045 3969 sive
3096 3916 3166 3970 ad
3225 3921 3387 3975 libros
3449 3929 3734 3987 amandas.

2142 3996 2289 4055 Vale.

2686 4095 2826 4154 XVI.
2856 4131 2929 4140 ——
2958 4103 3176 4161 Eidem.

2210 4206 2284 4262 Tu
2310 4207 2520 4278 quidem
2561 4210 2708 4264 nobis
2754 4214 2997 4271 inscribis
3037 4223 3300 4290 supremis
3351 4224 3562 4280 exordis
3598 4229 3735 4282 viei-

2138 4319 2238 4359 nas
2284 4313 2333 4359 et
2386 4321 2663 4376 supremas
2690 4311 2737 4363 si
2779 4313 2853 4366 vis
2881 4322 2933 4367 et
2976 4317 3188 4382 infimas
3228 4331 3275 4374 et
3320 4323 3657 4382 acutissimas
3686 4344 3735 4388 et

2139 4394 2283 4465 lgras
2314 4406 2361 4452 et
2393 4399 2627 4456 citharas
2673 4410 2722 4457 et
2752 4405 2969 4462 titulum
3016 4411 3161 4465 nobis
3202 4431 3410 4486 appone
3442 4436 3734 4476 aureorum

1909 4486 2036 4541 par—
2069 4556 2111 4580 ἢ
2141 4490 2453 4560 linguarum
2511 4503 2560 4547 et
2594 4511 2807 4551 rursum
2849 4515 3032 4554 vocum
3081 4505 3306 4561 tonitru.
3361 4511 3491 4564 Herc
3521 4517 3732 4580 quidem

446 4556 654 4626 tieipem
705 4553 824 4622 ﬁeri
879 4570 1041 4623 quam
1079 4555 1230 4608 mali.
1285 4554 1530 4611 Gaudeat
1572 4573 1696 4630 ergo
1741 4577 1886 4615 meus
1943 4570 2034 4614 tua
2069 4556 2112 4612 υ

2143 4596 2456 4640 ornamenta
2487 4597 2581 4644 tua
2608 4599 2729 4644 sunt
2754 4608 2774 4657 ;
2830 4595 3123 4650 amicitiam
3151 4606 3328 4653 autem
3359 4603 3437 4655 sic
3463 4603 3749 4672 declaras,

2141 4679 2454 4736 domesticas
2507 4683 2735 4738 charites
2781 4701 2900 4740 cum
2943 4691 3125 4746 amicis
3169 4697 3587 4753 communicans.
3620 4701 3731 4772 Ego

2141 4775 2251 4828 hau:
2299 4773 2540 4843 linquens
2574 4777 2786 4851 (etenim
2816 4781 3002 4851 sufﬁcit
3044 4786 3136 4838 tibi
3172 4789 3287 4857 apis
3326 4806 3489 4844 musa
3523 4801 3629 4846 tum
3662 4796 3732 4849 ad

2141 4870 2373 4937 graviter
2394 4886 2729 4939 quascunque
2757 4889 2839 4926 res
2866 4876 3195 4943 tractandas}
3223 4879 3375 4933 illam
3404 4887 3725 4949 parirmiarn

2146 4960 2234 5011 tibi
2279 4963 2829 5020 convenientissimum
2876 4968 3159 5038 accipiam.
3206 4972 3334 5035 Qum
3361 4991 3423 5027 ea
3457 4977 3577 5028 est?
3626 4977 3728 5031 Re-

2142 5055 2460 5120 spondemus
2489 5054 2653 5107 simul
2683 5056 2894 5126 ancylas
2923 5065 2972 5109 et
3005 5059 3218 5128 equites.
3254 5061 3390 5116 Sunt
3418 5077 3597 5120 autem
3634 5087 3731 5122 an-

2142 5141 2280 5211 cyles
2325 5158 2489 5213 genus
2537 5146 2792 5213 pedestris
2826 5149 3108 5221 phalangis
3152 5154 3293 5221 quod
3329 5171 3447 5209 cum
3486 5162 3728 5228 equitatu

2139 5247 2361 5305 pugnat.
2408 5238 2536 5294 Vere
2581 5242 2721 5294 enim
2759 5260 2866 5296 una
2902 5259 3021 5298 cum
3070 5248 3343 5319 ancylibus
3395 5253 3728 5321 negationem

2135 5333 2515 5402 impleveram,
2580 5346 3057 5408 tortuosorumque,
3114 5345 3268 5412 quasi
3323 5349 3524 5414 equites
3577 5349 3727 5402 video

2137 5429 2405 5482 orationes
2451 5437 2594 5493 tuas,
2632 5430 2881 5486 sublimes
2916 5444 3151 5504 aspectu,
3182 5453 3336 5490 cursu
3380 5439 3596 5496 veloces.
3626 5443 3730 5498 Sed

2138 5530 2336 5590 prater
2389 5523 2584 5592 pedites
2617 5542 2830 5594 sparsos
2873 5529 2926 5582 hi
2960 5529 3173 5600 aneyles
3227 5542 3275 5586 et
3330 5535 3527 5602 equites
3573 5539 3727 5593 mixti

2141 5624 2424 5684 apparent,
2483 5618 2737 5671 nimirum
2790 5628 2985 5690 praeter
3027 5632 3148 5677 tuas
3197 5625 3424 5694 optimas
3463 5627 3726 5683 excellen~

2142 5708 2474 5764 tissimasaue
2525 5719 2753 5779 turmas,
2800 5711 3063 5769 hominem
3123 5715 3355 5776 profecto
3419 5720 3570 5775 video
3619 5738 3722 5780 non
