3948 6210
616 378 757 443 1335

610 489 721 550 Καὶ
755 492 990 553 συνελὼν
1022 498 1108 563 τίς
1137 501 1235 573 τὴν
1265 502 1391 557 καθ’
1423 506 1565 577 ἡμᾶς
1596 508 1785 564 οὐσίαν

605 584 796 651 Σοφῶς
820 588 1062 663 κυδερνᾷ
1090 592 1189 663 τὴν
1224 594 1761 672 πολυτροπωτὰτηνς

604 682 725 736 Κᾶν
750 680 847 745 τὴν
878 680 1228 757 Ἐπικούριον
1254 690 1580 764 ἀδολεσχίαν

602 774 811 848 Λέληθε
833 777 1028 843 ταῦτα,
1065 780 1267 855 καίπερ
1290 785 1351 839 οὗ
1380 784 1567 841 λαϐεῖν
1594 787 1737 842 δέον.

602 870 665 923 El
702 870 815 942 γὰρ
845 871 972 942 μίαν
995 872 1160 936 ἵππος
1183 871 1265 941 εἷς
1294 878 1502 950 φθορὰν
1534 880 1699 936 πάθοι

604 960 789 1034 Χωρὶς
818 964 1057 1036 χαλινῶν
1078 970 1170 1021 καὶ
1197 970 1533 1043 κυϐερνήτου
1556 974 1699 1045 δίχα,

602 1056 711 1108 Καὶ
748 1058 847 1128 τὴν
874 1060 974 1129 μὲν
1005 1061 1303 1129 εἰσδέξαιτο
1332 1066 1550 1128 πόντιος
1580 1067 1822 1137 δράκων,

600 1149 703 1202 ἐ’ὸν
735 1147 790 1205 δὲ
824 1152 1095 1221 σφαλέντα
1123 1155 1227 1227 θὴρ
1267 1157 1597 1230 χαραδραῖος
1635 1163 1826 1231 φάγοι·

598 1242 723 1306 Πῶς
757 1243 824 1298 ἂν
849 1245 1221 1319 ἀκυϐέρνητον
1248 1252 1393 1305 εἴποι
1419 1254 1495 1324 μὴ
1530 1254 1714 1323 μένειν

598 1334 671 1386 Τδ
702 1338 968 1407 κοσμικέιν
998 1340 1274 1412 πλήρωμα
1301 1345 1399 1413 τὴν
1431 1346 1610 1399 πᾶσαν
1641 1346 1850 1413 κτίσινς

594 1426 709 1481 ὒύκ
730 1429 909 1499 ἀγνοῶ
932 1429 1045 1499 οὖν,
1077 1434 1152 1498 ὡς
1188 1436 1499 1506 προείρηκα
1530 1438 1758 1507 φθάσας,

605 1512 697 1581 Ὦς
723 1521 1013 1592 κριμάτων
1045 1525 1281 1587 ἄϐυσσος
1312 1531 1371 1580 ὲν
1403 1528 1509 1594 σοὶ,
1542 1530 1748 1598 Χριστέ
1778 1547 1882 1599 μου
1904 1548 1919 1560 ’

594 1610 740 1682 Πλὴν
765 1614 841 1677 ei;
868 1613 943 1667 τὸν
958 1615 1121 1686 βάθος
1148 1619 1205 1671 ού
1233 1619 1531 1692 δυνάμενος
1559 1622 1781 1693 βλέπειν

596 1705 704 1759 Καὶ
732 1708 856 1773 τοὺς
884 1710 1116 1766 ἑκάστου
1143 1718 1387 1770 συννοεῖν
1414 1718 1694 1786 κρυπτοὺς
1716 1719 1957 1790 τρόπους

593 1796 735 1872 Πρὸς
760 1802 887 1867 τοὺς
916 1805 1193 1871 κυλίνδους
1212 1810 1451 1880 ἄχθομαι
1479 1811 1585 1865 τῶν
1620 1813 1987 1882 πραγμάτων,

592 1894 701 1947 Καὶ
722 1893 1059 1968 δυσχεραίνω
1088 1898 1186 1963 τὰς
1209 1902 1466 1971 νεμήσεις
1496 1901 1603 1956 τῶν
1635 1903 1789 1974 βίων.

592 1978 664 2037 Ἥ
698 1984 815 2053 πῶς
847 1989 876 2041 6
904 1990 1128 2055 τέκτων,
1162 1993 1189 2043 ὁ
1210 1994 1470 2062 κναφεὺς,
1493 1996 1521 2047 ό
1551 1995 1804 2067 λατόμος,

1806 400 2202 466 THEODORI
2244 406 2652 474 PRUDROMI

2217 524 2259 574 Α
2294 520 2635 589 Σκαπανέως,
2657 528 2951 597 πρόσωπον
2980 532 3263 601 αἴσχιστον
3292 534 3495 604 φέρων,

2287 617 2500 686 Ἀῖδρις
2537 620 2617 682 είς
2652 620 2759 674 πᾶν
2780 620 2891 677 τῶν
2928 623 3115 678 καλῶν
3141 626 3235 678 καὶ
3258 625 3483 693 τιμίων,

2284 710 2393 762 Καὶ
2420 710 2546 779 μηδ’
2571 712 2719 777 ὅπως
2752 715 3013 786 κνήσαιτο
3034 716 3331 785 γινώσκειν
3356 718 3523 789 ἔχων,

2282 801 2434 853 ιῐιεῖν
2466 802 2734 874 διδαχθεὶς
2758 806 2849 861 καὶ
2887 807 3226 879 μεθυσθῆναι
3264 809 3428 880 μόνον

2284 896 2354 948 Ἢ
2384 898 2476 951 καὶ
2500 900 2773 967 φαγέσθαι
2798 901 2909 954 τῶν
2940 903 3274 957 Σελευκίδων
3302 903 3486 969 πλέον,

2292 989 2381 1040 Ἐν
2410 990 2488 1059 τῷ
2514 989 2694 1044 λαλεῖν
2718 991 2774 1046 δὲ
2806 994 2999 1047 σιέλων
3037 996 3177 1066 χέων
3200 995 3415 1061 πίθους,

2293 1080 2534 1142 Ἐκεῖνος
2562 1079 2717 1147 οὗτος
2738 1084 2969 1157 εὐπορεῖ
3004 1087 3101 1158 μὲν
3136 1087 3409 1158 ἀργύρου,

2280 1174 2450 1235 Ὄλας
2477 1175 2534 1230 δὲ
2566 1176 2819 1243 πλίνθους
2846 1178 3124 1236 ἑνδέδυται
3148 1182 3397 1252 χρυσίου,

2277 1268 2468 1335 Κτίξει
2494 1270 2550 1325 δὲ
2576 1269 2838 1343 λαμπρὰς
2865 1272 3043 1337 οἰκίας
3075 1275 3502 1344 χρυσοστὲγους,

2277 1361 2493 1417 Ἵππων
2518 1363 2575 1417 δὲ
2602 1365 2826 1436 γαυρῶν
2850 1365 3049 1435 ἀγέλας
3068 1367 3193 1430 ὅλας
3221 1366 3416 1438 τρέφει

2287 1455 2381 1508 Ἐκ
2406 1454 2677 1526 Θετταλῆς
2697 1457 2805 1528 γῆς
2835 1459 2929 1512 καὶ
2958 1457 3138 1513 πέδων
3177 1459 3505 1531 Ἀρῤασίας,

2272 1546 2504 1618 Χρυσοτς
2530 1547 2587 1602 δὲ
2608 1548 2831 1613 τούτους
2860 1550 3163 1615 ινστολίζει
3196 1550 3489 1623 φαλάροις,

2271 1640 2609 1711 Προέρχεται
2643 1642 2700 1697 δὲ
2724 1642 2826 1713 τῆς
2856 1644 3137 1715 λεωφόρου
3173 1644 3343 1713 μέσον

2280 1734 2418 1787 Ὑπὸ
2450 1740 2803 1808 προπομποῖς
2839 1736 3085 1809 ἀρχικῶς
3114 1735 3475 1806 ὲσταλμίνος,

2199 1868 2239 1922 Β
2271 1827 2379 1881 Καὶ
2417 1831 2828 1897 προσκυνεῖται,
2856 1828 2952 1884 καὶ
2982 1826 3119 1883 Θεοῦ
3163 1829 3331 1900 τιμὴν
3363 1828 3500 1901 ἔχει.

2277 1918 2471 1981 Ἄλλος
2505 1919 2560 1973 δὲ
2595 1921 2819 1991 σεμνὸς,
2853 1921 3081 1993 εὐγενὴς
3114 1923 3224 1975 τῶν
3248 1922 3305 1989 ἐξ
3335 1922 3436 1988 ἔω,

2271 2010 2453 2075 Καλὸς
2483 2014 2581 2081 μὲν
2613 2008 2773 2079 εἶδος,
2800 2012 3037 2067 καλλίων
3070 2013 3128 2067 δὲ
3147 2013 3237 2067 τὸν
3273 2013 3411 2085 βίον,

2270 2105 2459 2173 Λόγων
2494 2105 2742 2179 μαθητὴς
2778 2109 2871 2162 καὶ
2902 2107 3223 2171 διδάσκαλος
3256 2107 3431 2176 λόγων

2269 2199 2622 2271 Πανημὲριος
2642 2199 2987 2271 ἐνσχολάζων
3017 2204 3137 2265 ταῖς
3166 2200 3397 2272 βίϐλοις,

2270 2292 2556 2348 Παίδευσιν
2586 2292 2775 2348 ἀσκῶν
2797 2295 2892 2349 καὶ
2917 2292 3144 2367 τρυφῶν
3180 2295 3241 2349 τὸ
3278 2294 3597 2367 μανθάνειν,

2278 2386 2548 2451 Ἀνέστιος
2576 2386 3061 2457 πρόεισιν,ἄθλιος,
3091 2388 3285 2459 πένης,

2263 2477 2414 2549 Μηδὶ
2440 2480 2678 2550 τρύφους
2708 2479 2841 2549 γοῦν
2873 2479 3123 2551 εὐπορῶν
3150 2479 3435 2549 πιτυρίου’

2264 2572 2380 2641 Τῆς
2413 2573 2614 2642 ἀρετῆς
2650 2572 2707 2627 δὲ
2741 2572 2893 2642 φίλος
2916 2572 2991 2628 ὢν
3012 2573 3240 2626 καὶτῶν
3276 2571 3458 2641 λόγων

603 2076 659 2131 ’0
682 2077 1038 2153 βυρσοδέψης,
1066 2085 1093 2136 6
1121 2084 1371 2152 σκυτεὺς,
1404 2088 1431 2139 ὁ
1454 2087 1717 2159 γηπόνος,

596 2168 657 2223 ’0
680 2170 865 2235 λοιπὸς
885 2173 1041 2244 δχλος
1060 2175 1161 2243 τῆς
1194 2175 1514 2248 βαναυσίδος
1546 2181 1716 2252 τύχης
1724 2222 1738 2244 ν

587 2260 775 2330 Σοφῶν
808 2261 911 2334 μὲν
935 2264 1168 2335 ἀνδρῶν,
1192 2266 1303 2320 τῶν
1328 2269 1501 2337 γενῶν
1531 2268 1588 2322 δὲ
1626 2269 1871 2341 κοσμίων

596 2352 686 2418 Ὠς
724 2353 989 2430 δεσπότης
1020 2346 1237 2429 ἄρξειεν
1264 2350 1594 2429 ὀίκετιδίων,

585 2446 697 2501 Καὶ
727 2447 820 2503 νῦν
846 2450 945 2519 μὲν
976 2451 1282 2523 ἐντρίψειεν
1302 2454 1488 2516 αὐτοῖς
1514 2454 1827 2520 κονδύλους,

545 2607 551 2613 ,
582 2536 701 2591 Νῦν
726 2537 770 2592 δ’
796 2540 856 2604 ἔξ
884 2540 1097 2615 ἁμάξης
1128 2543 1330 2617 ὑϐριοί,
1363 2546 1426 2602 τὸ
1456 2546 1550 2600 τοῦ
1581 2545 1781 2616 λόγου;

582 2632 695 2686 Καὶ
726 2630 809 2697 τίς
838 2635 937 2705 μὲν
957 2636 1231 2706 ὀψόπωλιν
1259 2639 1444 2710 αὐχῶν
1474 2640 1711 2713 μητέρα,

586 2720 656 2776 Ἣ
693 2724 822 2793 γοῦν
844 2727 1205 2797 όπωρόπωλιν
1236 2729 1268 2801 ἦ
1306 2730 1604 2801 καπηλίδα,

584 2819 694 2873 Καὶ
729 2821 935 2891 πατρὸς
964 2823 1079 2889 υίὸς
1111 2826 1398 2896 τυγχάνων
1421 2825 1708 2897 ἀνωνύμου

581 2914 756 2986 Τυχὸν
783 2916 954 2983 ξύλων
978 2919 1240 2992 ἄρχοντος
1267 2920 1300 2992 ἢ
1335 2918 1508 2986 ξύλων
1539 2922 1770 2992 πράτου,

580 3009 650 3064 Ἣ
674 3010 781 3064 τῶν
810 3012 912 3066 ὅσα
937 3013 1124 3084 πρίαιο
1146 3016 1238 3068 καὶ
1276 3034 1302 3069 τ
1309 3016 1571 3086 ριωδόλου

592 3103 875 3175 Ἀγροῖκος
908 3104 1047 3178 ἀνὴρ
1084 3110 1179 3162 καὶ
1208 3108 1484 3179 προσῆκον
1518 3107 1759 3179 βλαυτίῳ

2264 2666 2399 2721 Οὐδὲ
2435 2665 2701 2738 βραχείας
2730 2667 2952 2737 εὐτυχεῖ
2976 2668 3146 2737 τιμῆς
3180 2669 3347 2737 μέρος
3366 2682 3384 2696 ’

2263 2760 2581 2826 Τωθάζεται
2612 2761 2668 2815 δὲ
2692 2762 2788 2815 καὶ
2814 2759 3074 2814 διώκεται
3098 2759 3282 2828 πλέον,

2262 2855 2328 2909 Τί
2357 2854 2431 2926 μὴ
2460 2855 2521 2909 τὸ
2558 2854 2781 2909 πάντων
2812 2852 3184 2924 δυσθεώτερον
3214 2851 3397 2922 λέγως

2262 2944 2337 3000 οὐ
2377 2948 2488 3018 γὰρ
2520 2944 2781 3017 ἀποχρῶν
2811 2948 2922 3009 τοῖς
2943 2947 3144 3007 κοινοῖς
3167 2943 3421 2998 πλουτεῖν
3470 2939 3625 3014 μόνον

2272 3040 2364 3092 Ἐν
2395 3040 2563 3094 πᾶσιν
2585 3038 2768 3101 ἄλλοις
2788 3040 2902 3104 τοῖς
2930 3038 3147 3093 δοκοῦσι
3169 3036 3403 3105 τιμίοις,

2272 3130 2434 3185 Ἀλλὰ
2469 3128 2893 3203 προαρπὰζουσι
2929 3128 3116 3183 καὶτὰ
3146 3126 3355 3200 piata,

2183 3240 2226 3299 (Σ

2256 3313 2367 3371 Nec
2395 3314 2607 3369 scabere
2634 3314 2735 3368 rite
2758 3312 2980 3376 doctus:
3010 3310 3104 3365 hoc
3130 3306 3323 3372 solum,
3348 3316 3557 3377 gravem

2260 3404 2439 3459 Poclis
2469 3405 2718 3476 saginam
2748 3402 3000 3457 belluinis
3034 3400 3246 3455 tendere

2259 3500 2329 3555 Et
2358 3499 2588 3554 helluari
2612 3497 2733 3569 plus
2757 3496 3088 3553 Seleucidum
3121 3493 3271 3566 gula,
3343 3532 3346 3535 λ

2268 3591 2447 3647 Verbis
2472 3592 2657 3646 saliva:
2683 3588 2825 3645 dolia
2846 3604 3056 3645 vomens
3084 3584 3330 3658 singulis,

2258 3684 2312 3740 Is
2351 3684 2445 3740 ille
2480 3684 2688 3739 abunde
2710 3691 2887 3737 servat
2927 3682 3137 3752 argenti
3162 3678 3339 3743 domo,

2258 3775 2326 3829 Et
2353 3792 2472 3849 sepe
2493 3776 2695 3829 cinctus
2726 3788 2858 3827 auro
2885 3771 3123 3827 ambulat
3153 3771 3281 3841 foris
3344 3804 3347 3807 -

2258 3868 2507 3939 Meroque
2534 3867 2595 3920 ab
2624 3882 2756 3920 auro
2773 3864 3081 3937 splendidas
3106 3862 3240 3918 atdes
3264 3856 3423 3927 colit;

2260 3959 2454 4032 Greges
2477 3975 2732 4032 equorum
2762 3959 2928 4030 pascit
2954 3960 3034 4014 hic
3055 3953 3320 4013 curulium

2256 4054 2361 4106 Ant
2392 4052 2568 4105 Arabe
2593 4068 2780 4121 campo
2800 4060 2894 4104 aut
2928 4048 3181 4105 Thessala
3210 4058 3352 4102 terra
3376 4058 3548 4112 satos;

2257 4146 2506 4201 Phaleris
2540 4146 2605 4200 ab
2629 4162 2761 4199 auro
2780 4146 2935 4199 comit
2968 4146 3060 4199 hos
3090 4142 3444 4215 fulgentibus;

2260 4240 2382 4295 Alta
2406 4258 2500 4312 per
2536 4240 2718 4294 urbem
2746 4241 2948 4309 primus
2976 4237 3167 4292 incedit
3203 4238 3379 4308 gradu

2260 4334 2501 4403 Stipatus
2526 4348 2657 4386 auro
2685 4342 2733 4383 et
2752 4328 3278 4385 anteambulonibus:

2255 4421 2447 4477 Divina
2470 4426 2665 4480 honore
2693 4423 2834 4497 plebs
2862 4422 3051 4476 adorat
3085 4422 3375 4492 turgidum.

2260 4513 2450 4571 Gravis
2475 4518 2565 4571 sed
2585 4516 2721 4571 alter
2746 4514 2855 4570 sole
2888 4514 2951 4571 ab
2982 4516 3183 4569 oriente
3219 4514 3464 4584 inclytus,

2185 4606 2229 4660 ι)
2263 4605 2565 4679 Formoque
2595 4609 2927 4678 moribusque
2955 4606 3403 4675 commendabilis,

2260 4703 2529 4759 Doctrina:
2557 4714 2770 4759 amator
2792 4704 2973 4757 doctor
2992 4704 3104 4773 ipse
3126 4701 3337 4769 nobilis,

2266 4797 2497 4850 Diurnus
2532 4803 2580 4850 et
2614 4804 2904 4849 nocturnus
2944 4795 3248 4850 incumbens
3273 4795 3439 4861 libris,

2263 4888 2365 4955 Qui
2386 4888 2786 4959 disciplinarum
2817 4889 3052 4943 omnium
3087 4898 3270 4941 nectar
3290 4888 3437 4954 bibit,

2270 4982 2480 5052 Pauper
2516 4984 2808 5052 miseroque
2834 4980 3024 5035 viduus
3054 4980 3245 5034 insedit
3276 4980 3413 5050 foco,

2260 5072 2366 5131 Nec
2391 5074 2590 5143 frustra
2616 5076 2773 5145 panis
2804 5072 3005 5128 abunde
3042 5075 3236 5128 habens
3265 5073 3481 5128 cibarii:

2267 5170 2477 5222 Virtutis
2508 5167 2598 5221 ille
2624 5170 2825 5222 amicus
2855 5178 2903 5221 et
2927 5168 3206 5237 sapientia:

2260 5262 2367 5316 Nec
2399 5262 2675 5315 minimam
2698 5262 2909 5315 honoris
2931 5259 3091 5313 debiti
3120 5269 3323 5331 partem
3358 5262 3534 5314 obtinet
3562 5274 3584 5313 :

2264 5355 2461 5409 Sannis
2495 5354 2686 5423 petitus
2721 5353 2951 5420 undique
2974 5352 3204 5422 exigitur
3235 5354 3399 5420 foras.

2264 5446 2336 5499 Et
2366 5447 2493 5517 quid
2534 5446 2815 5499 tacebimus
2851 5445 3087 5498 omnium
3128 5441 3576 5516 indignissimum}

2263 5536 2388 5593 Rern
2427 5539 2625 5608 factam
2662 5538 2852 5592 habere
2882 5538 3087 5592 vanitas
3116 5554 3208 5591 nec
3239 5539 3314 5591 sic
3335 5546 3475 5609 putat

2263 5632 2585 5688 (Ilarissimis
2622 5632 2825 5685 abunde
2861 5632 3142 5685 honoribus
3169 5630 3299 5701 frui,

2264 5727 2446 5781 Libros
2479 5727 2577 5779 nisi
2605 5727 2742 5794 ipsos
2774 5727 2983 5794 auferat
3017 5733 3072 5778 ut
3104 5727 3339 5783 inutiles.

2263 5819 2306 5878 Ο
2333 5838 2539 5874 summa
2570 5822 2727 5890 pestis
2757 5821 2774 5873 !
2804 5820 3028 5873 vestibus
3054 5821 3373 5893 sapientiam

2267 5911 2529 5983 Spoliabit
2562 5913 2680 5967 auri
2705 5913 2883 5987 fulgor
2910 5914 3273 5982 impiissimum

578 3280 833 3347 Summa,
866 3286 983 3357 quis
1021 3302 1227 3343 omnem
1255 3287 1439 3361 dirigit
1474 3288 1822 3343 substantiam

576 3374 828 3448 Propter,
867 3395 1055 3451 supra,
1086 3381 1231 3452 infra
1256 3399 1350 3437 nos
1380 3383 1648 3438 volantem
1672 3381 1988 3438 mirimode?

575 3465 839 3537 Epicurus
866 3472 977 3525 haec
1005 3472 1052 3528 si
1080 3483 1414 3545 prcestupore
1440 3492 1543 3529 non
1574 3476 1734 3539 videt,

574 3558 736 3615 Nobis
764 3562 991 3619 videnda
1022 3572 1145 3621 sunt
1179 3576 1355 3621 tamen
1381 3564 1698 3623 clarissime.

574 3650 774 3724 Nempe
812 3672 919 3711 una
951 3659 1121 3725 navis,
1154 3674 1290 3713 unus
1322 3666 1377 3713 at
1410 3670 1588 3730 pereat
1616 3659 1756 3713 male

576 3752 781 3825 Equus,
800 3758 909 3811 haec
936 3761 1189 3830 magistro
1205 3759 1371 3827 nuda,
1403 3760 1565 3833 frenis
1595 3762 1895 3827 hiccarens,

574 3844 731 3899 lianc
759 3846 944 3918 glutiet
983 3852 1221 3906 marinus
1247 3851 1302 3906 in
1325 3851 1636 3907 barathrum
1672 3853 1856 3918 draco,

578 3937 729 3992 Hunc
757 3949 914 3994 nacta
940 3939 1079 3996 silvis
1117 3941 1317 3997 lacerat
1355 3959 1597 3999 erronem
1624 3945 1762 4016 fera.

575 4028 811 4087 Rectoris
841 4048 1025 4103 expers
1055 4035 1314 4105 quomodo
1337 4036 1519 4109 ingens
1555 4041 1800 4096 machina

573 4124 721 4181 Potis
746 4128 975 4183 universi
1012 4137 1157 4184 stare
1185 4138 1392 4186 natura:
1416 4130 1643 4186 ordine?

576 4216 699 4273 Non
722 4220 893 4275 nescio
920 4237 1042 4293 ergo
1069 4231 1125 4278 ut
1156 4232 1280 4277 ante
1307 4223 1524 4287 dictum.
1553 4224 1757 4281 Christe
1785 4225 1878 4293 mi,

575 4314 728 4380 Quod
761 4333 908 4388 gaza:
940 4318 1157 4388 abyssus
1190 4326 1239 4371 te
1262 4334 1414 4389 penes
1438 4322 1505 4374 sit
1533 4321 1721 4376 caeliae
1749 4337 1768 4387 ;

572 4415 733 4485 Atqui
763 4414 1025 4485 profunda
1063 4423 1233 4468 mente
1271 4432 1387 4470 cum
1434 4432 1688 4488 nequeam
1725 4418 1870 4491 sequi

570 4505 1013 4578 Absconditosque
1036 4524 1186 4562 nosse
1210 4524 1385 4563 rerum
1423 4508 1686 4577 cardines,

572 4596 799 4653 Molesta
828 4616 908 4653 me
932 4599 1143 4654 divexat
1164 4600 1457 4673 indignatio

570 4690 751 4747 Divisa
784 4694 903 4747 vita
931 4700 1262 4747 contuentem
1291 4694 1495 4749 munia.

570 4782 709 4837 Nam
740 4800 841 4853 quo
876 4784 1023 4853 faber
1053 4782 1302 4854 lapicida,
1335 4795 1482 4839 sutor
1514 4788 1731 4845 rusticus

574 4875 840 4947 Fulloque
873 4875 1130 4951 pellioque
1158 4875 1282 4947 faece
1304 4894 1422 4931 cum
1452 4877 1596 4949 popli

578 4969 647 5023 Et
674 4969 1011 5025 sordidarum
1040 4971 1445 5042 disciplinarum
1478 4972 1696 5027 adseclis

581 5062 918 5136 Sapientibus
953 5062 1297 5121 dominantur
1328 5075 1485 5136 atque
1517 5061 1841 5134 illustribus,

583 5156 799 5220 Emptos
828 5167 882 5210 ut
909 5158 1046 5211 inter
1078 5155 1305 5225 imperat
1337 5175 1511 5212 servos
1542 5159 1695 5213 herus

575 5246 840 5321 lnjurioso
870 5249 1179 5318 vapulantes
1210 5250 1429 5322 condylo

578 5340 1077 5413 Plaustralibusque
1104 5343 1316 5413 impune
1348 5343 1498 5399 dictis
1530 5346 1801 5415 perditos?

580 5435 1074 5506 Circumforaneam
1099 5434 1182 5489 hic
1209 5439 1426 5508 adeptus
1456 5440 1731 5510 conjugcm

575 5530 863 5599 Copamve,
918 5532 1085 5598 patris
1122 5532 1230 5603 ipse
1255 5533 1421 5603 plebei
1443 5550 1624 5603 genus.

582 5622 676 5677 Vel
708 5623 964 5679 institoris
1002 5627 1184 5679 mercis
1207 5626 1350 5680 haud
1385 5623 1595 5680 trioboli

573 5715 683 5771 Rus
715 5718 825 5786 ipse
853 5716 1104 5783 crudum,
1133 5716 1269 5787 lixa,
1301 5719 1595 5774 calcearius

575 5804 875 5863 Fadissimi
907 5810 1117 5877 fossoris
1150 5829 1205 5866 os
1231 5813 1625 5882 spurcissimam

578 5896 785 5973 Expers
821 5902 1046 5973 honesti,
1078 5904 1252 5959 laudis
1284 5906 1648 5976 ignavissimus

3700 424 3798 493 1336
