4054 6210
369 367 504 434 1337
1524 368 1850 436 SCRIPTA
1877 371 2447 442 MISCELLANEA.

370 491 463 555 Ὧς
492 488 686 561 κτῆσιν
715 489 913 563 ἀργὴν¹
946 491 989 545 ὼ
1031 490 1297 564 μεγίστης
1330 490 1537 564 ζημίας
1568 492 1581 547 i

363 582 473 635 Καὶ
503 580 809 636 λωποδυτεῖ
839 583 967 647 τοὺς
988 582 1185 650 λόγους
1217 582 1278 638 τὺ
1311 582 1559 655 χρυσίον.

366 674 571 745 Ὄμοιί
600 674 800 741 πόσους
833 674 1072 748 ἔρῤευσα
1105 676 1364 749 δακρύων
1394 676 1590 743 πίθους

383 764 531 820 Ἰδὼν
563 768 763 837 σοφοὺς
793 768 892 838 μὲν
920 769 976 821 ὲν
1004 769 1156 841 μέσῳ
1185 768 1447 841 συνεδρίῳ

361 858 677 924 Λαλοῦντας
708 859 843 929 ὀρθά
878 860 972 913 καὶ
1002 861 1564 933 περιφρονουμένους,

363 950 737 1021 Παράφρονας
767 951 824 1007 δὲ
856 953 1151 1020 πλουσίους
1188 957 1555 1027 τιμωμένους.

359 1042 540 1115 ΔηρΞῖ
566 1044 821 1110 Μέλιτος,
857 1046 953 1099 καὶ
976 1045 1223 1102 διδάσκει
1256 1045 1589 1121 Σωκράτης’

362 1139 471 1191 Καὶ
494 1138 561 1211 ζῇ
590 1139 847 1206 Μέλιτος,
876 1140 971 1195 καὶ
998 1142 1230 1215 τελευτᾷ
1259 1143 1581 1215 Σωκράτης.

374 1232 433 1287 '0
465 1234 817 1305 συκοφάντης
843 1232 1194 1306 ἐκδιδράσκει
1231 1236 1331 1302 τὰς
1356 1236 1517 1301 δίκας
1538 1253 1553 1269 ⁸

354 1329 426 1383 Ol
453 1329 499 1382 δ’
528 1329 722 1383 ἕνδεκα
751 1329 999 1402 κρίνουσι
1023 1330 1153 1395 τοὺς
1178 1330 1527 1403 ἐλευθέρους.

361 1421 474 1474 Καὶ
498 1419 748 1490 τρίϐεται
783 1420 882 1493 μὲν
917 1422 1219 1493 φάρμακον
1238 1421 1319 1493 τῷ
1349 1422 1585 1496 γεννάδα
1608 1438 1623 1455 ’

373 1510 435 1565 '0
465 1510 511 1565 δ’
539 1513 769 1575 Ἀνυτος
803 1511 1046 1583 πέφευγε
1080 1514 1179 1587 τὴν
1209 1515 1515 1585 τιμωρίαν.

363 1600 600 1673 Χριστὸν
631 1602 804 1673 πένης
826 1600 1006 1670 ἓλεξε;
1036 1603 1315 1667 δυσσεϐῶς
1353 1605 1527 1674 λέγει.

364 1692 629 1756 Πλούσιος
679 1692 1052 1765 ’Δντίχριστον
1074 1738 1090 1763 ,
1127 1693 1368 1761 εὐσεϐῶς
1392 1696 1565 1765 λέγει.

376 1789 726 1861 Ἐπάγχομαι
758 1790 897 1862 πρὸς
928 1790 1138 1846 ταῦτα’
1169 1795 1347 1864 μισῶν
1384 1795 1479 1849 τὸν
1512 1795 1628 1866 βίον

364 1880 514 1934 Θέλω
543 1881 726 1936 θανεῖν
749 1900 765 1916 ·
792 1883 947 1953 ἥλιον
969 1884 1030 1937 οὐ
1058 1883 1197 1939 θέλω
1232 1885 1477 1958 βλέπειν.

375 1974 661 2030 Ἐντεῦθεν
681 1976 980 2048 εισήγαγεν
1008 1978 1172 2042 ἄλλος
1202 1980 1300 2049 τὴν
1336 1980 1530 2052 τύχην,

364 2068 439 2121 Τὸ
468 2067 514 2121 δ’
538 2068 843 2141 αὐτόματον
876 2070 1059 2136 ἀλλος,
1108 2071 1385 2144 Ἑλλήνων
1412 2074 1533 2129 δύο·
1607 2123 1615 2126 ,

369 2164 573 2232 Ἄμφω
608 2163 667 2217 δὲ
697 2164 894 2228 κοινῶς
925 2166 1027 2236 τὴν
1058 2166 1495 2238 άκυὸερνησίαν.

378 2255 660 2312 Ἐντεῦθεν
699 2257 977 2328 ἠγνόησαν
999 2258 1050 2311 oi
1075 2258 1195 2313 τότε
1223 2260 1404 2330 χρόνοι

365 2348 475 2401 Καὶ
505 2350 604 2417 τῆς
630 2349 897 2417 Προνοίας
935 2351 1121 2421 χρῆμα
1151 2350 1254 2419 τῆς
1286 2350 1626 2423 σοφωτάτης.

376 2441 662 2495 Ἐντεῦθεν
692 2441 727 2512 ἡ
755 2441 1038 2513 ξύμφυλος.
1059 2441 1242 2512 ἀνθρώ
1257 2442 1569 2511 πων’φύσις

368 2535 552 2603 Ἔγνω
576 2533 974 2589 διασπασθεῖσα
1000 2533 1137 2604 πρὸς
1162 2534 1303 2606 μέρη
1331 2534 1446 2603 δύο,

364 2632 475 2685 Καὶ
503 2629 748 2699 κλήσεων
771 2629 958 2694 ἄδικος
992 2630 1209 2701 ἐγράφη
1243 2628 1411 2697 νόμος

363 2724 439 2781 Τὸ
464 2724 689 2794 πλάσμα
719 2724 939 2793 τέμνων
972 2725 1050 2786 είς
1082 2722 1257 2794 τομὰς
1286 2722 1641 2795 ἀσυμφύλους
1661 2739 1679 2755 ο

363 2826 474 2881 Καὶ
502 2825 594 2878 τὸν
625 2824 723 2894 μὲν
746 2822 1002 2892 ὠνόμασε
1034 2820 1273 2892 δοῦλονὴ
1302 2819 1466 2893 τύχη,

361 2919 466 2971 Τὸν
491 2918 545 2970 δὲ
574 2906 999 2987 προσεκλήρωσε
1032 2914 1149 2973 τοῖς
1176 2912 1518 2984 ἐλευθέροις.

373 3011 541 3083 Ἀρχὴ
572 3027 635 3079 γε
673 3009 879 3074 κακῶν,
916 3008 1106 3079 χρυσέ,
1135 3010 1240 3077 γῆς
1266 3006 1471 3077 τυφλὸν
1499 3008 1709 3075 τέκνον,

370 3103 459 3168 Ὠς
496 3101 717 3157 ἀπόλοιο
739 3099 836 3154 καὶ
868 3098 1166 3169 παρέλθοις
1200 3099 1264 3152 ὲκ
1300 3098 1468 3168 μέσου

361 3259 467 3315 Hei
491 3268 696 3332 quanta
736 3256 872 3330 fluxi
909 3256 1274 3327 lacrymarum
1300 3258 1532 3329 ﬂumina

360 3354 520 3409 Catos
546 3351 726 3407 videns
752 3352 807 3404 in
836 3350 988 3404 curia
1020 3348 1355 3419 penitissima

358 3446 506 3502 Bene
538 3442 870 3499 consulentes
893 3440 1133 3511 despici;
1165 3439 1530 3509 insipientium

361 3538 595 3595 lactari
620 3541 817 3592 honore
844 3535 1068 3589 divitum
1097 3532 1312 3589 deliria.

361 3632 576 3689 Melitus
606 3630 816 3703 ineptit,
849 3627 1102 3684 Socrates
1128 3626 1375 3699 sapitiam
1406 3624 1577 3692 docet,

360 3722 448 3783 Sic
478 3724 990 3792 vivitille,imoritur
1022 3722 1139 3787 hic;
1164 3736 1374 3791 plenam
1397 3719 1529 3773 exiit

360 3818 505 3874 Truc
532 3817 879 3888 schphanta,
911 3814 1134 3869 liberum
1154 3810 1525 3866 undecim-viri

366 3912 681 3975 Damnant;
718 3908 888 3962 cicuta
923 3913 1197 3960 strenuum
1219 3907 1461 3977 sequitur
1488 3906 1683 3972 virum,

357 4001 689 4075 Supplicium
710 3999 888 4054 inanis
920 4004 1124 4070 Anytus
1164 3997 1288 4052 boni
1309 3997 1469 4069 fugit.

360 4093 631 4151 Christum
664 4086 925 4145 invocabit
953 4090 1201 4161 pauper?
1233 4087 1405 4160 Impie
1434 4087 1586 4158 facit.

360 4192 460 4247 Dis
483 4186 909 4247 Antichristnm?
938 4184 1035 4240 Nil
1070 4193 1238 4256 potest
1266 4186 1441 4257 magis
1465 4187 1567 4255 pie.

358 4284 583 4341 Μαι-ονε
616 4282 782 4336 victus
803 4280 961 4334 vitam
986 4293 1079 4348 ego
1110 4276 1216 4341 odi,
1246 4277 1367 4331 nolo
1391 4278 1510 4349 jam

358 4375 539 4432 Solem
569 4372 795 4435 intueri;
842 4368 919 4425 nil
958 4367 1059 4422 nisi
1089 4380 1312 4423 mortem
1343 4369 1486 4423 volo.

357 4465 498 4522 Hinc
533 4464 694 4519 sortis
725 4461 868 4516 alius
902 4461 1054 4517 rebus
1087 4462 1297 4515 induxit
1329 4470 1527 4528 rotam,

359 4557 558 4613 Casum
589 4554 753 4621 alius,
775 4553 927 4607 ambo
957 4553 1173 4609 Graecia:
1198 4561 1343 4607 terra
1366 4556 1493 4621 sati,

358 4650 524 4703 Ambo
545 4646 788 4701 docentes
819 4660 927 4698 esse
960 4646 1073 4709 sine
1101 4660 1219 4715 rege
1246 4646 1465 4712 omnia;

358 4739 433 4799 Ob
469 4738 613 4793 istud
651 4736 748 4791 illa
780 4737 962 4790 nesciit
1007 4714 1173 4788 Deum
1206 4737 1391 4789 levitas
1528 4722 1531 4723 ν

359 4832 743 4902 Negotiumque
776 4828 1181 4899 providentiam,
1214 4844 1454 4883 sacrum.

322 4940 325 4941 '
360 4922 582 4978 Duabus
615 4923 737 4975 hinc
766 4929 961 4974 natura
1000 4928 1157 4987 rupta
1188 4919 1429 4990 partibus

361 5016 601 5071 Hominis
624 5028 855 5067 amorem
886 5011 935 5065 in
963 5018 1201 5063 mutuum
1229 5012 1341 5064 nati
1369 5012 1591 5067 abstitit.

360 5109 573 5179 Injnsta
599 5105 682 5159 lea:
704 5113 781 5158 est
806 5103 928 5157 inde
949 5109 1169 5172 prosata
1204 5103 1499 5156 nominum.

368 5201 656 5257 Divisiones
691 5214 775 5252 res
802 5197 857 5250 in
888 5197 1117 5251 hosticas
1145 5211 1351 5250 secans.

363 5296 502 5353 Fors
530 5304 670 5351 sorte
700 5300 859 5363 capta
882 5292 1017 5347 dixit
1044 5294 1179 5345 hunc
1220 5306 1447 5357 servum,
1481 5291 1709 5347 alterum

368 5389 584 5445 Potiorc
611 5389 724 5459 [ato
744 5385 891 5440 scivit
918 5400 1025 5439 esse
1067 5382 1309 5437 liberum.

363 5492 592 5556 Aurum,
622 5504 653 5542 ο
683 5486 950 5541 malorum
988 5501 1127 5539 τινι-α
1162 5486 1322 5554 stirps
1350 5492 1505 5537 terra:
1544 5491 1730 5551 caput,

368 5582 583 5639 Utinam
611 5582 832 5651 perisses
860 5577 1114 5633 aboltum
1146 5594 1173 5631 e
1201 5577 1368 5631 medio
1403 5575 1457 5631 in
1486 5576 1620 5631 nihil

365 5675 418 5731 Μ
426 5674 554 5729 undi
581 5690 720 5729 ca'ca
742 5687 931 5726 caussa
970 5686 1149 5724 rerum
1178 5668 1385 5724 discidi.

373 5764 539 5821 Vanis
564 5766 653 5819 sed
684 5780 877 5819 aurum
910 5762 1149 5832 differam
1176 5761 1453 5814 conviciis:

358 5839 602 5914 Exscnsa
631 5873 823 5915 massa!
842 5854 968 5927 quid
1003 5853 1132 5908 mali
1166 5851 1309 5907 nobis
1344 5850 1529 5907 dedit?

1974 497 2024 555 Δ
2050 494 2126 553 Τὸ
2154 497 2458 565 στασιῶδες
2496 499 2693 573 χρῆμα
2719 500 2813 557 καὶ
2848 498 3248 572 κοσμοφθόρον.

2065 589 2207 644 Ἀλλ’
2238 592 2297 644 έν
2318 593 2498 656 κενοῖς
2532 609 2627 665 μοι
2654 591 2831 647 ταῦτα
2868 592 3006 665 πρὸς
3029 592 3091 645 τὸ
3118 588 3343 663 χρυσίον
3366 604 3383 622 ο

2052 679 2121 735 Τί
2152 679 2261 752 γὰρ
2290 684 2695 754 πεπαρῴνηκεν
2719 682 2931 753 ἄψυχος
2964 680 3164 753 φύσις;

2063 770 2153 837 Ὦς
2181 772 2403 827 ἀπόλοιο
2436 773 2549 827 τῶν
2581 773 2792 845 βροτῶν
2825 775 2857 844 ἡ
2884 772 3184 843 φαυλότης,

2051 861 2117 918 Οἳ
2137 863 2268 927 τοὺς
2298 864 2499 929 καλοὺς
2528 865 2807 937 κρίνουσιν
2837 863 2897 929 ἐξ
2921 863 3203 934 εὐτυχίας,

2050 955 2164 1011 Καὶ
2194 954 2322 1019 τοῦς
2346 956 2553 1019 κακοὺς
2576 954 2882 1026 τοῦμπαλιν
2913 954 2973 1020 ὲξ
3003 955 3254 1026 ἀτυχίας.

2055 1049 2119 1102 Ὢ
2150 1047 2380 1113 τάλανες
2402 1049 2653 1119 πένητες,
2686 1046 2872 1102 ἄθλιον
2896 1048 3075 1117 γένος,

2051 1140 2294 1196 Πλούτου
2323 1139 2440 1213 μετ’
2466 1140 2632 1196 αὑτοῦ
2659 1141 2756 1195 καὶ
2779 1144 2876 1196 σὺν
2910 1139 3295 1210 αύτῷχρυσίῳ

2051 1233 2164 1304 Τῆς
2184 1233 2389 1304 ἀρετῆς
2417 1232 2517 1306 τὴν
2546 1232 2708 1300 δόξαν
2734 1230 3116 1306 ἁφῃρημένοιί

2051 1324 2248 1397 Ὅμως
2278 1327 2307 1379 6
2340 1325 2546 1397 κόσμος
2571 1324 2781 1395 ἆγαθδν
2808 1324 2930 1387 πῶς
2959 1324 3026 1378 ἂν
3066 1322 3242 1395 δράσῃ

2049 1416 2140 1473 Ἐν
2166 1417 2245 1490 τῷ
2284 1419 2510 1491 πονηρῷ
2538 1418 2820 1489 κείμενος;
2852 1418 3003 1486 λέγει
3034 1417 3227 1487 Λόγος.

2054 1510 2220 1582 Ὤμοι
2244 1508 2416 1565 πόσον
2438 1509 2675 1582 δάκρυον
2705 1509 2766 1575 ἐξ
2803 1507 3186 1577 Ἡρακλείτου,

2050 1602 2225 1667 Πόσος
2256 1602 2431 1671 γέλως
2452 1601 2509 1657 δὲ
2538 1603 2704 1658 πάλιν
2738 1604 2803 1657 ἐκ
2836 1601 3187 1671 Δημοκρίτου
3215 1600 3229 1655 ί

2050 1698 2124 1751 Τὸ
2153 1697 2251 1769 μὲν
2289 1697 2705 1752 κατοικτίσαιτο
2735 1697 2828 1751 τὸν
2861 1696 3049 1768 μωρὸν
3080 1696 3219 1767 βίον,

2051 1784 2221 1860 Οὗτος
2243 1791 2301 1846 δι
2332 1792 2658 1863 μωκήσαιτο
2684 1791 2816 1855 τοὺς
2846 1789 3207 1861 ἁδελτέρους.

1974 1846 2024 1908 Β
2058 1846 2271 1936 Ὄντων
2307 1846 2417 1951 γὰρ
2442 1846 2650 1938 τούτων
2684 1882 2743 1948 ἐξ
2774 1846 3279 1953 ἐνκατέρουιτρόπου

2056 1977 2177 2049 Χρὴ
2209 1978 2350 2046 σφᾶς
2385 1977 2613 2041 ἑαυτοὺς
2645 1981 2741 2031 καὶ
2774 1977 2941 2048 γελᾷν
2964 1976 3062 2029 καὶ
3090 1974 3367 2045 δακρύειν.

2070 2072 2230 2143 Ἐμοὶ
2254 2072 2313 2126 δὲ
2350 2070 2434 2137 τίς
2474 2072 2703 2144 χρήσειε
2733 2070 3001 2136 σαλπίζον
3032 2072 3207 2142 στόμα
3232 2113 3248 2137 ,

2066 2166 2461 2238 Ἀγχίστροφον
2480 2167 2537 2220 δὲ
2569 2166 2824 2236 γλῶσσαν
2852 2165 2933 2229 εἰς
2956 2163 3117 2235 λόγου
3149 2163 3351 2227 πλάτος
3371 2203 3390 2230 ,

2055 2260 2167 2314 Καὶ
2196 2260 2337 2332 πρὸς
2357 2258 2603 2332 κορυφὴν
2634 2258 2927 2332 Παρνασοῦ
2954 2260 3161 2329 στήσας
3188 2260 3374 2329 ἄκραν

2066 2356 2157 2420 Ὠς
2181 2355 2240 2424 ἐξ
2274 2355 2521 2409 ἀπόπτου
2553 2352 2654 2423 τὴν
2683 2354 2811 2425 βοὴν
2838 2352 3147 2424 διευρύνω;

2053 2447 2247 2501 Εἰπεϊν
2279 2446 2556 2517 παράσχοι
2579 2445 2753 2501 ταῦτα
2784 2444 2922 2516 πρὸς
2951 2445 3079 2509 τοὺς
3103 2443 3405 2507 πλουσίους
3431 2456 3449 2511 ;

2054 2539 2120 2595 Οί
2146 2540 2518 2612 χρυσολάτραι
2546 2542 2643 2594 ποτ
2669 2539 2950 2594 πλανᾶσθε
2980 2539 3260 2605 πλούσιοι;

2054 2634 2189 2690 Οῐαν
2212 2635 2269 2689 δὲ
2295 2635 2390 2688 καὶ
2420 2633 2995 2702 στέλλεσθε,δείλαιοι,
3020 2632 3252 2704 τρίὸον;

2067 2727 2126 2781 '0
2161 2727 2390 2792 πλοῦτος
2420 2727 2522 2797 ὕλη
2550 2726 2657 2798 γῆς
2686 2726 2892 2798 ῥέουσα
2924 2726 3233 2796 συντόμως,

2052 2813 2162 2887 Ἦς
2186 2822 2236 2874 oi
2262 2822 2426 2875 κακοὶ
2459 2820 2691 2893 φέρουσι
2724 2820 2945 2882 πάντως
2978 2818 3039 2874 τὸ
3064 2820 3250 2874 πλέον.

2052 2914 2120 2967 Τί
2150 2914 2379 2978 κακίους
2409 2914 2631 2985 γίνεσθε
2666 2913 3031 2979 πλουτοῦντες
3062 2912 3227 2968 πλέον
3249 2944 3269 2976 -.

2058 3003 2289 3077 Εὕρημα
2316 3004 2477 3069 κυνὸς
2497 3006 2531 3075 ἡ
2557 3005 2800 3076 σεϐαστὴ
2841 3006 3101 3078 πορφύρα
3120 3020 3136 3036 ·

2065 3098 2126 3151 '0
2165 3098 2452 3169 μάργαρος
2476 3097 2667 3169 κύημα
2701 3096 2905 3168 φαῦλον
2940 3096 3169 3170 ὀστρέου
3190 3111 3207 3127 ο

1980 3217 2024 3275 C
2061 3251 2275 3308 Utinam
2300 3252 2537 3320 periisset
2573 3252 2847 3307 hominum
2885 3251 3027 3309 iners
3059 3254 3333 3321 vecordia,

2054 3342 2225 3401 Solita
2248 3346 2518 3400 aestimare
2538 3353 2680 3400 sorte
2699 3346 2763 3401 de
2786 3346 2922 3401 bona
2945 3346 3107 3403 bonos

2055 3435 2334 3507 Malosque
2361 3446 2547 3492 contra
2572 3440 2636 3492 de
2660 3436 2803 3492 malo
2830 3438 3145 3509 infortunio.

2055 3530 2101 3586 O
2126 3531 2302 3584 miseri
2324 3539 2555 3602 egentes,
2589 3530 2816 3587 obsitum
2844 3534 3095 3585 aerumnis
3117 3549 3305 3604 genus,

2055 3619 2185 3677 Cum
2213 3636 2369 3674 censu
2395 3623 2593 3691 optimo
2625 3637 2846 3691 cumque
2881 3624 3024 3676 tristi
3049 3640 3182 3676 auro
3212 3622 3375 3679 simul

2064 3710 2288 3767 Virtutis
2313 3714 2459 3767 omni
2487 3712 2673 3767 decore
2708 3714 2842 3768 nudi
2871 3723 2919 3769 et
2950 3716 3121 3785 gloria
3142 3715 3165 3769 .-'

2055 3803 2129 3861 Et
2158 3802 2294 3858 orbis
2325 3804 2421 3858 iste
2453 3819 2558 3872 quo
2606 3804 2799 3858 bonum
2829 3804 2994 3875 {aciat
3028 3806 3181 3860 modo
3244 3824 3249 3831 ·

2058 3895 2209 3954 Malo
2230 3898 2341 3967 ipse
2371 3907 2511 3954 totus
2537 3898 2860 3968 subjacens?
2889 3898 3128 3956 Christus
3153 3901 3317 3955 canit.

2058 3991 2173 4046 Heu
2211 4000 2414 4060 quanta
2440 3991 2605 4063 ﬂendi
2631 3992 2707 4047 vis
2734 3992 2800 4046 ab
2830 4008 2921 4047 ore
2960 3992 3246 4055 Heracliti.

2058 4082 2143 4140 Ha
2170 4095 2374 4156 quanta
2403 4086 2540 4140 risus
2571 4100 2664 4140 ore
2701 4086 2767 4139 de
2795 4085 3084 4141 Democriti

2060 4174 2277 4249 Defierit
2311 4176 2402 4232 ille
2422 4178 2587 4233 stulta
2620 4177 2804 4233 mundi
2825 4180 3072 4245 crimina,

2063 4268 2263 4324 Fatuos
2296 4270 2568 4325 cachinnis
2600 4272 2700 4326 istc
2738 4270 2899 4325 claris
2924 4273 3145 4342 ruperit.

2062 4361 2187 4417 Vere
2214 4363 2400 4415 horum
2437 4370 2659 4433 uterque
2688 4370 2908 4434 utroque
2934 4377 3053 4417 vere
3080 4364 3288 4418 nomine

2058 4452 2248 4510 Ridere
2272 4458 2399 4526 flere
2418 4464 2622 4525 oportet
2653 4455 2774 4511 illos
2806 4466 3069 4512 mutuum.

1982 4566 2037 4628 υ
2062 4550 2131 4603 At
2153 4550 2279 4603 mihi
2304 4566 2558 4605 sonorum
2590 4565 2645 4605 os
2675 4551 2793 4619 quis
2822 4550 2968 4606 dabit
2996 4552 3131 4605 tuba:
3161 4552 3324 4605 vicem

2071 4634 2483 4712 Versatilemque
2513 4642 2753 4713 linguam
2772 4643 2827 4697 in
2858 4660 3040 4715 asquor
3064 4644 3339 4707 carminis,

2053 4734 2320 4791 Parnassi
2336 4738 2390 4791 in
2424 4736 2540 4790 alto
2555 4746 2704 4792 stans
2740 4738 2818 4792 uti
2849 4738 3147 4814 cacumine,

2056 4826 2327 4882 Grandem
2349 4828 2619 4883 irremisso
2642 4830 2899 4883 concitem
2923 4844 3097 4883 vocem
3119 4845 3249 4883 sono
3271 4873 3286 4895 ,

2053 4921 2177 4980 Haec
2206 4933 2451 4994 prompta
2480 4926 2622 4977 dictu
2648 4923 2839 4977 ditibus
2872 4925 2996 4978 viris
3022 4940 3222 4977 canens
3262 4936 3282 4977 :

2054 5015 2346 5087 Mancipia,
2375 5018 2527 5083 dites,
2567 5033 2668 5087 quo
2708 5015 2913 5070 metalli
2938 5015 3150 5069 tenditis
3172 5017 3198 5069 ?

2051 5110 2164 5178 Quo
2190 5109 2326 5165 calle
2351 5108 2530 5165 miseri
2557 5110 2788 5182 flebilem
2820 5110 3029 5165 instatis
3058 5111 3196 5164 viam
3220 5108 3246 5164 ?

2052 5201 2266 5258 Caduca
2294 5199 2467 5272 proles
2494 5210 2618 5255 sunt
2645 5218 2765 5272 opes
2800 5211 2957 5258 terrm
2980 5204 3219 5272 hospitae,

2050 5292 2290 5359 Quarum
2314 5294 2568 5363 fruuntur
2590 5304 2744 5365 parte
2775 5295 2982 5365 majore
3006 5294 3233 5365 improbi
3253 5312 3284 5362 ς

2052 5385 2189 5453 Quid
2215 5387 2341 5442 vitia
2373 5401 2490 5441 cum
2522 5387 2703 5457 opibus
2741 5402 2946 5455 semper
2970 5389 3172 5458 augetis
3204 5386 3385 5443 nova?

2047 5484 2270 5554 Augusti
2299 5482 2510 5536 honoris
2540 5498 2779 5552 purpura
2807 5485 3079 5536 inventum
3103 5489 3177 5537 est
3211 5486 3380 5540 canis.

2053 5573 2257 5639 Libido,
2288 5577 2622 5644 margarita.
2654 5575 2772 5629 vilis
2804 5576 2989 5629 ostrei.

2049 5666 2273 5723 Summa
2307 5678 2381 5721 est
2410 5666 2607 5739 lapillis
2629 5668 2768 5738 quod
2798 5666 3030 5737 glabella
3059 5685 3195 5724 easta
3220 5677 3344 5723 sunt

2048 5759 2135 5816 Ex
2167 5760 2329 5823 calce,
2362 5760 2541 5831 lignis,
2573 5758 2854 5829 splendida
2884 5771 3099 5826 ornatu,
3134 5770 3341 5826 domus,

2047 5853 2305 5923 Caeloque
2337 5853 2503 5908 latere
2527 5850 2792 5926 fossilique
2830 5870 3091 5910 marmore
3121 5861 3195 5909 est

3486 376 3634 443 1338
