3948 6210
281 388 413 458 134Ῑ

284 503 688 576 Πεποικιλμένη
718 504 1048 575 θαυμαστῶς
1086 505 1142 559 ἔν
1183 506 1518 573 κροσσωτοῖς
1542 505 1791 575 χρυσίου.

279 595 431 672 ’ᾼδε,
462 598 745 670 προφῆτα,
776 599 914 668 πρὸς
940 597 1114 669 αὐτὴν
1144 599 1237 650 ἐπὶ
1255 599 1322 669 τῇ
1348 595 1661 669 πανηγύρει
1683 611 1699 629 ⁸

285 694 574 758 Ἄκουσον,
613 690 712 755 εδε,
736 689 998 761 θύγατερ,
1025 692 1204 745 κλίνον
1227 690 1285 744 τδ
1314 690 1408 744 σὺν
1446 690 1630 754 ὠτίον,

293 783 490 854 Ἀρχῆς
524 781 804 856 πατρῴας,
841 781 935 836 σοῦ
970 781 1124 848 λαοῦ,
1161 782 1255 836 σοῦ
1291 781 1484 850 γένους
1510 781 1793 847 ἐπιλάθου,

279 875 462 940 Ὅπως
497 877 591 929 τὸν
615 875 994 946 αὐτοκράτορα
1037 873 1332 946 Ῥωμαίων
1373 875 1637 944 Ἰωάννην

277 970 373 1025 Σοῦ
399 969 637 1030 κάλλους
669 969 1012 1041 ἐπιθυμητὴν
1039 968 1186 1036 ἕξεις
1212 969 1306 1023 καὶ
1335 966 1507 1039 τύχῃς
1540 967 1756 1036 γάμων,

276 1055 472 1130 Γάμων
501 1061 610 1114 τῶν
635 1061 777 1132 ὑπὲρ
806 1059 993 1130 ἔφεσιν
1020 1061 1202 1114 πᾶσαν
1224 1059 1325 1130 τὴν
1349 1057 1723 1130 ἀνθρωπίνην.

276 1153 426 1207 θῦτω
455 1153 580 1226 μὲν,
609 1153 780 1218 οὕτως
806 1157 831 1206 ὁ
867 1152 1031 1207 Δαυτδ
1055 1152 1171 1226 ᾄδει
1205 1152 1344 1224 μετά
1383 1151 1616 1224 κιθάρας
1637 1166 1652 1182 ·

275 1247 343 1300 Σῦ
374 1245 421 1302 δ’
446 1247 747 1304 εὐπιοῦσα
779 1247 992 1319 βασιλὶς
1025 1247 1200 1303 ὲθνῶν
1232 1248 1341 1304 τῶν
1381 1247 1656 1321 ἐσπερίων

277 1342 577 1406 Ἤκουσας,
600 1336 762 1406 εἶδες,
795 1340 1016 1406 ἔκλινας
1036 1384 1051 1404 .
1083 1340 1352 1414 ἠράσθης,
1383 1341 1722 1411 συνεξύγεις.

278 1429 531 1504 Ἔτυχες,
567 1427 749 1505 εὗρες,
772 1433 987 1500 ἔλαόες,
1012 1432 1186 1507 ήρθης
1212 1436 1278 1488 ὲκ
1309 1433 1435 1504 γῆς,
1463 1433 1713 1505 ἐπήρθης

284 1524 450 1596 ’Υπὲρ
481 1526 680 1598 αἰθέρα
705 1528 793 1582 τὸν
820 1526 1012 1596 πολῦν,
1046 1527 1152 1592 ἕως
1183 1527 1454 1600 ἀνάστρου
1483 1527 1727 1600 σφαίρας

270 1610 491 1686 Ἦλθες,
520 1617 784 1692 συνῆλθες
816 1622 896 1687 είς
921 1622 1086 1692 γονὰς
1127 1619 1423 1696 Ῥωμαίοις
1449 1619 1796 1693 τελεσφόροις

274 1711 426 1768 Ζῶσα
454 1715 662 1786 σελήνη
685 1716 780 1770 καὶ
812 1718 955 1787 καλὴ
985 1715 1205 1788 πλήρης
1240 1715 1417 1784 φωτὸς
1448 1716 1585 1788 ἡλίῳ

272 1806 381 1860 Οὐκ
403 1809 701 1879 ἀρχομένῳ
725 1809 1008 1882 δᾳδουχεῖν
1035 1810 1142 1864 ἀπὸ
1175 1809 1363 1882 μερῶν
1387 1810 1636 1882 βορείων,

273 1898 377 1953 Kal
409 1903 526 1964 τοῖς
561 1900 757 1962 νοτίοις
787 1901 1035 1974 λήγοντι,
1067 1905 1134 1973 τῇ
1171 1903 1241 1975 γῇ
1273 1902 1328 1955 δὲ
1370 1899 1760 1974 κρυπτομένῳ,

285 1987 374 2048 Ἑν
397 1993 457 2048 δὶ
483 1996 639 2066 ροαϊς
683 1995 938 2052 Ὠκεανοῦ
975 1995 1252 2067 μεγάλαις
1279 1993 1623 2066 λουσαμένῳ,

283 2084 372 2150 Ὦς
403 2085 528 2150 ἔθος
559 2084 998 2160 ὑπερφαίνεσθαι
1021 2091 1116 2142 καὶ
1150 2088 1500 2162 φρυκτωρεϊν
1529 2086 1622 2141 τὸν
1659 2088 1772 2160 βίον
1792 2106 1807 2121 ·

285 2178 426 2234 Ἀλλ’
455 2181 523 2234 ὲκ
545 2181 832 2255 πορφύρας
856 2185 953 2252 τῆς
981 2186 1184 2254 σεμνῆς
1209 2183 1419 2238 ἐκεῖθεν
1448 2182 1761 2254 ἀρξαμένου

274 2261 374 2330 τὸν
396 2275 515 2347 βίον
547 2275 978 2350 τὸντετραμερῆ
1015 2279 1110 2332 καὶ
1135 2277 1234 2348 τὴν
1267 2278 1441 2350 ἀρχὴν
1469 2275 1727 2331 Αὐσόνων

275 2363 574 2436 Ζωογονεῖν
596 2387 610 2399 ·
639 2369 733 2423 καὶ
767 2370 1049 2442 δᾳδουχείν
1075 2370 1310 2444 λαμπρᾷ
1343 2368 1684 2442 φωτοχυσία,

276 2465 347 2519 Οὐ
377 2463 517 2536 πρὸς
539 2465 753 2536 ἡμέραν
784 2465 878 2537 τὴν
909 2465 1083 2538 ἀρχὴν
1109 2464 1366 2520 Αὐσόνων
1411 2463 1865 2535 φρυκτωροῦντα,

287 2557 447 2613 Ἀλλά
471 2559 573 2613 καὶ
603 2560 796 2630 μέσαις
831 2560 888 2614 ὲν
919 2558 1039 2624 νυξὶ
1070 2559 1166 2613 καὶ
1197 2556 1428 2621 ταύταις
1450 2558 1766 2628 άσελήνοις·

278 2651 610 2724 Πλησιφαῶς
643 2653 740 2725 τὴν
763 2654 974 2725 ἡμέραν
999 2658 1110 2717 τοῖς
1155 2653 1419 2726 ὑπηκόοις
1452 2653 1567 2724 βίον

278 2742 474 2816 Νέμων
503 2739 702 2816 αὐγαίς
749 2748 1070 2817 αὑγάζοντι,
1108 2745 1427 2818 κοσμοῦντι,
1456 2744 1808 2803 καθιστῶντι.

278 2836 609 2911 Εὐφραίνου,
636 2837 862 2911 τέρπου,
899 2839 1169 2912 θύγαπερ,
1199 2834 1291 2911 ᾆδε
1332 2839 1470 2908 μετὰ
1501 2838 1760 2908 κιθάρας,

278 2929 429 2987 Μετὰ
462 2933 722 3003 κιθάρας,
745 2928 789 2987 ὦ
820 2932 1005 3000 Δαυτδ,
1028 2933 1128 3003 τῆς
1160 2924 1736 3006 πνευματεμιρορήτου

282 3023 561 3089 Ἕκλινας,
593 3019 750 3087 εἶδες,
781 3023 988 3096 ἢγαγες
1023 3024 1113 3079 τὸν
1147 3024 1360 3081 ἄνακτα
1406 3025 1702 3096 Ῥωμαίων

293 3116 410 3174 Ἐπὶ
433 3119 498 3174 τὸ
532 3119 751 3184 κάλλος,
777 3118 1055 3187 δέσποινα,
1089 3119 1191 3189 τῆς
1219 3119 1549 3191 ὡραιότητός
1574 3137 1688 3186 σου,

280 3212 387 3266 Kal
414 3212 487 3266 τὰ
523 3212 696 3283 σεμνά
723 3211 813 3265 τοῦ
835 3211 1025 3279 γένους
1055 3229 1148 3266 σου
1178 3212 1272 3266 καὶ
1297 3211 1395 3282 τὴν
1429 3211 1688 3282 πατρῴαν
1709 3213 1868 3278 δόξαν

280 3310 387 3364 Kal
413 3312 511 3367 τοῦ
543 3308 708 3380 χοροῦ
736 3309 846 3365 τῶν
876 3309 1087 3381 ἀρετῶν
1120 3309 1286 3380 μέσον
1315 3309 1716 3380 έπεισηγάγου,

279 3401 348 3453 Δῖ
370 3419 428 3455 σε
459 3399 914 3473 περιχορεύουσιν
944 3401 1018 3466 ὼς
1046 3399 1256 3455 ἀπαλαι
1284 3399 1570 3470 παρθένοι,

291 3493 596 3564 Ὕμνοῦσαι
627 3494 720 3548 καὶ
745 3491 1183 3565 συνᾴδουσαικαὶ
1217 3490 1729 3562 συνεπικροτοῦσαι,

281 3652 534 3724 gebaris;
602 3651 740 3724 quod
797 3651 1089 3722 qtta'rebas,
1147 3649 1475 3718 accepisti,e
1529 3655 1676 3702 terra
1717 3663 1876 3719 super

284 3747 532 3799 aetherem
575 3745 646 3798 ad
697 3756 963 3815 spheram
1009 3759 1176 3814 usque
1222 3744 1478 3797 sideribus
1524 3745 1771 3796 orbatam
1821 3758 1874 3796 es

282 3840 517 3894 sublata.
549 3838 749 3893 Deinde
788 3854 906 3892 cum
954 3835 1213 3891 Romanis
1237 3837 1478 3907 perfectis
1506 3837 1875 3890 commercium

284 3934 445 3988 iniisti
476 3940 566 3999 et,
620 3931 750 3986 luna
785 3932 957 3986 uiuens
1006 3938 1057 3984 et
1108 3928 1222 3984 luce
1251 3929 1547 3994 abundans,
1589 3931 1659 3985 ad
1712 3929 1877 3985 solem

277 4026 548 4082 .accessisti
598 4026 690 4095 qui
740 4024 980 4095 regiones
1013 4022 1256 4078 boreales
1303 4026 1475 4078 minus
1527 4022 1787 4088 illustrat,
1820 4024 1876 4077 in
1931 4015 1935 4017 λ

287 4117 614 4175 australibus
664 4117 862 4183 deﬁcit,
912 4120 1007 4172 sub
1046 4127 1191 4173 terra
1231 4135 1286 4173 se
1317 4119 1462 4172 abdit
1499 4128 1546 4172 et
1577 4118 1630 4171 in
1676 4115 1878 4173 Oceani

285 4215 500 4287 ﬂuentis
537 4213 798 4270 abluitur.
835 4212 923 4269 Sic
940 4218 1104 4270 vitam
1129 4217 1188 4269 in
1216 4215 1380 4270 oculis
1411 4225 1619 4286 gestare
1643 4215 1880 4269 assuevi-

288 4324 420 4363 mus.
476 4306 784 4379 Imperator
837 4314 1012 4360 autem
1076 4308 1132 4362 in
1195 4324 1438 4379 purpura
1498 4316 1657 4362 natus
1713 4308 1879 4363 vitam

284 4401 626 4472 multiplicem
661 4401 717 4455 in
752 4400 1036 4454 Ausonum
1068 4401 1352 4472 imperium
1392 4400 1673 4472 impendit,
1728 4400 1879 4457 clara

289 4497 397 4552 luce
453 4497 596 4551 idem
649 4511 753 4548 non
805 4495 900 4548 diu
943 4492 1140 4558 solum,
1197 4494 1290 4548 sed
1327 4493 1500 4548 media
1531 4503 1683 4549 nocte
1715 4475 1880 4566 eaque

287 4591 442 4655 illuni
495 4589 813 4656 illustrans,
866 4586 1305 4657 subditorumque
1355 4587 1522 4640 vitam
1566 4587 1727 4656 plena
1766 4586 1881 4641 luce

289 4683 624 4754 calefaciens,
651 4679 933 4753 splendore
953 4692 1016 4732 ac
1041 4677 1227 4731 ordine
1246 4680 1530 4735 decorans.

362 4773 536 4832 lubila
565 4816 577 4839 ,
614 4775 820 4846 gaude,
867 4771 1029 4839 ﬁlia;
1091 4779 1253 4825 canta
1315 4786 1433 4824 cum
1474 4771 1729 4835 cithara;
1762 4785 1883 4824 cum

289 4873 530 4933 cithara,
570 4885 599 4923 ο
634 4867 804 4922 David
826 4908 841 4931 ,
879 4865 1082 4921 crelitus
1115 4864 1406 4935 inspirata,
1436 4848 1651 4934 ﬂexisti,
1679 4863 1884 4918 Roma-

290 4983 479 5020 norum
545 4965 920 5033 imperatorem
978 4958 1391 5030 pulchritudinis
1453 4964 1558 5011 tua:
1626 4956 1886 5010 illecebris

291 5056 595 5122 adduxisti;
629 5057 832 5127 generis
859 5053 1070 5123 paterni
1094 5052 1321 5122 gloriam
1352 5051 1406 5104 in
1431 5048 1602 5104 medio
1635 5050 1890 5103 virtutum

293 5155 444 5208 choro
473 5151 730 5212 statuisti,
759 5164 874 5219 qua:
899 5164 990 5200 ceu
1027 5144 1270 5199 delicatm
1301 5144 1531 5215 virgines
1569 5160 1689 5197 cum
1721 5151 1886 5196 cantu

294 5256 338 5299 et
385 5246 650 5317 applausu
700 5243 900 5295 circum
935 5251 983 5293 te
1014 5241 1258 5304 saltant,
1312 5238 1606 5309 digitorum
1654 5239 1889 5308 strepitu

295 5343 508 5396 oliorum
537 5347 792 5410 regentes.

365 5433 568 5494 Jubila,
601 5431 794 5503 gaude,
833 5430 995 5488 salve.
1025 5439 1181 5499 atque
1212 5430 1407 5484 iterum
1454 5434 1622 5495 salve,
1650 5431 1889 5485 omnium

301 5529 366 5580 ad
392 5526 804 5597 septentrionem
839 5524 1076 5595 gentium
1120 5524 1336 5575 domina
1358 5564 1372 5590 ,
1424 5531 1577 5594 patre
1609 5539 1673 5577 ac
1719 5532 1891 5579 matre

305 5625 552 5697 legitimis
598 5631 886 5694 prognata.
939 5619 1010 5673 Te
1059 5619 1352 5673 Alamanni
1387 5621 1455 5673 ad
1504 5619 1743 5674 Rhenum
1776 5639 1889 5674 me-

303 5729 654 5787 tuunt;tuum
679 5718 960 5784 imperium
983 5711 1368 5770 Germanorum
1398 5716 1546 5773 natio
1575 5717 1888 5773 extimescit.

363 5928 440 6002 (Ι)
474 5927 897 5985 Pcd'cmonlani.

1446 382 1767 448 SCRIPTA
1807 375 2361 450 MISCELLANEA.

1901 4644 1958 4705 D

3417 382 3560 449 1342

1892 505 1940 566 Α
1970 502 2257 574 Εὖρυθμον
2287 501 2548 568 πλέξασώ
2576 502 2737 574 χορὸν
2800 501 2858 556 έν
2885 499 3115 564 ἁπαλοῖς
3142 499 3452 561 δακτύλοις.

1969 596 2299 668 Εὐφραίνου,
2356 597 2597 667 τέρπου,
2645 594 2741 650 καὶ
2797 593 2968 649 πολλὰ
3025 597 3219 667 χαῖρε,
3269 594 3362 647 καὶ
3399 594 3565 648 πάλιν

3282 684 3491 760 [χαίρε,

1969 784 2154 857 Κυρία
2189 783 2409 840 πάντων
2430 781 2541 838 τῶν
2571 783 2746 837 έθνῶν
2772 782 2882 836 τῶν
2903 782 2993 835 ἐπὶ
3015 782 3113 851 τῆς
3144 781 3386 852 ἑσπέρας
3405 823 3419 846 ,

1981 878 2116 933 Ἀπὸ
2137 877 2366 948 πατρὸς,
2398 877 2508 933 ἀπὸ
2539 873 2746 947 μητρὸς
2765 877 2830 928 hc
2855 875 2962 928 τῶν
2987 873 3468 946 ἀγχιστευμάτων.

1967 969 2035 1026 Σὲ
2065 972 2365 1042 τρέμουσιν
2405 969 2711 1040 Ἀλαμανοὶ
2736 967 2896 1038 γένος
2929 965 3094 1037 ρηγδς
3126 968 3183 1018 ὲν
3227 966 3417 1036 Ῥήνου
3443 981 3454 994 ο

1968 1065 2072 1120 Σειῦ
2104 1066 2172 1118 τά
2205 1061 2499 1138 Γερμανῶν
2526 1065 2873 1137 πτήσσουσιν
2909 1061 3039 1132 ἔθνη
3069 1060 3167 1132 τὴν
3193 1059 3536 1121 δυναστείαν,

1971 1158 2062 1213 Σοὶ
2085 1159 2353 1213 Διοκλέων
2379 1158 2475 1211 καὶ
2525 1157 2715 1212 Δακῶν
2741 1157 2870 1230 ἔθνη
2890 1154 3268 1226 δωροφοροῦσι

1970 1253 2079 1307 Kal
2107 1251 2368 1322 Περαιϐοὶ
2398 1251 2766 1322 φιλάρπαγις,
2792 1250 3096 1322 Δαλμάται,
3133 1251 3226 1302 καὶ
3260 1247 3520 1307 Γαλάται,

1973 1345 2337 1420 Λαμπάρδοι,
2402 1346 2497 1400 καὶ
2556 1345 2875 1413 Γενούσιοι,
2941 1345 3039 1399 καὶ
3099 1343 3383 1414 Καλοιόρολ⁹
3447 1323 3567 1413 μετ⁹

3211 1435 3346 1507 [Ἂφ
3357 1453 3489 1506 ρων,

1969 1535 2078 1588 Kal
2101 1531 2212 1604 πῦρ
2245 1533 2484 1585 αίτναῖον
2509 1530 2750 1584 Σικελῶν
2783 1530 3006 1600 φρίσσει
3053 1527 3154 1601 τὴν
3187 1527 3460 1594 ἐξουσίαν,

1971 1629 2083 1684 Kal
2121 1625 2443 1700 Τυρρηνὶων
2477 1626 2713 1698 κορυφαὶ
2737 1627 2830 1679 καὶ
2860 1624 3138 1696 Πρόποδες
3163 1624 3337 1694 ὁρέων
3374 1623 3476 1691 (1).

1970 1721 2038 1774 Σὲ
2065 1719 2259 1792 τρέμει
2279 1717 2338 1772 τὸ
2371 1716 2692 1782 Γαλατικὸν,
2717 1708 2890 1770 πᾶσαι
2926 1714 3094 1785 φυλαὶ
3124 1717 3221 1767 καὶ
3252 1713 3522 1781 γλῶσσαι,

1971 1812 2136 1869 Ὅσαι
2193 1811 2326 1885 περὶ
2372 1808 2472 1883 τὴν
2531 1809 2856 1880 Χάρυϐδιν,
2892 1808 3015 1862 ὗσαι
3061 1807 3192 1880 περὶ
3250 1806 3351 1880 τὴν
3401 1806 3574 1860 Σκύλ-

3350 1899 3493 1975 [λαν.

1975 1999 2084 2053 Kal
2113 1998 2242 2070 περὶ
2272 1994 2440 2050 πλοῦν
2471 1995 2751 2066 Λιγιτικδν
2783 1995 2878 2050 καὶ
2903 1993 3132 2067 Σύρτεις
3170 1994 3487 2065 ἀμφοτέρας
3516 2007 3534 2024 ο

1971 2093 2045 2149 Σὺ
2102 2088 2364 2164 Δεύκρων
2406 2089 2616 2162 ἄρχεις,
2643 2089 2708 2143 σὺ
2745 2090 2969 2160 κρατεῖς
3015 2086 3230 2143 Οΰννων
3283 2086 3377 2141 καὶ
3429 2086 3578 2139 [lavo

3250 2179 3468 2253 [νονίων
3482 2218 3497 2234 .

1971 2276 2040 2333 Σὲ
2063 2278 2263 2352 νήσους
2293 2278 2394 2342 τάς
2432 2275 2770 2348 Βρετανικὰς
2793 2274 2981 2334 ἀκούω
3009 2273 3314 2330 λιτανεύειν
3340 2315 3354 2330 .

1973 2369 2047 2421 Οὐ
2077 2369 2172 2422 σοῦ
2204 2369 2261 2422 δὲ
2293 2369 2736 2439 προπορεύονται
2772 2372 2868 2422 καὶ
2895 2365 3343 2443 προοδοποιοῦσιν

1972 2463 2038 2517 Αἱ
2078 2460 2376 2534 θυγατέρες
2397 2464 2451 2515 αἱ
2482 2462 2682 2532 σεμναὶ
2707 2463 2881 2514 πᾶσαι
2906 2459 3017 2514 τῶν
3055 2458 3322 2529 βασιλέων
3347 2475 3360 2492 ·

1972 2553 2071 2608 Σὺν
2097 2553 2366 2607 λιτανεύει
2396 2555 2690 2624 πρόσωπον
2721 2555 2754 2624 ή
2787 2553 2938 2605 πᾶσα
2959 2552 3247 2623 γερουσία,

1971 2647 2082 2703 Kal
2113 2648 2206 2700 τοῦ
2236 2647 2365 2701 λαοῦ
2395 2648 2454 2700 τδ
2487 2647 2744 2701 πλούσιον
2777 2647 2982 2717 σφόδρα
3012 2645 3303 2716 δορυφορεῖ
3331 2662 3437 2700 σοι.

1982 2736 2209 2805 Ἀλλ’,ὣ
2243 2741 2382 2794 Σιὼν
2415 2742 2710 2808 έπτάλορε,
2738 2740 2964 2812 δευτέρα
2983 2740 3228 2812 νεωτέρα

1973 2836 2225 2908 Θύγατερ
2269 2835 2512 2905 Ῥώμης,
2551 2834 2790 2898 παλαεᾶς
2811 2830 2960 2896 οἶκος
2981 2833 3129 2904 ἐμῶν
3163 2818 3439 2901 ἀνάκτων,

1973 2929 2266 3002 Εὖδαίμον,
2313 2927 2640 2999 μεγαλόδοξε
2672 2926 2855 3000 μερῶν
2881 2925 3012 2980 υἱῶν
3039 2926 3367 2993 καλλίστων,

1973 3020 2285 3091 Περιλαὸοὖ
2316 3022 2408 3075 τὸν
2435 3021 2647 3075 ἄνακτα
2678 3020 2774 3074 καὶ
2806 3019 3184 3090 περιπλάκηθί
3219 3037 3332 3089 μοι,

1987 3112 2240 3184 Ἀνύμνεί
2276 3112 2370 3168 τὸν
2400 3115 2624 3183 σωτῆρά
2660 3130 2776 3178 σου,
2805 3114 2900 3166 τὴν
2935 3111 3317 3182 αὐτοκράτορά
3350 3127 3468 3167 σου.

1984 3206 2181 3278 Ῥἧξον
2214 3208 2401 3278 φωνὴν
2430 3205 2519 3276 ὑφ’
2551 3206 2761 3276 ἡδονῆς,
2790 3204 2954 3277 ῥῆξον
2986 3204 3079 3258 ὑπ’
3101 3202 3478 3276 εὐφροσύνηςο

1899 3279 1943 3336 C
1976 3302 2181 3372 Στῆσον
2211 3301 2420 3374 ἑόρτιον
2444 3301 2624 3371 χορὸν,
2659 3295 2753 3371 ᾆδε
2784 3299 2883 3370 τὴν
2912 3297 3251 3369 σωτηρίαν.⁴

1977 3393 2366 3465 Συνετηρήθης
2396 3393 2638 3465 ἀϐλαϐὴς
2672 3392 2780 3446 ἀπὸ
2808 3389 3284 3463 προνομευμάτων

1987 3483 2112 3543 ⁶Υπ’
2139 3486 2262 3558 ὅψιν
2289 3487 2419 3540 πᾶσι
2443 3489 2557 3552 τοῖς
2590 3486 2742 3550 λαοῖς
2772 3484 3069 3558 κειμένων,
3101 3484 3471 3555 ἡλπισμένων
3490 3499 3508 3518 ⁸

1976 3651 2087 3709 Tibi
2114 3651 2441 3707 Diocleorum
2469 3666 2532 3706 ac
2561 3649 2830 3705 Dacarum
2863 3649 3106 3703 nationes
3133 3648 3331 3703 tributa
3375 3645 3584 3703 solvunt

1975 3756 2024 3802 et
2055 3746 2322 3803 Perrhaebi
2351 3763 2594 3818 rapaces,
2618 3743 2887 3800 Dalmata:
2917 3751 2968 3797 et
2997 3741 3231 3807 Galatae,
3271 3740 3584 3811 Lampardi,

1978 3838 2214 3906 Genusii,
2248 3839 2468 3896 Calabri
2497 3855 2615 3894 cum
2650 3836 2832 3912 Afris;
2864 3847 3010 3890 tuam
3045 3843 3354 3906 potestatem
3403 3832 3585 3888 {Etuta

1975 3939 2122 4008 ignes
2152 3936 2559 4008 perhorrescunt
2590 3941 2637 3988 et
2672 3949 2793 3986 cum
2825 3934 2888 3987 iis
2932 3931 3323 4004 Tyrrhenorum
3348 3927 3501 3984 duces
3525 3945 3588 3982 ac

1977 4030 2382 4087 Pedemontani.
2429 4029 2496 4084 Te
2529 4023 2710 4083 Callia
2755 4027 2941 4084 metuit
2973 4035 3021 4080 et
3049 4032 3303 4096 quotquot
3331 4023 3501 4077 tribus
3534 4036 3586 4087 eg

1981 4123 2177 4196 lingua:
2226 4127 2369 4178 circa
2443 4119 2749 4190 Charybdin
2814 4137 2876 4175 ac
2933 4117 3171 4192 Scyllam
3233 4126 3325 4170 aut
3389 4117 3588 4169 circum

1981 4225 2175 4288 fretum
2218 4214 2500 4288 Ligiticutn
2557 4223 2605 4269 et
2677 4214 2860 4267 ambas
2932 4211 3114 4284 Syrtes
3183 4217 3586 4278 computantur.

1986 4308 2064 4363 Tu
2102 4311 2158 4364 in
2197 4307 2423 4364 Deucros
2449 4350 2464 4374 ,
2518 4307 2761 4369 Hunnos,
2815 4306 3099 4361 Pannones
3127 4305 3460 4370 dominaris;
3493 4320 3592 4357 no-

1984 4419 2104 4459 men
2151 4413 2299 4459 tuum
2355 4404 2548 4460 insulae
2610 4400 2950 4457 Bretannica!
2996 4399 3305 4461 celebrant,
3341 4416 3435 4453 nec
3469 4395 3589 4452 ulla

1982 4499 2292 4553 ueneranda
2347 4513 2530 4568 regum
2587 4496 2705 4567 ﬁlia
2758 4505 2808 4549 te
2861 4494 3130 4562 prtrcedit.
3177 4491 3390 4548 Vultum
3431 4499 3585 4546 tuum

1987 4600 2129 4647 totus
2154 4601 2370 4646 senatus
2400 4591 2647 4645 laudibus
2670 4592 2846 4663 effert;
2870 4599 2919 4644 te
2943 4587 3124 4660 populi
3157 4605 3398 4660 proceres
3423 4586 3590 4642 armis

1990 4692 2289 4756 protegunt.
2324 4681 2447 4748 Sed,
2476 4700 2504 4737 ο
2531 4681 2658 4739 Sion
2682 4681 2970 4753 septicollis
2991 4723 3003 4746 ,
3037 4679 3356 4752 ﬁliajunior
3385 4677 3590 4744 Romce,

1990 4779 2378 4848 imperatorum
2407 4786 2709 4830 nostrorum
2745 4777 2951 4841 domus,
2989 4775 3318 4846 egregiorum
3349 4773 3591 4842 ﬁliorum

1993 4869 2260 4940 genitrix,
2309 4867 2490 4924 saluta
2537 4869 2945 4940 imperatorem,
2993 4875 3161 4922 etme
3210 4867 3593 4935 complectere;

1995 4962 2236 5014 carmine
2261 4959 2469 5015 celebra
2498 4961 2846 5027 salvatorem,
2876 4962 3250 5031 imperatorem
3289 4969 3462 5016 tuum.

2068 5056 2273 5127 Rumpe
2291 5071 2465 5112 vocem
2492 5073 2603 5127 prce
2627 5055 2834 5120 latitia,
2858 5073 2968 5128 prce
2993 5055 3350 5125 iubilatione;
3375 5055 3594 5109 chorum

1997 5151 2121 5204 siste
2197 5149 2466 5219 festivum,
2528 5158 2688 5204 canta
2753 5149 3036 5216 salutem;
3087 5149 3368 5203 incolumis
3451 5151 3594 5204 enim

2001 5245 2244 5298 mansisti
2293 5254 2342 5298 et
2378 5243 2576 5298 nullius
2607 5243 2792 5315 populi
2822 5244 3008 5315 praeda
3042 5244 3252 5298 evasisti
3271 5261 3290 5310 ;
3323 5243 3416 5298 tibi
3445 5259 3596 5298 exer-

1997 5341 2136 5394 citus
2172 5338 2352 5393 multis
2399 5338 2640 5410 gentibus
2689 5340 3004 5407 compositus
3049 5339 3312 5408 pepercit;
3357 5353 3408 5391 es
3454 5337 3596 5408 enim

1997 5449 2115 5488 cum
2139 5441 2293 5503 patre
2315 5431 2497 5486 Romae
2523 5447 2669 5486 novae
2688 5430 2818 5484 lenis
2850 5430 3172 5485 dominator.
3201 5429 3404 5504 Jubila,
3435 5441 3595 5485 canta

1999 5543 2270 5598 pa’anem;
2318 5528 2370 5580 in
2413 5527 2668 5580 mmnibus
2706 5526 2876 5590 celsis,
2916 5543 3075 5590 super
3125 5525 3392 5578 montibus
3436 5519 3592 5577 editis

1999 5622 2337 5688 imperatoris
2371 5619 2693 5674 voluntatem
2719 5637 2780 5673 ac
2812 5618 3177 5672 celsitudinem
3205 5617 3429 5671 celebra.
3458 5614 3593 5671 Tam

2002 5711 2263 5777 illustres,
2313 5711 2557 5778 Romani,
2587 5713 2762 5767 videre.
2795 5729 2887 5767 nos
2919 5712 3153 5777 decebat,
3181 5711 3323 5763 reaes
3354 5703 3590 5779 porpbyo
