4054 6210
456 321 594 388 1403

1645 336 2046 401 THEODORI
2088 342 2493 410 PRODROMI

3563 357 3686 418 1404

452 448 488 514 ἡ
515 445 562 498 δ’
587 447 838 505 εὐτεκνία
864 450 998 520 ὁμοῦ
1024 453 1118 506 καὶ
1149 452 1478 508 πολυτεκνία
1508 457 1568 508 τὸ
1593 456 1785 530 ἕτερον
1805 474 1821 489 ο
1853 459 2034 514 λείπε-
2063 466 2106 523 Α
2135 464 2236 518 λιῶ
2270 467 2332 520 τὸ
2369 467 2593 538 σύμπαν
2627 467 2951 538 ὑπήκοον,ῆ
2988 465 3048 521 τδ
3076 466 3427 537 ἀληθέστερόν
3455 486 3513 536 γε
3533 470 3692 535 ἀγαλ-

452 557 545 592 ται
570 541 669 609 μὲν
699 541 802 608 ἔτι,
841 547 906 614 τῇ
933 545 988 598 δὲ
1017 546 1180 616 μέχρι
1213 546 1306 600 νῦν
1334 548 1441 601 ἀπὸ
1464 548 1570 602 τῶν
1598 551 1878 620 προγόνων
1905 555 2035 606 dum

455 633 642 706 λουθίᾳ
684 635 862 699 καλῶς
900 637 1226 702 οἶωνίζεται.
1263 641 1331 694 Τί
1364 642 1498 712 πρὸς
1532 643 1706 700 ταῦτα
1739 645 1918 713 λέγεις
1949 647 2039 701 θε-

456 724 656 777 σπεσία
697 724 845 797 ψυχὴ
897 733 990 781 καὶ
1035 730 1257 796 γλῶσσα
1280 733 1374 786 τοῦ
1417 735 1730 804 Καίσαροςς
1782 733 1909 810 'Ap‘
1936 739 2038 792 οὐκ

456 815 781 884 εὐδαίμονας
810 835 901 871 σου
927 821 1123 885 παῖδας
1151 821 1223 885 ὡς
1251 818 1362 876 οἷον
1390 843 1450 878 τε
1489 821 1554 898 ἦν
1585 829 1613 880 ὁ
1639 828 1796 898 λόγος
1819 831 2040 886 ἀπέδει-

457 909 587 974 ξενς
625 912 735 978 ἐγὼ
768 913 866 983 μὲν
903 909 1079 984 οἶμαι,
1107 918 1198 970 καὶ
1235 919 1294 972 οὐ
1335 920 1521 991 πόρῤω
1575 924 1704 988 ἴσως
1733 922 1883 996 οἶμαι
1916 945 2039 980 σκο-

457 1001 582 1057 ποῦ.
616 1004 680 1056 τί
711 1004 802 1059 οὖν
827 1008 953 1062 ἄλλο
975 1014 1149 1063 ποιεῖν
1178 1014 1268 1066 ἐπὶ
1296 1015 1530 1080 τούτοις,
1557 1016 1589 1088 ἦ
1621 1020 1836 1090 χαίρειν
1862 1023 2034 1087 εἰκὸς,

456 1096 553 1148 καὶ
585 1095 794 1160 πάντας
821 1098 918 1168 μὲν
955 1100 1171 1165 ἄλλους,
1227 1103 1463 1174 μάλιστα
1517 1105 1571 1160 δὲ
1620 1108 1746 1172 τοὺς
1770 1111 2040 1164 οἰκειοτά-

453 1205 618 1255 τους;
650 1189 721 1242 Σύ
754 1208 842 1259 μοι
874 1196 1030 1264 χαῖρε
1063 1195 1247 1249 λοιπον
1281 1197 1385 1268 προ
1416 1199 1524 1254 τῶν
1549 1202 1746 1269 ἄλλων,
1790 1205 1910 1273 ἱερὰ
1944 1208 2036 1258 καὶ

468 1282 589 1336 θεία
630 1283 958 1354 βασίὶισσα·
1017 1291 1116 1358 τὴν
1147 1295 1256 1358 γὰρ
1313 1293 1556 1362 ἀρχηγὸν
1606 1296 1696 1349 τοῦ
1725 1297 1913 1364 γένους
1943 1301 2036 1351 καὶ

457 1375 700 1447 ἀρχηγὸν
728 1371 868 1431 εἶναι
899 1379 1004 1452 χρὴ
1052 1385 1147 1453 τῆς
1180 1388 1378 1456 χαρᾶςο
1414 1389 1508 1440 καὶ
1536 1390 1598 1442 σὺ
1622 1390 1677 1442 δὲ
1713 1385 1776 1454 ὣ,
1817 1394 1907 1445 καὶ
1934 1394 2034 1446 οὐκ

457 1463 575 1522 οῖδα
603 1469 656 1522 τί
687 1470 806 1524 ποτ’
843 1472 905 1524 ἄν
949 1492 1006 1526 σε
1068 1479 1160 1529 καὶ
1189 1480 1501 1548 προσειπὼν
1528 1482 1694 1547 ἀξίως
1731 1485 2034 1553 προσείπω,

457 1558 714 1636 θειοτάτη
742 1569 1255 1639 πορφυρογέννητε,
1308 1578 1467 1644 χαῖρε
1516 1576 1609 1628 καὶ
1643 1575 1904 1648 συγχαιρέ
1931 1596 2037 1648 μου

457 1655 537 1726 τῷ
560 1655 793 1729 δεσπότῃ
830 1660 906 1727 τῷ
950 1661 1097 1732 σοφῷ
1133 1663 1395 1736 Καίσαρι.

530 1747 599 1819 η’.
636 1750 977 1824 Πεπέρανται
1013 1755 1141 1822 ὑμῖν
1167 1757 1273 1810 ίδοὺ
1306 1761 1338 1828 ὴ
1367 1760 1528 1831 εὐχὴ,
1562 1763 1655 1813 καὶ
1685 1763 1715 1832 ἡ
1746 1761 1928 1830 ἔφεσις
1952 1782 2038 1816 τε-

461 1842 808 1912 τελεύτηται.
828 1847 1013 1901 Εἵδετε
1033 1867 1403 1921 νυμφαγωγου
1416 1854 1863 1927 μένουςεὺτυχώς
1885 1859 2038 1930 ὑμῶν

459 1939 584 1999 τοὺς
613 1938 785 2001 υἱέας,
823 1944 1315 2012 στεφανουμένους,
1338 1948 1777 2017 κηρυττομένους
1801 1952 1864 2018 τῇ
1904 1966 2034 2017 συγ-

461 2029 645 2101 κλήτῳ
673 2030 860 2103 βουλῇ,
899 2035 976 2105 τῷ
1009 2035 1185 2107 δήμῳ,
1244 2036 1320 2106 τῷ
1359 2038 1589 2108 βήματι,
1635 2044 2036 2111 προπεμπομέο

460 2140 586 2186 νους
619 2122 688 2178 τὰ
720 2127 1098 2196 νυμφευτήρια
1136 2127 1213 2196 τῷ
1241 2130 1366 2199 χθὲς
1392 2130 1461 2182 τὰ
1501 2132 1746 2184 ἐπινίκια
1781 2149 2036 2204 προπεμ-

462 2216 650 2285 φθέντι
681 2217 810 2289 θείῳ
841 2220 933 2272 καὶ
993 2218 1225 2288 βασιλεῖ.
1306 2221 1533 2290 Σύμπας
1572 2223 1792 2276 ἀπέστω
1822 2224 2035 2292 φθόνος,

462 2309 662 2374 καλοὺς
692 2313 884 2377 καλαῖς
919 2314 1321 2384 ὲνυμφεύσατε,
1351 2315 1500 2380 ἄξιον
1556 2312 1712 2369 εἶπεν
1741 2315 1804 2368 ἄν
1835 2334 1914 2379 τ.ς
1944 2317 2036 2369 τοῦ

461 2405 664 2458 Πυθίου
717 2408 777 2458 τὸ
821 2406 1008 2476 χρῆμα
1030 2425 1043 2438 ·
1096 2409 1189 2460 καὶ
1225 2410 1384 2477 ὑμεῖς
1433 2408 1489 2462 δὲ
1522 2407 1655 2462 θεῖοι
1686 2409 1796 2462 τῶν
1830 2410 2037 2465 παίδων

460 2497 684 2566 χαίρετε
743 2498 1002 2568 βασιλεῖς,
1055 2500 1152 2554 καὶ
1205 2500 1344 2552 θεῖαι
1385 2500 1719 2572 βασίλισσαι,
1777 2502 1871 2553 ἐπὶ
1901 2503 2037 2554 πᾶσι

463 2593 559 2642 καὶ
592 2591 698 2661 πρὸ
751 2593 966 2647 πάντων
1024 2593 1182 2663 ὑμεῖς
1231 2594 1278 2645 οἱ
1313 2593 1572 2662 νυμφίον
1609 2593 1658 2646 οί
1707 2596 1812 2662 γάρ
1859 2592 2040 2656 ἄλλοις

463 2683 803 2754 εὐφροσύνης
853 2687 1142 2753 γεγονότες
1206 2685 1460 2749 ὑπόθεσις
1510 2685 1693 2756 πολλῷ
1726 2686 1890 2740 πλέον
1948 2685 2040 2755 γέ-

463 2776 630 2828 νοισθ’
661 2776 726 2828 ἂν
769 2778 982 2840 ἑαυτοῖς
1005 2793 1019 2808 ο
1051 2779 1196 2846 ὑμᾶς
1230 2795 1289 2829 τε
1329 2777 1438 2848 γάρ
1475 2778 1532 2829 αί
1575 2777 1914 2845 συζυγεῖσαι,
1941 2777 2041 2830 καὶ

463 2871 623 2938 ὑμεῖς
655 2870 750 2931 τάς
773 2871 1101 2938 συζυγείσας
1128 2871 1591 2942 ἁντευτυχὴιιατε,
1613 2873 1668 2923 αί
1693 2872 1750 2935 ἐξ
1780 2873 2039 2941 ἀρχηγῶν

460 2965 590 3025 τοὺς
627 2965 689 3016 ἐκ
728 2963 1013 3034 βασιλέων,
1044 2965 1142 3029 τὰς
1180 2965 1236 3032 ἐξ
1269 2945 1619 3036 άρχηγῶνῌοί
1645 2965 1708 3017 ὲκ
1741 2964 2035 3034 βασιλέων,

462 3059 518 3110 αἱ
543 3056 781 3120 νεάνιδες
808 3057 936 3119 τοὺς
961 3057 1135 3121 νέους,
1170 3059 1264 3113 καὶ
1295 3061 1344 3112 oi
1387 3058 1495 3110 νέοι
1530 3059 1765 3128 ἔμπαλιν
1791 3058 1887 3120 τὰς
1909 3057 2038 3109 νεά-

2139 552 2425 623 λιώμεθα·
2480 555 2683 610 δούλων
2717 558 2827 626 γὰρ
2872 556 3204 626 ἀγνωμόνων
3257 556 3332 626 μὴ
3393 557 3690 629 συγχαίρειν

2140 642 2394 713 χαίρουσι
2425 646 2539 708 τοῖς
2573 645 3054 716 mammam
3079 646 3228 714 σφῶν
3250 645 3450 700 ἑαυτῶν
3480 647 3536 699 τὸ
3563 648 3693 699 ἐκεί-

2139 753 2245 788 νων
2279 735 2445 804 γῆθος
2500 739 2696 799 ποιεῖν,
2730 737 2920 810 ὥσπερ
2954 739 3018 810 δὴ
3051 740 3146 793 καὶ
3173 742 3233 792 τὸ
3268 741 3516 794 ἐναντίον.
3563 743 3687 796 Ἀλλ’

2138 829 2477 898 άποτρέπεις
2516 831 2608 898 ἀφ’
2640 832 2797 901 ἡμῶν
2833 832 2901 885 τὰ
2951 834 3279 902 κακόφημα,
3316 835 3512 902 Χριστὲ
3547 835 3687 903 βασι.

2137 919 2253 974 λεῦ.
2291 919 2356 976 Εἴ
2407 940 2491 984 τις
2547 924 2823 994 αἴσθησις,
2868 925 2958 980 καὶ
2991 927 3056 978 σί)
3108 927 3206 996 τῆς
3239 929 3414 998 χαρᾶς
3463 931 3688 982 κοινώνει

2140 1009 2351 1081 θάλαμε
2407 1013 2496 1066 καί
2553 1017 2765 1078 παστὰς
2793 1032 2805 1046 °
2843 1018 3034 1086 μηδεὶς
3075 1017 3312 1073 ἐνταῦθα
3367 1019 3686 1089 σκυθρωπὸς,

2143 1103 2334 1174 μηδεὶς
2381 1108 2660 1177 κατηφὴς,
2715 1109 2893 1162 πάντα
2931 1111 3214 1179 μειοιάτω,
3247 1111 3423 1164 πάντα
3453 1113 3688 1182 χαιρέτω,

2143 1200 2320 1251 πάντα
2344 1201 2838 1267 συνεπαγαλλέσθω
2867 1205 2981 1264 τοῖς
3009 1204 3380 1274 τελουμένοις.

2220 1293 2284 1346 θ’.
2311 1293 2466 1346 Νικῶ
2492 1311 2606 1352 σου,
2640 1293 2798 1364 μῦθε,
2824 1296 2949 1356 τοὺς
2971 1295 3208 1366 γάμους,
3236 1297 3340 1350 κᾶν
3367 1298 3539 1367 δῶμεν
3572 1299 3693 1371 άλη-

2139 1387 2316 1440 θεύειν
2347 1386 2414 1439 τὰ
2441 1386 2757 1456 μυθούμενα
2778 1401 2792 1418 ⁶
2848 1389 2912 1440 σὺ
2943 1390 3043 1457 μὲν
3073 1389 3182 1459 γάρ
3229 1389 3397 1460 Πηλεῖ
3423 1393 3694 1458 συνάπτεις

2139 1480 2417 1551 θυγατέρα
2467 1481 2626 1534 Θέτιν
2661 1481 2836 1535 ἁλίοιο
2881 1483 3162 1552 γέροντος,
3198 1483 3310 1551 ἐγὼ
3341 1484 3394 1537 δὲ
3432 1487 3578 1538 παισὶ
3610 1487 3694 1556 βα-

2141 1571 2336 1623 σιλέων
2375 1569 2771 1634 ὲπιδοξοτάτων
2806 1571 3065 1641 ἀρχηγῶν
3117 1571 3423 1642 θυγατέρας
3449 1590 3460 1603 ·
3523 1575 3610 1628 καὶ
3639 1578 3692 1629 σὺ

2144 1664 2242 1734 μὲν
2274 1666 2331 1715 ὲν
2362 1663 2544 1734 ἄντρῳ
2581 1663 2899 1735 πετρήεντι,
2958 1662 3070 1732 ἐγὼ
3103 1662 3148 1716 δ’
3179 1667 3239 1719 ιν
3272 1665 3456 1729 αὐτοῖς
3484 1668 3695 1720 ἀνακτό-

2143 1775 2253 1831 ροις
2275 1757 2635 1826 νυμφοστολῶ
2662 1773 2677 1790 ⁸
2705 1759 2796 1811 καὶ
2821 1759 2884 1813 σὺ
2922 1759 3018 1829 μὲν
3049 1759 3377 1831 Ἀφροδίτην
3409 1777 3470 1814 συ
3482 1762 3695 1830 μποσιά-

2140 1850 2253 1914 ζεις
2281 1851 2375 1903 καὶ
2398 1849 2579 1920 Ἥραν
2608 1851 2704 1903 καὶ
2750 1851 3006 1920 Ἀθηνᾶν,
3031 1849 3142 1919 ἐγὼ
3172 1851 3231 1904 δὲ
3262 1852 3390 1915 ὅλας
3411 1851 3696 1916 δεσποίνας,

2137 1945 2320 2011 ’Ἥρας
2355 1945 2454 2014 μὲν
2489 1943 2946 2015 βασιλικωτέρας,
2973 1945 3426 2016 σωφρονεστέρας
3457 1947 3512 2001 δὲ
3552 1948 3695 2016 Ἀθη-

2137 2043 2254 2104 νᾶς,
2294 2043 2391 2096 καὶ
2457 2042 2780 2113 ’Δφροδίτης
2837 2042 3217 2115 ὼραιοτέρας·
3246 2043 3366 2109 ,καὶ
3397 2043 3460 2097 σὺ
3496 2043 3588 2114 μὲν
3612 2045 3697 2112 τὴν

2141 2130 2299 2202 Ἔριν
2330 2132 2572 2201 εἰσάγεις
2608 2132 2771 2203 δῆθεν
2821 2133 3177 2202 αὐτόκλητον,
3221 2133 3319 2187 καὶ
3360 2133 3423 2186 τὸ
3465 2135 3620 2204 μῆλον
3648 2135 3697 2187 ἐν

2140 2225 2292 2295 μέσῳ
2321 2225 2561 2297 ῥίπτεις,
2593 2227 2763 2297 μῆλον
2790 2229 2965 2281 ἐκεῖνο
2985 2228 3084 2298 τῆς
3117 2229 3248 2294 ὅλης
3293 2227 3515 2288 Ἰλιάδος
3546 2229 3699 2297 ἀφορ-

2140 2317 2270 2388 μὴν,
2311 2318 2406 2370 καὶ
2439 2319 2728 2390 ταράττεις
2751 2318 2843 2371 τὸν
2880 2319 3064 2384 πότον,
3096 2320 3190 2373 καὶ
3219 2317 3701 2390 ἀνακυμϐαλιάζεις

2135 2410 2262 2472 τοὺς
2287 2409 2534 2480 δίφρους,
2573 2409 2734 2463 τοῦτο
2763 2411 2828 2482 δὴ
2853 2411 2915 2465 τὸ
2943 2412 3266 2481 λεγόμενον,
3297 2415 3392 2467 καὶ
3421 2413 3535 2465 κατ’
3557 2412 3700 2481 ἀλλή-

2137 2497 2247 2552 λων
2274 2501 2519 2565 ὁπλίζεις
2547 2503 2678 2566 τοὺς
2700 2503 3056 2574 δαιτυμόνας,
3090 2504 3204 2572 ἐγὼ
3237 2506 3296 2558 δὲ
3330 2505 3422 2558 καὶ
3444 2503 3538 2576 τὴν
3565 2504 3702 2573 Ἔριν

2139 2595 2220 2658 είς
2261 2592 2322 2648 τὺ
2377 2593 2597 2648 δεῖπνον
2644 2595 3078 2666 παραλαμϐάνω,
3143 2597 3238 2651 καὶ
3289 2597 3390 2665 τῆς
3441 2597 3624 2665 ἑορτῆς
3647 2595 3699 2648 οὐ

2139 2685 2458 2760 καθυϐρίζω
2482 2687 2541 2740 τὸ
2569 2688 2864 2760 πρόσωπον
2889 2705 2906 2722 ·
2957 2690 3119 2760 Ἔριν
3145 2691 3360 2760 ταύτην
3390 2691 3450 2743 οὐ
3482 2693 3578 2759 τὴν
3606 2705 3702 2760 μω-

2142 2777 2342 2848 μητὴν,
2371 2777 2492 2830 οὐδὲ
2518 2777 2618 2849 τὴν
2643 2777 3011 2850 κακόχαρτον,
3045 2780 3162 2832 ἀλλ’
3184 2781 3251 2852 ἦν
3279 2798 3377 2834 κεν
3409 2782 3700 2834 ἐπαινέσειε

2139 2870 2340 2940 νοήσας
2369 2887 2384 2901 ⁸
2418 2869 2562 2924 οὕτω
2595 2872 2901 2943 σεμνότερα
2933 2874 3114 2944 πολλῷ
3137 2876 3243 2928 τῶν
3271 2875 3464 2944 μύθων
3499 2876 3564 2928 τά
3593 2873 3698 2927 καθ’

2139 2963 2309 3036 ἡμᾶς,
2342 2964 2449 3018 κᾶν
2493 2963 2569 3036 μὴ
2617 2964 2786 3036 μῦθος
2817 2961 2907 3036 ἧν,
2940 2968 3034 3020 καὶ
3055 2967 3436 3035 ὲπιδοξὸτερα.

2224 3063 2279 3113 ι’.
2309 3057 2404 3122 Τίς
2432 3057 2524 3112 οὖν
2555 3060 2817 3132 φθονερὸς
2842 3059 3004 3126 οὕτω,
3043 3063 3136 3113 καὶ
3167 3061 3472 3130 ἀνέραστος
3495 3058 3587 3113 τοῦ
3615 3075 3700 3114 κα-

461 3154 627 3216 νιδας.
668 3154 774 3206 Καὶ
801 3153 957 3223 ὑμεῖς
981 3153 1040 3206 δὲ
1075 3155 1456 3224 τρισευτυχεῖς
1477 3152 1749 3223 γεγήθατε
1798 3150 2034 3222 νύμφαι,
2065 3186 2108 3244 C
2138 3149 2257 3216 λοῦ,
2286 3149 2362 3214 ὡς
2395 3151 2468 3222 μὴ
2492 3153 2712 3223 χαίρειν
2764 3153 2866 3222 μὲν
2897 3153 2991 3206 ἐπὶ
3025 3156 3134 3218 τοῖς
3175 3153 3471 3224 παροῦσιν,
3505 3152 3710 3220 ἐπεύχε-

461 3248 559 3298 καὶ
596 3240 662 3318 τῇ
722 3245 1012 3313 σεμνότητι
1063 3246 1333 3317 Δουκαίνῃ
1379 3245 1474 3297 καὶ
1527 3244 1666 3315 καλῇ
1718 3243 1826 3298 τῶν
1853 3244 2035 3297 καλῶν

463 3335 710 3406 νυμφίων
752 3338 958 3406 ἀδελφῇ
1003 3339 1409 3406 συγγεγήθατε,
1449 3332 1514 3408 ἧς
1539 3338 1631 3390 καὶ
1659 3336 1831 3391 τᾶλλα
1861 3336 2038 3389 πάντα

466 3424 691 3496 ζηλοῦτε
724 3428 819 3496 τῆς
842 3426 1021 3499 ἀώρου
1055 3428 1178 3498 δίχα
1207 3427 1435 3500 χηρείας
1455 3444 1471 3460 ο
1508 3429 1601 3480 ἐπὶ
1629 3428 1840 3490 τούτοις
1871 3427 2038 3496 άγαλ⁴

464 3591 623 3644 mur?
653 3589 838 3646 Nonne
864 3591 962 3661 ﬁlii
989 3592 1065 3644 tui
1097 3591 1272 3660 felices
1299 3605 1472 3655 erunt,
1503 3601 1551 3646 et
1581 3608 1741 3659 supra
1771 3607 1927 3660 quam
1959 3589 2040 3653 {as

465 3695 542 3740 est
581 3688 836 3756 sperare?
876 3685 987 3756 Ego
1024 3688 1231 3756 quidem
1275 3689 1460 3741 bonam
1501 3705 1640 3755 spem
1683 3687 1949 3752 concipio,
1993 3695 2040 3738 et

466 3788 601 3833 recte
629 3779 860 3848 quidem,
891 3781 943 3833 ni
973 3780 1152 3848 fallor.
1185 3780 1324 3845 Quid
1353 3781 1515 3851 igitur
1539 3789 1700 3834 restat
1733 3781 1834 3832 nisi
1863 3791 1917 3832 ιιι
1948 3795 2040 3832 nos

467 3879 520 3923 et
556 3869 679 3936 alii,
714 3881 760 3924 et
794 3874 1089 3939 prresertim
1123 3871 1412 3938 familiares
1446 3874 1803 3941 gaudeamus?
1838 3870 1914 3924 Tu
1949 3889 2046 3924 au-

468 3975 598 4030 tem,
639 3966 975 4033 impcratrix,
1013 3967 1184 4032 prima
1223 3969 1452 4020 omnium
1495 3966 1700 4019 ltetare.
1739 3966 1869 4030 Quae
1906 3967 2043 4018 enim

471 4058 691 4127 [antilia'
720 4069 877 4124 caput
905 4069 1000 4122 est,
1028 4060 1364 4126 gaudentium
1392 4073 1594 4126 quoque
1621 4060 1835 4111 chorum
1864 4060 2042 4110 ducat.
2106 4075 2112 4082 ·

474 4152 554 4208 Tu
584 4169 704 4223 ergo
737 4157 860 4224 (quo
895 4169 1010 4206 vero
1048 4161 1094 4204 te
1129 4153 1334 4204 nomine
1370 4151 1685 4220 appellem?)
1716 4152 1906 4203 iterum
1937 4150 2051 4203 col-

473 4245 656 4301 la'tare
691 4240 808 4301 cum
844 4245 1058 4299 domino
1090 4254 1269 4299 nostro
1305 4256 1458 4316 atque
1491 4246 1804 4314 imperatore
1839 4244 2051 4314 sapien-

476 4339 698 4394 tissime.

543 4431 597 4485 8.
641 4430 780 4485 Ecce
819 4445 998 4501 preces
1043 4429 1197 4483 dicta!
1243 4439 1396 4494 sunt;
1437 4441 1609 4483 votum
1649 4428 1910 4499 expletum
1952 4440 2051 4484 est.

2144 3243 2266 3296 σθαι
2293 3243 2349 3296 δὲ
2389 3248 2503 3305 τοῖς
2556 3246 2913 3315 τελετάρχαις
2945 3246 3012 3298 τά
3045 3245 3212 3312 λὼῖα;
3263 3246 3352 3308 ὡς
3407 3245 3583 3315 ἔγωγε
3626 3242 3708 3295 καὶ

2145 3335 2385 3405 ἅλλομαι
2414 3337 2610 3408 μικροῦ
2633 3339 2729 3390 ἐπὶ
2761 3337 2840 3408 τῷ
2872 3339 3197 3409 πράγματι,
3232 3341 3331 3394 καὶ⁴
3369 3339 3592 3410 σκιρτῶ,
3627 3333 3710 3390 καὶ

2144 3428 2238 3481 τὸν
2268 3429 2362 3483 τοῦ
2410 3432 2612 3486 Ἰεσσαὶ
2639 3435 2929 3504 προφήτην
2949 3432 3107 3487 τοῦτο
3129 3435 3188 3487 τὸ
3223 3437 3395 3506 μέρος
3422 3427 3710 3504 άπομιμοῦ·

2151 3589 2253 3640 tari
2283 3598 2330 3644 et
2358 3588 2652 3644 dolentibus
2684 3608 2787 3646 non
2817 3593 3114 3648 condolere.
3149 3593 3226 3647 Tu
3257 3603 3466 3657 autem,
3500 3591 3712 3647 Christe.

2151 3683 2290 3734 mala
2330 3685 2510 3738 omnia
2546 3703 2576 3736 a
2615 3685 2762 3739 nobis
2800 3695 2992 3740 averte.
3031 3686 3134 3740 Sed
3168 3697 3226 3739 tu
3262 3683 3488 3755 quoque,
3522 3685 3564 3738 si
3599 3682 3708 3747 φιίά

2148 3779 2328 3839 sentis,
2363 3787 2513 3831 torus
2544 3779 2792 3847 genialis,
2828 3781 3023 3848 gaudia
3059 3771 3334 3834 nobiscum
3360 3781 3532 3832 misce.
3560 3774 3710 3828 Nemo

2151 3868 2246 3920 hoc
2297 3870 2350 3920 in
2381 3869 2496 3923 loco
2524 3882 2733 3924 maestus
2765 3872 2991 3925 tristisve
3018 3872 3118 3936 sit;
3147 3873 3360 3926 rideant
3392 3869 3588 3934 omnia,
3615 3883 3714 3920 om-

2153 3965 2241 4014 nia
2273 3963 2567 4030 gaudeant,
2599 3964 2860 4017 exsultent
2890 3965 2952 4017 de
2983 3965 3133 4019 rebus
3163 3965 3416 4034 peractis.

2221 4053 2274 4107 9.
2294 4052 2515 4123 Supero.
2537 4055 2876 4124 mythologia,
2895 4071 3023 4123 quas
3048 4065 3102 4107 tu
3117 4071 3308 4109 narras
3333 4053 3717 4124 nuptias,dum-

2152 4149 2307 4201 modo
2330 4147 2528 4216 fabulis
2551 4149 2706 4215 ﬁdem
2729 4151 2942 4203 damus.
2967 4147 3044 4202 Tu
3065 4149 3276 4219 quidem
3308 4149 3454 4202 Pelei
3476 4147 3712 4201 connubio

2155 4239 2341 4294 Thetin
2365 4240 2502 4295 senis
2529 4240 2784 4293 maritimi
2806 4240 2972 4307 ﬁliam
2987 4241 3195 4310 jungis,
3221 4257 3313 4310 ego
3339 4257 3456 4294 cum
3479 4240 3602 4307 ﬁliis
3641 4254 3716 4291 re-

2153 4335 2252 4403 giis
2295 4334 2589 4388 illustrium
2622 4335 2816 4387 ducum
2859 4334 3001 4403 ﬁlias
3027 4335 3171 4399 unio,
3219 4344 3266 4388 et
3309 4335 3357 4388 si
3405 4344 3458 4388 tu
3502 4335 3552 4386 in
3578 4343 3715 4385 antro

2153 4441 2365 4488 saxoso,
2402 4441 2496 4495 ego
2536 4426 2590 4478 ist
2631 4424 2791 4480 cubili
2829 4425 2993 4494 regali
3034 4426 3247 4494 nuptias
3284 4425 3541 4479 celebrari
3579 4439 3712 4476 cura.

471 4523 592 4579 Jam
635 4525 734 4592 ﬁlii
775 4524 932 4578 vestri
971 4523 1209 4576 coronati
1245 4539 1435 4591 pompa
1475 4522 1702 4590 nuptiali
1742 4524 2049 4592 procedunt,
2084 4527 2130 4583 ι)
2158 4516 2236 4572 Tu
2269 4517 2477 4586 quidem
2510 4513 2779 4579 Venerem,
2808 4514 3069 4570 Iunonem
3104 4527 3151 4570 et
3188 4515 3478 4570 Minervam
3513 4519 3577 4568 ad
3609 4531 3721 4582 cpu-

467 4619 696 4681 senatui,
725 4616 1210 4686 populo,tribunali
1235 4615 1669 4669 commendantur
1689 4625 1736 4670 et
1764 4617 2054 4684 imperato-

468 4712 542 4764 ris
570 4711 780 4780 vestigia
805 4710 1042 4764 hesterno
1068 4708 1155 4762 die
1183 4707 1360 4761 relicta
1389 4715 1694 4775 sequuntur.
1722 4707 1869 4762 Absit
1896 4710 2049 4779 longe

470 4801 639 4856 omnis
665 4801 887 4864 invidia,
912 4800 1049 4868 ﬁlios
1073 4797 1319 4864 pulchros
1340 4797 1571 4866 pulchris
1593 4797 1806 4866 ﬁliabus
1833 4799 2056 4866 despon-

471 4895 653 4958 sastis,
696 4906 834 4947 recte
880 4892 1152 4945 oraculum
1202 4889 1478 4962 Pythicum
1527 4891 1740 4944 dixerit.
1784 4893 2048 4960 Agedum,

472 4989 695 5058 gaudete
727 4987 1070 5054 imperatores
1105 4993 1256 5054 atque
1291 4983 1648 5050 imperatrices
1686 4983 1938 5037 divinitus
1974 4986 2058 5038 in-

471 5081 688 5137 stitulct',
719 5087 768 5131 et
797 5088 918 5131 ante
943 5091 1140 5140 omnes,
1171 5091 1256 5128 vos
1287 5075 1482 5143 sponsi.
1512 5073 1572 5128 Si
1598 5075 1732 5127 enim
1764 5077 1884 5129 aliis
1913 5075 2055 5129 hila-

477 5171 653 5224 ritatis
682 5187 848 5224 causa
873 5170 1016 5230 estis,
1046 5180 1238 5238 quanto
1269 5168 1434 5237 magis
1465 5167 1714 5220 vobismet
1744 5167 1890 5221 eritis
1919 5166 2050 5235 ipsi!

494 5263 646 5318 Vobis
681 5265 819 5316 enim
852 5277 1063 5325 uxores,
1097 5272 1147 5315 et
1182 5277 1267 5315 vos
1304 5261 1554 5314 uxoribus
1587 5260 1857 5328 felicitatis
1890 5269 2056 5312 mate-

488 5359 624 5410 riam
657 5354 918 5421 pra'betis,
952 5365 1009 5408 ut
1044 5355 1204 5407 moris
1238 5366 1312 5406 est
1348 5353 1488 5405 inter
1515 5354 1864 5406 adolescentes
1902 5363 2057 5422 atque

477 5448 702 5520 puellas.
745 5445 845 5500 Vos
881 5463 1083 5516 sponsa:
1119 5457 1196 5500 ter
1233 5445 1412 5512 felices
1446 5445 1683 5514 gaudetis
1719 5445 1783 5498 de
1817 5444 2063 5500 Ducena:

478 5542 704 5613 familia:
736 5539 1009 5593 nobilitate
1042 5548 1089 5592 et
1123 5541 1188 5592 de
1224 5539 1419 5594 sororis
1454 5538 1669 5607 fortuna
1695 5578 1709 5602 ,
1743 5541 1828 5590 cui
1864 5549 2057 5605 prteter

477 5645 856 5705 pramaturam
900 5634 1203 5689 viduitatem
1246 5633 1422 5696 omnia
1463 5631 1728 5685 invidetis.
1766 5632 1937 5698 Super
1971 5631 2052 5682 his

483 5742 608 5798 ergo
639 5743 816 5783 omnes
849 5728 902 5782 in
934 5726 1183 5798 gaudium
1215 5725 1567 5793 eﬂ’undarnur.
1599 5723 1881 5779 Servorum
1913 5726 2053 5777 enim

488 5819 645 5890 plane
674 5818 1014 5878 illiberalium
1044 5827 1118 5875 est
1152 5818 1378 5872 dominis
1408 5818 1708 5874 (celantibus
1742 5833 1844 5870 non
1875 5816 2052 5870 collce-

2158 4608 2238 4664 las
2265 4608 2480 4673 invitas,
2507 4625 2600 4679 ego
2629 4625 2748 4663 vero
2775 4609 3018 4662 dominas
3045 4626 3164 4678 qua:
3191 4607 3451 4663 lunonem
3486 4607 3623 4676 regia
3649 4608 3722 4666 di-

2161 4705 2379 4775 gnitate,
2425 4703 2716 4757 Minervam
2765 4704 3026 4772 sapientia
3071 4713 3118 4755 et
3175 4702 3418 4757 Venerem
3471 4711 3720 4755 venustate

2159 4804 2429 4865 superant.
2458 4794 2513 4849 Si
2544 4803 2599 4848 tu
2632 4792 2763 4848 Erin
2788 4811 2990 4862 semper
3016 4803 3314 4863 promptam
3347 4793 3652 4848 introducis,
3677 4797 3721 4841 et

2158 4906 2369 4956 pomum
2403 4891 2454 4943 in
2487 4889 2712 4943 medium
2744 4889 2996 4958 proficis,
3030 4887 3166 4958 quod
3201 4898 3274 4942 tot
3307 4886 3565 4940 malorum
3597 4885 3720 4939 Ilia-

2157 4983 2274 5036 dem
2327 4984 2518 5037 creavit
2570 4993 2616 5036 et
2667 4984 3005 5037 convivarum
3056 4991 3243 5035 cauum
3291 4980 3637 5039 disturbat-it;
3681 4977 3721 5029 si

2157 5077 2355 5131 mensis
2396 5075 2586 5131 eversis
2640 5077 3000 5129 canvivatores
3065 5085 3249 5128 contra
3293 5092 3344 5129 se
3387 5075 3603 5128 invicem
3645 5088 3721 5122 ar-

2158 5185 2309 5233 mas;
2337 5185 2430 5239 ego
2460 5184 2662 5239 quoque
2693 5167 2825 5220 Erin
2857 5168 2926 5221 ad
2955 5168 3245 5221 convivium
3273 5167 3497 5235 appello,
3527 5167 3612 5218 sed
3638 5166 3719 5215 ito-

2165 5262 2364 5313 minum
2396 5272 2579 5313 catum
2610 5261 2820 5314 minime
2849 5259 3131 5330 confundo.
3163 5257 3285 5313 Eris
3314 5260 3446 5314 enim
3481 5275 3594 5311 mea
3624 5273 3719 5311 non

2168 5352 2452 5414 malevola,
2494 5369 2595 5406 non
2639 5353 2986 5420 objurgatrix,
3026 5352 3118 5406 sed
3155 5369 3272 5422 qua:
3313 5369 3426 5405 cum
3469 5369 3600 5404 sana
3642 5366 3720 5401 ra-

2174 5449 2310 5501 tione
2346 5449 2576 5516 procedit
2611 5458 2661 5499 et
2698 5447 2828 5500 Erin
2861 5447 3008 5500 illam
3045 5447 3339 5518 fabulosam
3374 5446 3524 5512 longe
3558 5444 3719 5496 vincit.

2244 5538 2330 5592 10.
2372 5539 2502 5603 Quis
2533 5539 2696 5608 igitur
2721 5541 2852 5593 adeo
2884 5540 3199 5604 invidiosus,
3232 5540 3344 5608 quis
3373 5549 3477 5590 tant
3514 5536 3651 5589 rudis
3677 5544 3720 5586 et

2164 5629 2584 5699 pulchritudinis
2615 5645 2787 5682 rerum
2815 5629 3062 5682 inimicus
3090 5640 3145 5682 ut
3172 5630 3236 5684 de
3261 5630 3335 5682 his
3365 5643 3479 5697 qute
3504 5627 3720 5679 videmus

2164 5739 2264 5777 non
2293 5721 2539 5792 gaudeat,
2569 5731 2620 5775 ut
2649 5723 3015 5792 mysteriorum
3043 5723 3375 5776 curatoribus
3403 5736 3509 5772 non
3538 5720 3720 5782 Optima

2161 5831 2376 5873 Itua'aue
2401 5817 2577 5876 optet?
2602 5813 2734 5870 Ecce
2759 5832 2850 5880 eqo
2880 5832 2986 5883 prce
3015 5818 3208 5886 gaudio
3238 5816 3434 5872 exsulto
3459 5827 3503 5870 et
3536 5812 3716 5868 Isaiam
