  <div class='ocr_page' id='page_1' title='image "/cluster/home/n/w/nwhite01/storage/ocr_20150623/133/hvd.32044073502502/711.png"; bbox 0 0 4054 6210; ppageno 0'>
   <div class='ocr_carea' id='block_1_1' title="bbox 303 261 1962 375">
    <p class='ocr_par' dir='ltr' id='par_1_1' title="bbox 303 287 1962 375">
     <span class='ocr_line' id='line_1_1' title="bbox 303 287 1962 375; baseline -0.013 -4"><span class='ocrx_word' id='word_1_1' title='bbox 303 305 436 375; x_wconf 77' lang='grc'><strong><em>1411</em></strong></span> <span class='ocrx_word' id='word_1_2' title='bbox 1492 287 1895 356; x_wconf 78' lang='lat' dir='ltr'><strong><em>TIIEODORI</em></strong></span> <span class='ocrx_word' id='word_1_3' title='bbox 1931 289 1962 348; x_wconf 79' lang='grc' dir='ltr'>ῐ</span> 
     </span>
    </p>
   </div>
   <div class='ocr_carea' id='block_1_2' title="bbox 2067 261 3577 375">
    <p class='ocr_par' dir='ltr' id='par_1_2' title="bbox 2067 261 3577 375">
     <span class='ocr_line' id='line_1_2' title="bbox 2067 261 3577 375; baseline -0.004 -28"><span class='ocrx_word' id='word_1_4' title='bbox 2067 285 2344 349; x_wconf 79' lang='lat' dir='ltr'><strong><em>)DROMI</em></strong></span> <span class='ocrx_word' id='word_1_5' title='bbox 2779 374 2783 375; x_wconf 10' lang='grc' dir='ltr'>ί</span> <span class='ocrx_word' id='word_1_6' title='bbox 3429 261 3577 326; x_wconf 71' lang='grc'><strong><em>1412</em></strong></span> 
     </span>
    </p>
   </div>
   <div class='ocr_carea' id='block_1_3' title="bbox 302 409 1549 492">
    <p class='ocr_par' dir='ltr' id='par_1_3' title="bbox 302 409 1549 492">
     <span class='ocr_line' id='line_1_3' title="bbox 302 409 1549 492; baseline -0.01 -18"><span class='ocrx_word' id='word_1_7' title='bbox 302 429 379 480; x_wconf 80' lang='grc' dir='ltr'><strong><em>υὺ</em></strong></span> <span class='ocrx_word' id='word_1_8' title='bbox 420 418 587 492; x_wconf 74' lang='grc' dir='ltr'>μικρᾶ</span> <span class='ocrx_word' id='word_1_9' title='bbox 624 417 668 471; x_wconf 80' lang='grc' dir='ltr'><strong><em>δ’</em></strong></span> <span class='ocrx_word' id='word_1_10' title='bbox 698 415 991 486; x_wconf 72' lang='grc' dir='ltr'>ὲξήνεγκα,</span> <span class='ocrx_word' id='word_1_11' title='bbox 1027 416 1123 467; x_wconf 67' lang='grc' dir='ltr'><strong><em>καὶ</em></strong></span> <span class='ocrx_word' id='word_1_12' title='bbox 1162 412 1298 485; x_wconf 67' lang='grc' dir='ltr'>πρὸς</span> <span class='ocrx_word' id='word_1_13' title='bbox 1331 409 1549 482; x_wconf 75' lang='grc' dir='ltr'>ἡμέραν</span> 
     </span>
    </p>
   </div>
   <div class='ocr_carea' id='block_1_4' title="bbox 315 507 1455 582">
    <p class='ocr_par' dir='ltr' id='par_1_4' title="bbox 315 507 1455 582">
     <span class='ocr_line' id='line_1_4' title="bbox 315 507 1455 582; baseline -0.01 -13"><span class='ocrx_word' id='word_1_14' title='bbox 315 517 411 569; x_wconf 64' lang='grc' dir='ltr'><strong><em>Ἐκ</em></strong></span> <span class='ocrx_word' id='word_1_15' title='bbox 448 515 556 568; x_wconf 86' lang='grc' dir='ltr'><strong><em>τῶν</em></strong></span> <span class='ocrx_word' id='word_1_16' title='bbox 590 512 798 582; x_wconf 84' lang='grc' dir='ltr'>ὀνύχων</span> <span class='ocrx_word' id='word_1_17' title='bbox 820 512 911 563; x_wconf 79' lang='grc' dir='ltr'><strong><em>τὸν</em></strong></span> <span class='ocrx_word' id='word_1_18' title='bbox 942 508 1134 562; x_wconf 81' lang='grc' dir='ltr'>λέοντά</span> <span class='ocrx_word' id='word_1_19' title='bbox 1163 525 1247 560; x_wconf 87' lang='grc' dir='ltr'><strong><em>σοι</em></strong></span> <span class='ocrx_word' id='word_1_20' title='bbox 1278 507 1455 574; x_wconf 78' lang='grc' dir='ltr'>φανῶ,</span> 
     </span>
    </p>
   </div>
   <div class='ocr_carea' id='block_1_5' title="bbox 308 597 1666 678">
    <p class='ocr_par' dir='ltr' id='par_1_5' title="bbox 308 597 1666 678">
     <span class='ocr_line' id='line_1_5' title="bbox 308 597 1666 678; baseline -0.007 -16"><span class='ocrx_word' id='word_1_21' title='bbox 308 609 381 662; x_wconf 83' lang='grc' dir='ltr'><strong><em>’ίι</em></strong></span> <span class='ocrx_word' id='word_1_22' title='bbox 416 607 615 678; x_wconf 80' lang='grc' dir='ltr'>μᾶλλον</span> <span class='ocrx_word' id='word_1_23' title='bbox 635 608 692 658; x_wconf 69' lang='grc' dir='ltr'>οὐ</span> <span class='ocrx_word' id='word_1_24' title='bbox 732 603 833 666; x_wconf 65' lang='grc' dir='ltr'>σοὶ,</span> <span class='ocrx_word' id='word_1_25' title='bbox 871 605 981 664; x_wconf 79' lang='grc' dir='ltr'>τοῖς</span> <span class='ocrx_word' id='word_1_26' title='bbox 1020 603 1076 654; x_wconf 78' lang='grc' dir='ltr'>δὲ</span> <span class='ocrx_word' id='word_1_27' title='bbox 1116 600 1241 654; x_wconf 85' lang='grc' dir='ltr'>νοῦν</span> <span class='ocrx_word' id='word_1_28' title='bbox 1282 597 1666 668; x_wconf 75' lang='grc' dir='ltr'><strong><em>κεκτημένοις.</em></strong></span> 
     </span>
    </p>
   </div>
   <div class='ocr_carea' id='block_1_6' title="bbox 311 692 1428 770">
    <p class='ocr_par' dir='ltr' id='par_1_6' title="bbox 311 692 1428 770">
     <span class='ocr_line' id='line_1_6' title="bbox 311 692 1428 770; baseline -0.008 -17"><span class='ocrx_word' id='word_1_29' title='bbox 311 702 612 770; x_wconf 74' lang='grc' dir='ltr'>’Δναρχον,</span> <span class='ocrx_word' id='word_1_30' title='bbox 652 699 819 768; x_wconf 82' lang='grc' dir='ltr'>ἁρχὴ,</span> <span class='ocrx_word' id='word_1_31' title='bbox 864 695 1065 759; x_wconf 73' lang='grc' dir='ltr'>παντὸς</span> <span class='ocrx_word' id='word_1_32' title='bbox 1096 694 1248 747; x_wconf 86' lang='grc' dir='ltr'>αἰτία</span> <span class='ocrx_word' id='word_1_33' title='bbox 1273 692 1428 757; x_wconf 78' lang='grc' dir='ltr'>Θεὸς,</span> 
     </span>
    </p>
   </div>
   <div class='ocr_carea' id='block_1_7' title="bbox 309 786 1413 859">
    <p class='ocr_par' dir='ltr' id='par_1_7' title="bbox 309 786 1413 859">
     <span class='ocr_line' id='line_1_7' title="bbox 309 786 1413 859; baseline -0.007 -14"><span class='ocrx_word' id='word_1_34' title='bbox 309 792 623 853; x_wconf 77' lang='grc' dir='ltr'>Βασιλικὸν,</span> <span class='ocrx_word' id='word_1_35' title='bbox 651 788 893 859; x_wconf 85' lang='grc' dir='ltr'>βέϐαιον,</span> <span class='ocrx_word' id='word_1_36' title='bbox 922 789 979 839; x_wconf 80' lang='grc' dir='ltr'><strong><em>ὲν</em></strong></span> <span class='ocrx_word' id='word_1_37' title='bbox 1014 786 1198 855; x_wconf 78' lang='grc' dir='ltr'>ταυτῷ</span> <span class='ocrx_word' id='word_1_38' title='bbox 1226 786 1413 857; x_wconf 82' lang='grc' dir='ltr'>μένον,</span> 
     </span>
    </p>
   </div>
   <div class='ocr_carea' id='block_1_8' title="bbox 311 876 1568 953">
    <p class='ocr_par' dir='ltr' id='par_1_8' title="bbox 311 876 1568 953">
     <span class='ocr_line' id='line_1_8' title="bbox 311 876 1568 953; baseline -0.007 -17"><span class='ocrx_word' id='word_1_39' title='bbox 311 883 629 952; x_wconf 65' lang='grc' dir='ltr'>Γλυκασμῆς</span> <span class='ocrx_word' id='word_1_40' title='bbox 659 882 908 953; x_wconf 72' lang='grc' dir='ltr'>ἔμφρων,</span> <span class='ocrx_word' id='word_1_41' title='bbox 942 881 1215 948; x_wconf 80' lang='grc' dir='ltr'>αύτέρως,</span> <span class='ocrx_word' id='word_1_42' title='bbox 1249 876 1568 947; x_wconf 74' lang='grc' dir='ltr'>αύταγὰπη,</span> 
     </span>
    </p>
   </div>
   <div class='ocr_carea' id='block_1_9' title="bbox 313 971 1458 1046">
    <p class='ocr_par' dir='ltr' id='par_1_9' title="bbox 313 971 1458 1046">
     <span class='ocr_line' id='line_1_9' title="bbox 313 971 1458 1046; baseline -0.006 -16"><span class='ocrx_word' id='word_1_43' title='bbox 313 976 649 1046; x_wconf 75' lang='grc' dir='ltr'>Δωρητικόν,</span> <span class='ocrx_word' id='word_1_44' title='bbox 686 974 967 1036; x_wconf 83' lang='grc' dir='ltr'>πλούσιον,</span> <span class='ocrx_word' id='word_1_45' title='bbox 999 973 1175 1036; x_wconf 71' lang='grc' dir='ltr'>εύθὲς,</span> <span class='ocrx_word' id='word_1_46' title='bbox 1209 971 1458 1040; x_wconf 74' lang='grc' dir='ltr'>εύθύτης,</span> 
     </span>
    </p>
   </div>
   <div class='ocr_carea' id='block_1_10' title="bbox 319 1063 1553 1137">
    <p class='ocr_par' dir='ltr' id='par_1_10' title="bbox 319 1063 1553 1137">
     <span class='ocr_line' id='line_1_10' title="bbox 319 1063 1553 1137; baseline -0.008 -13"><span class='ocrx_word' id='word_1_47' title='bbox 319 1073 438 1133; x_wconf 82' lang='grc' dir='ltr'>Ἐν,</span> <span class='ocrx_word' id='word_1_48' title='bbox 461 1070 678 1131; x_wconf 77' lang='grc' dir='ltr'>ταυτὸν,</span> <span class='ocrx_word' id='word_1_49' title='bbox 712 1063 850 1133; x_wconf 73' lang='grc' dir='ltr'>ἶσον,</span> <span class='ocrx_word' id='word_1_50' title='bbox 885 1066 1069 1137; x_wconf 75' lang='grc' dir='ltr'>ἄρτιον</span> <span class='ocrx_word' id='word_1_51' title='bbox 1102 1066 1323 1120; x_wconf 76' lang='grc' dir='ltr'>πάντων</span> <span class='ocrx_word' id='word_1_52' title='bbox 1354 1066 1553 1134; x_wconf 74' lang='grc' dir='ltr'>πέρας,</span> 
     </span>
    </p>
   </div>
   <div class='ocr_carea' id='block_1_11' title="bbox 317 1154 1395 1228">
    <p class='ocr_par' dir='ltr' id='par_1_11' title="bbox 317 1154 1395 1228">
     <span class='ocr_line' id='line_1_11' title="bbox 317 1154 1395 1228; baseline -0.009 -14"><span class='ocrx_word' id='word_1_53' title='bbox 317 1161 468 1228; x_wconf 78' lang='grc' dir='ltr'>Ζωὴ,</span> <span class='ocrx_word' id='word_1_54' title='bbox 501 1159 666 1211; x_wconf 74' lang='grc' dir='ltr'>καλὸν</span> <span class='ocrx_word' id='word_1_55' title='bbox 689 1157 826 1226; x_wconf 75' lang='grc' dir='ltr'>φῶς,</span> <span class='ocrx_word' id='word_1_56' title='bbox 860 1155 1172 1222; x_wconf 78' lang='grc' dir='ltr'>αύτάγαθος</span> <span class='ocrx_word' id='word_1_57' title='bbox 1214 1154 1395 1215; x_wconf 77' lang='grc' dir='ltr'>οὐσία,</span> 
     </span>
    </p>
   </div>
   <div class='ocr_carea' id='block_1_12' title="bbox 326 1247 1436 1319">
    <p class='ocr_par' dir='ltr' id='par_1_12' title="bbox 326 1247 1436 1319">
     <span class='ocr_line' id='line_1_12' title="bbox 326 1247 1436 1319; baseline -0.007 -14"><span class='ocrx_word' id='word_1_58' title='bbox 326 1253 482 1315; x_wconf 77' lang='grc' dir='ltr'>Ὶίδὺ,</span> <span class='ocrx_word' id='word_1_59' title='bbox 515 1251 1067 1319; x_wconf 73' lang='grc' dir='ltr'>προ;;.ηθὲς,όντότης,</span> <span class='ocrx_word' id='word_1_60' title='bbox 1105 1247 1436 1318; x_wconf 75' lang='grc' dir='ltr'>ἀπειρότης,</span> 
     </span>
    </p>
   </div>
   <div class='ocr_carea' id='block_1_13' title="bbox 1905 389 3217 474">
    <p class='ocr_par' dir='ltr' id='par_1_13' title="bbox 1905 389 3217 474">
     <span class='ocr_line' id='line_1_13' title="bbox 1905 389 3217 474; baseline -0.027 -2"><span class='ocrx_word' id='word_1_61' title='bbox 1905 409 1946 463; x_wconf 73' lang='grc' dir='ltr'><strong>Α</strong></span> <span class='ocrx_word' id='word_1_62' title='bbox 1987 403 2083 468; x_wconf 73' lang='grc' dir='ltr'><strong><em>Ὃς</em></strong></span> <span class='ocrx_word' id='word_1_63' title='bbox 2119 404 2217 456; x_wconf 71' lang='grc' dir='ltr'>σὺν</span> <span class='ocrx_word' id='word_1_64' title='bbox 2249 402 2370 474; x_wconf 72' lang='grc' dir='ltr'>Θεῷ</span> <span class='ocrx_word' id='word_1_65' title='bbox 2401 400 2700 470; x_wconf 83' lang='grc' dir='ltr'>σύμπαντα</span> <span class='ocrx_word' id='word_1_66' title='bbox 2730 397 2822 451; x_wconf 72' lang='grc' dir='ltr'>τὸν</span> <span class='ocrx_word' id='word_1_67' title='bbox 2853 393 3024 447; x_wconf 81' lang='grc' dir='ltr'>πάλαι</span> <span class='ocrx_word' id='word_1_68' title='bbox 3049 389 3217 457; x_wconf 86' lang='grc' dir='ltr'>νόμον</span> 
     </span>
    </p>
   </div>
   <div class='ocr_carea' id='block_1_14' title="bbox 1988 480 3278 564">
    <p class='ocr_par' dir='ltr' id='par_1_14' title="bbox 1988 480 3278 564">
     <span class='ocr_line' id='line_1_14' title="bbox 1988 480 3278 564; baseline -0.009 -15"><span class='ocrx_word' id='word_1_69' title='bbox 1988 497 2097 549; x_wconf 74' lang='grc' dir='ltr'>Καὶ</span> <span class='ocrx_word' id='word_1_70' title='bbox 2124 497 2214 548; x_wconf 82' lang='grc' dir='ltr'>τὸν</span> <span class='ocrx_word' id='word_1_71' title='bbox 2240 493 2360 548; x_wconf 77' lang='grc' dir='ltr'>καθ’</span> <span class='ocrx_word' id='word_1_72' title='bbox 2396 494 2541 564; x_wconf 77' lang='grc' dir='ltr'>ἡμᾶς</span> <span class='ocrx_word' id='word_1_73' title='bbox 2577 494 2634 544; x_wconf 79' lang='grc' dir='ltr'>ὲν</span> <span class='ocrx_word' id='word_1_74' title='bbox 2665 489 2870 558; x_wconf 78' lang='grc' dir='ltr'><strong><em>στίχοις</em></strong></span> <span class='ocrx_word' id='word_1_75' title='bbox 2895 480 3278 554; x_wconf 75' lang='grc' dir='ltr'>τετραστίχοιί</span> 
     </span>
    </p>
   </div>
   <div class='ocr_carea' id='block_1_15' title="bbox 1991 576 3112 661">
    <p class='ocr_par' dir='ltr' id='par_1_15' title="bbox 1991 576 3112 661">
     <span class='ocr_line' id='line_1_15' title="bbox 1991 576 3112 661; baseline -0.015 -17"><span class='ocrx_word' id='word_1_76' title='bbox 1991 588 2372 661; x_wconf 60' lang='grc' dir='ltr'>Παραφράσας</span> <span class='ocrx_word' id='word_1_77' title='bbox 2404 585 2655 639; x_wconf 71' lang='grc' dir='ltr'>εὔκλειαν</span> <span class='ocrx_word' id='word_1_78' title='bbox 2681 576 3112 648; x_wconf 79' lang='grc' dir='ltr'><strong><em>ἁπηνεγκάμην.</em></strong></span> 
     </span>
    </p>
   </div>
   <div class='ocr_carea' id='block_1_16' title="bbox 2003 669 3040 753">
    <p class='ocr_par' dir='ltr' id='par_1_16' title="bbox 2003 669 3040 753">
     <span class='ocr_line' id='line_1_16' title="bbox 2003 669 3040 753; baseline -0.017 -15"><span class='ocrx_word' id='word_1_79' title='bbox 2003 682 2144 753; x_wconf 81' lang='grc' dir='ltr'><strong><em>Ἐγὼ</em></strong></span> <span class='ocrx_word' id='word_1_80' title='bbox 2167 681 2301 736; x_wconf 82' lang='grc' dir='ltr'>Θεοῦ</span> <span class='ocrx_word' id='word_1_81' title='bbox 2329 676 2632 752; x_wconf 71' lang='grc' dir='ltr'>πόρρωθεν,</span> <span class='ocrx_word' id='word_1_82' title='bbox 2655 670 2697 728; x_wconf 82' lang='grc' dir='ltr'>ὧ</span> <span class='ocrx_word' id='word_1_83' title='bbox 2727 669 2864 726; x_wconf 83' lang='grc' dir='ltr'>Θεοῦ</span> <span class='ocrx_word' id='word_1_84' title='bbox 2887 669 3002 736; x_wconf 75' lang='grc' dir='ltr'>ξένε</span> <span class='ocrx_word' id='word_1_85' title='bbox 3025 685 3040 734; x_wconf 87' lang='grc'>;</span> 
     </span>
    </p>
   </div>
   <div class='ocr_carea' id='block_1_17' title="bbox 1998 762 3193 849">
    <p class='ocr_par' dir='ltr' id='par_1_17' title="bbox 1998 762 3193 849">
     <span class='ocr_line' id='line_1_17' title="bbox 1998 762 3193 849; baseline -0.017 -15"><span class='ocrx_word' id='word_1_86' title='bbox 1998 781 2095 841; x_wconf 77' lang='grc' dir='ltr'>Ὃς</span> <span class='ocrx_word' id='word_1_87' title='bbox 2134 777 2300 849; x_wconf 72' lang='grc' dir='ltr'><strong><em>μηδὲν</em></strong></span> <span class='ocrx_word' id='word_1_88' title='bbox 2325 775 2454 828; x_wconf 75' lang='grc' dir='ltr'>ἄλλο</span> <span class='ocrx_word' id='word_1_89' title='bbox 2484 772 2621 843; x_wconf 83' lang='grc' dir='ltr'>πλὴν</span> <span class='ocrx_word' id='word_1_90' title='bbox 2653 767 2788 824; x_wconf 84' lang='grc' dir='ltr'>Θεοῦ</span> <span class='ocrx_word' id='word_1_91' title='bbox 2822 765 2985 837; x_wconf 80' lang='grc' dir='ltr'><strong><em>μόνου</em></strong></span> <span class='ocrx_word' id='word_1_92' title='bbox 3019 762 3193 816; x_wconf 82' lang='grc' dir='ltr'><strong><em>πνέω.</em></strong></span> 
     </span>
    </p>
   </div>
   <div class='ocr_carea' id='block_1_18' title="bbox 2007 860 3045 942">
    <p class='ocr_par' dir='ltr' id='par_1_18' title="bbox 2007 860 3045 942">
     <span class='ocr_line' id='line_1_18' title="bbox 2007 860 3045 942; baseline -0.01 -21"><span class='ocrx_word' id='word_1_93' title='bbox 2007 874 2149 941; x_wconf 82' lang='grc' dir='ltr'>Ἐγὼ</span> <span class='ocrx_word' id='word_1_94' title='bbox 2183 873 2357 942; x_wconf 79' lang='grc' dir='ltr'>μέθης</span> <span class='ocrx_word' id='word_1_95' title='bbox 2383 870 2690 938; x_wconf 78' lang='grc' dir='ltr'>πάρεργον,</span> <span class='ocrx_word' id='word_1_96' title='bbox 2717 860 3003 934; x_wconf 76' lang='grc' dir='ltr'>ἡλιθιότης</span> <span class='ocrx_word' id='word_1_97' title='bbox 3029 876 3045 926; x_wconf 89' lang='lat'><strong>;</strong></span> 
     </span>
    </p>
   </div>
   <div class='ocr_carea' id='block_1_19' title="bbox 1997 955 3026 1032">
    <p class='ocr_par' dir='ltr' id='par_1_19' title="bbox 1997 955 3026 1032">
     <span class='ocr_line' id='line_1_19' title="bbox 1997 955 3026 1032; baseline -0.016 -12"><span class='ocrx_word' id='word_1_98' title='bbox 1997 967 2131 1019; x_wconf 85' lang='grc' dir='ltr'>Θεοῦ</span> <span class='ocrx_word' id='word_1_99' title='bbox 2168 965 2319 1032; x_wconf 78' lang='grc' dir='ltr'>ξένος</span> <span class='ocrx_word' id='word_1_100' title='bbox 2351 963 2532 1032; x_wconf 84' lang='grc' dir='ltr'>γένοιο</span> <span class='ocrx_word' id='word_1_101' title='bbox 2564 961 2656 1013; x_wconf 86' lang='grc' dir='ltr'><strong><em>τοῦ</em></strong></span> <span class='ocrx_word' id='word_1_102' title='bbox 2692 958 2826 1010; x_wconf 82' lang='grc' dir='ltr'>Θεοῦ</span> <span class='ocrx_word' id='word_1_103' title='bbox 2852 955 3026 1019; x_wconf 77' lang='grc' dir='ltr'>ξένος,</span> 
     </span>
    </p>
   </div>
   <div class='ocr_carea' id='block_1_20' title="bbox 2011 1042 3376 1129">
    <p class='ocr_par' dir='ltr' id='par_1_20' title="bbox 2011 1042 3376 1129">
     <span class='ocr_line' id='line_1_20' title="bbox 2011 1042 3376 1129; baseline -0.016 -15"><span class='ocrx_word' id='word_1_104' title='bbox 2011 1061 2069 1113; x_wconf 86' lang='grc' dir='ltr'>Ὀ</span> <span class='ocrx_word' id='word_1_105' title='bbox 2100 1060 2276 1113; x_wconf 85' lang='grc' dir='ltr'>ταῦτα.</span> <span class='ocrx_word' id='word_1_106' title='bbox 2315 1055 2529 1128; x_wconf 87' lang='grc' dir='ltr'>τολμῶν</span> <span class='ocrx_word' id='word_1_107' title='bbox 2557 1054 2882 1124; x_wconf 70' lang='grc' dir='ltr'>φληναφεῖν,</span> <span class='ocrx_word' id='word_1_108' title='bbox 2917 1049 3126 1129; x_wconf 68' lang='grc' dir='ltr'>ληρεῖν,</span> <span class='ocrx_word' id='word_1_109' title='bbox 3168 1042 3376 1110; x_wconf 85' lang='grc' dir='ltr'>λέγειν.</span> 
     </span>
    </p>
   </div>
   <div class='ocr_carea' id='block_1_21' title="bbox 2011 1129 3225 1222">
    <p class='ocr_par' dir='ltr' id='par_1_21' title="bbox 2011 1129 3225 1222">
     <span class='ocr_line' id='line_1_21' title="bbox 2011 1129 3225 1222; baseline -0.014 -16"><span class='ocrx_word' id='word_1_110' title='bbox 2011 1151 2176 1222; x_wconf 80' lang='grc' dir='ltr'>Ἐγὼ,</span> <span class='ocrx_word' id='word_1_111' title='bbox 2212 1151 2459 1213; x_wconf 80' lang='grc' dir='ltr'>κάκιστε,</span> <span class='ocrx_word' id='word_1_112' title='bbox 2495 1148 2757 1216; x_wconf 81' lang='grc' dir='ltr'>δυσσεϐὴς</span> <span class='ocrx_word' id='word_1_113' title='bbox 2791 1147 2870 1208; x_wconf 86' lang='grc' dir='ltr'><strong><em>είς</em></strong></span> <span class='ocrx_word' id='word_1_114' title='bbox 2901 1145 2992 1198; x_wconf 82' lang='grc' dir='ltr'><strong><em>τὸν</em></strong></span> <span class='ocrx_word' id='word_1_115' title='bbox 3020 1129 3225 1208; x_wconf 69' lang='grc' dir='ltr'>Λόγονς</span> 
     </span>
    </p>
   </div>
   <div class='ocr_carea' id='block_1_22' title="bbox 2008 1233 3106 1313">
    <p class='ocr_par' dir='ltr' id='par_1_22' title="bbox 2008 1233 3106 1313">
     <span class='ocr_line' id='line_1_22' title="bbox 2008 1233 3106 1313; baseline -0.011 -15"><span class='ocrx_word' id='word_1_116' title='bbox 2008 1247 2103 1306; x_wconf 86' lang='grc' dir='ltr'>Ὃς</span> <span class='ocrx_word' id='word_1_117' title='bbox 2145 1244 2404 1313; x_wconf 83' lang='grc' dir='ltr'>Πατέρων</span> <span class='ocrx_word' id='word_1_118' title='bbox 2437 1240 2536 1310; x_wconf 76' lang='grc' dir='ltr'><strong><em>μὲν</em></strong></span> <span class='ocrx_word' id='word_1_119' title='bbox 2565 1238 2766 1306; x_wconf 71' lang='grc' dir='ltr'><strong><em>ὲξέφην</em></strong></span> <span class='ocrx_word' id='word_1_120' title='bbox 2794 1233 3106 1304; x_wconf 79' lang='grc' dir='ltr'>θεοφρόνων</span> 
     </span>
    </p>
   </div>
   <div class='ocr_carea' id='block_1_23' title="bbox 2003 1322 3312 1410">
    <p class='ocr_par' dir='ltr' id='par_1_23' title="bbox 2003 1322 3312 1410">
     <span class='ocr_line' id='line_1_23' title="bbox 2003 1322 3312 1410; baseline -0.014 -18"><span class='ocrx_word' id='word_1_121' title='bbox 2003 1339 2114 1410; x_wconf 78' lang='grc' dir='ltr'><strong><em>Τὴν</em></strong></span> <span class='ocrx_word' id='word_1_122' title='bbox 2146 1339 2328 1390; x_wconf 75' lang='grc' dir='ltr'>πίστιν</span> <span class='ocrx_word' id='word_1_123' title='bbox 2355 1336 2415 1389; x_wconf 75' lang='grc' dir='ltr'><strong><em>ἐκ</em></strong></span> <span class='ocrx_word' id='word_1_124' title='bbox 2449 1352 2507 1388; x_wconf 83' lang='grc' dir='ltr'><strong><em>τε</em></strong></span> <span class='ocrx_word' id='word_1_125' title='bbox 2539 1331 2888 1402; x_wconf 71' lang='grc' dir='ltr'><strong><em>πραγμάτων</em></strong></span> <span class='ocrx_word' id='word_1_126' title='bbox 2925 1322 3312 1396; x_wconf 80' lang='grc' dir='ltr'>τειστουμένων</span> 
     </span>
    </p>
   </div>
   <div class='ocr_carea' id='block_1_24' title="bbox 2005 1423 3152 1502">
    <p class='ocr_par' dir='ltr' id='par_1_24' title="bbox 2005 1423 3152 1502">
     <span class='ocr_line' id='line_1_24' title="bbox 2005 1423 3152 1502; baseline -0.01 -14"><span class='ocrx_word' id='word_1_127' title='bbox 2005 1435 2116 1488; x_wconf 74' lang='grc' dir='ltr'>Καὶ</span> <span class='ocrx_word' id='word_1_128' title='bbox 2146 1433 2392 1502; x_wconf 79' lang='grc' dir='ltr'><strong><em>κλήσεων</em></strong></span> <span class='ocrx_word' id='word_1_129' title='bbox 2432 1430 2668 1502; x_wconf 82' lang='grc' dir='ltr'>μάλιστα</span> <span class='ocrx_word' id='word_1_130' title='bbox 2703 1427 2988 1495; x_wconf 76' lang='grc' dir='ltr'>Χριστωνυ</span> <span class='ocrx_word' id='word_1_131' title='bbox 3001 1423 3152 1491; x_wconf 80' lang='grc' dir='ltr'>μίας.</span> 
     </span>
    </p>
   </div>
   <div class='ocr_carea' id='block_1_25' title="bbox 2009 1516 3246 1594">
    <p class='ocr_par' dir='ltr' id='par_1_25' title="bbox 2009 1516 3246 1594">
     <span class='ocr_line' id='line_1_25' title="bbox 2009 1516 3246 1594; baseline -0.011 -14"><span class='ocrx_word' id='word_1_132' title='bbox 2009 1528 2244 1580; x_wconf 70' lang='grc' dir='ltr'>Πάππου</span> <span class='ocrx_word' id='word_1_133' title='bbox 2274 1526 2382 1594; x_wconf 82' lang='grc' dir='ltr'>γὰρ</span> <span class='ocrx_word' id='word_1_134' title='bbox 2409 1522 2720 1593; x_wconf 79' lang='grc' dir='ltr'>εύμοίρηκα</span> <span class='ocrx_word' id='word_1_135' title='bbox 2749 1516 3246 1589; x_wconf 86' lang='grc' dir='ltr'>Προδρομωνύμου,</span> 
     </span>
    </p>
   </div>
   <div class='ocr_carea' id='block_1_26' title="bbox 2009 1609 3161 1686">
    <p class='ocr_par' dir='ltr' id='par_1_26' title="bbox 2009 1609 3161 1686">
     <span class='ocr_line' id='line_1_26' title="bbox 2009 1609 3161 1686; baseline -0.01 -13"><span class='ocrx_word' id='word_1_136' title='bbox 2009 1622 2053 1673; x_wconf 77' lang='grc' dir='ltr'>Κ</span> <span class='ocrx_word' id='word_1_137' title='bbox 2066 1623 2121 1671; x_wconf 80' lang='grc' dir='ltr'><strong><em>αἰ</em></strong></span> <span class='ocrx_word' id='word_1_138' title='bbox 2147 1619 2288 1673; x_wconf 77' lang='grc' dir='ltr'>θεῖον</span> <span class='ocrx_word' id='word_1_139' title='bbox 2312 1617 2470 1686; x_wconf 78' lang='grc' dir='ltr'>ἔσχον</span> <span class='ocrx_word' id='word_1_140' title='bbox 2497 1615 2734 1686; x_wconf 84' lang='grc' dir='ltr'>Χριστὸν</span> <span class='ocrx_word' id='word_1_141' title='bbox 2762 1609 3161 1683; x_wconf 65' lang='grc' dir='ltr'><strong><em>ὠνομασμένον</em></strong></span> 
     </span>
    </p>
   </div>
   <div class='ocr_carea' id='block_1_27' title="bbox 319 1338 1542 1417">
    <p class='ocr_par' dir='ltr' id='par_1_27' title="bbox 319 1338 1542 1417">
     <span class='ocr_line' id='line_1_27' title="bbox 319 1338 1542 1417; baseline -0.008 -17"><span class='ocrx_word' id='word_1_142' title='bbox 319 1348 614 1417; x_wconf 74' lang='grc' dir='ltr'>Θεουργον,</span> <span class='ocrx_word' id='word_1_143' title='bbox 651 1343 877 1410; x_wconf 76' lang='grc' dir='ltr'>ἁπλοῦν,</span> <span class='ocrx_word' id='word_1_144' title='bbox 913 1341 1106 1413; x_wconf 78' lang='grc' dir='ltr'>ἀρετὴ,</span> <span class='ocrx_word' id='word_1_145' title='bbox 1146 1340 1368 1411; x_wconf 70' lang='grc' dir='ltr'>σύμπαν</span> <span class='ocrx_word' id='word_1_146' title='bbox 1398 1338 1542 1401; x_wconf 82' lang='grc' dir='ltr'>ὅλον,</span> 
     </span>
    </p>
   </div>
   <div class='ocr_carea' id='block_1_28' title="bbox 329 1435 1262 1507">
    <p class='ocr_par' dir='ltr' id='par_1_28' title="bbox 329 1435 1262 1507">
     <span class='ocr_line' id='line_1_28' title="bbox 329 1435 1262 1507; baseline -0.009 -13"><span class='ocrx_word' id='word_1_147' title='bbox 329 1440 637 1507; x_wconf 55' lang='grc' dir='ltr'>Ὶκακκότης,</span> <span class='ocrx_word' id='word_1_148' title='bbox 671 1437 901 1501; x_wconf 76' lang='grc' dir='ltr'>δίκαιον,</span> <span class='ocrx_word' id='word_1_149' title='bbox 940 1435 1262 1502; x_wconf 53' lang='grc' dir='ltr'>αύτοσοςία,</span> 
     </span>
    </p>
   </div>
   <div class='ocr_carea' id='block_1_29' title="bbox 321 1526 1326 1602">
    <p class='ocr_par' dir='ltr' id='par_1_29' title="bbox 321 1526 1326 1602">
     <span class='ocr_line' id='line_1_29' title="bbox 321 1526 1326 1602; baseline -0.008 -16"><span class='ocrx_word' id='word_1_150' title='bbox 321 1529 709 1602; x_wconf 76' lang='grc' dir='ltr'>Κοσμουργὸν,</span> <span class='ocrx_word' id='word_1_151' title='bbox 744 1529 1036 1590; x_wconf 82' lang='grc' dir='ltr'>ἀθάνατον,</span> <span class='ocrx_word' id='word_1_152' title='bbox 1068 1526 1299 1590; x_wconf 70' lang='grc' dir='ltr'>ἀειζωτα</span> <span class='ocrx_word' id='word_1_153' title='bbox 1311 1567 1326 1584; x_wconf 82' lang='grc'><strong>.</strong></span> 
     </span>
    </p>
   </div>
   <div class='ocr_carea' id='block_1_30' title="bbox 323 1616 1443 1691">
    <p class='ocr_par' dir='ltr' id='par_1_30' title="bbox 323 1616 1443 1691">
     <span class='ocr_line' id='line_1_30' title="bbox 323 1616 1443 1691; baseline -0.006 -17"><span class='ocrx_word' id='word_1_154' title='bbox 323 1621 626 1691; x_wconf 80' lang='grc' dir='ltr'>Λυτρω-τικ“</span> <span class='ocrx_word' id='word_1_155' title='bbox 647 1637 696 1682; x_wconf 93' lang='grc' dir='ltr'><strong><em>ν,</em></strong></span> <span class='ocrx_word' id='word_1_156' title='bbox 719 1618 894 1672; x_wconf 80' lang='grc' dir='ltr'>πάντα</span> <span class='ocrx_word' id='word_1_157' title='bbox 906 1634 1050 1687; x_wconf 84' lang='grc' dir='ltr'>ρχον,</span> <span class='ocrx_word' id='word_1_158' title='bbox 1082 1616 1443 1686; x_wconf 75' lang='grc' dir='ltr'>αύθαγιότης,</span> 
     </span>
    </p>
   </div>
   <div class='ocr_carea' id='block_1_31' title="bbox 325 1711 1425 1782">
    <p class='ocr_par' dir='ltr' id='par_1_31' title="bbox 325 1711 1425 1782">
     <span class='ocr_line' id='line_1_31' title="bbox 325 1711 1425 1782; baseline -0.005 -15"><span class='ocrx_word' id='word_1_159' title='bbox 325 1712 700 1782; x_wconf 76' lang='grc' dir='ltr'>Μονοκρατὲς,</span> <span class='ocrx_word' id='word_1_160' title='bbox 744 1711 955 1779; x_wconf 78' lang='grc' dir='ltr'>κύριον,</span> <span class='ocrx_word' id='word_1_161' title='bbox 990 1711 1247 1763; x_wconf 69' lang='grc' dir='ltr'>ἁπάντων</span> <span class='ocrx_word' id='word_1_162' title='bbox 1279 1711 1425 1778; x_wconf 77' lang='grc' dir='ltr'>ὄρος,</span> 
     </span>
    </p>
   </div>
   <div class='ocr_carea' id='block_1_32' title="bbox 327 1800 1766 1874">
    <p class='ocr_par' dir='ltr' id='par_1_32' title="bbox 327 1800 1766 1874">
     <span class='ocr_line' id='line_1_32' title="bbox 327 1800 1766 1874; baseline -0.006 -14"><span class='ocrx_word' id='word_1_163' title='bbox 327 1805 496 1871; x_wconf 81' lang='grc' dir='ltr'>Νοῦς,</span> <span class='ocrx_word' id='word_1_164' title='bbox 525 1808 619 1859; x_wconf 77' lang='grc' dir='ltr'>καὶ</span> <span class='ocrx_word' id='word_1_165' title='bbox 647 1807 821 1873; x_wconf 81' lang='grc' dir='ltr'>λόγος,</span> <span class='ocrx_word' id='word_1_166' title='bbox 857 1807 950 1856; x_wconf 73' lang='grc' dir='ltr'>καὶ</span> <span class='ocrx_word' id='word_1_167' title='bbox 983 1803 1202 1874; x_wconf 83' lang='grc' dir='ltr'>πνεῦμα</span> <span class='ocrx_word' id='word_1_168' title='bbox 1223 1818 1236 1832; x_wconf 83' lang='lat'>&#39;</span> <span class='ocrx_word' id='word_1_169' title='bbox 1280 1804 1450 1856; x_wconf 83' lang='grc' dir='ltr'>ταῦτα</span> <span class='ocrx_word' id='word_1_170' title='bbox 1477 1804 1585 1870; x_wconf 71' lang='grc' dir='ltr'>γὰρ</span> <span class='ocrx_word' id='word_1_171' title='bbox 1613 1800 1766 1863; x_wconf 74' lang='grc' dir='ltr'>Θεὸς,</span> 
     </span>
    </p>
   </div>
   <div class='ocr_carea' id='block_1_33' title="bbox 329 1895 1415 1967">
    <p class='ocr_par' dir='ltr' id='par_1_33' title="bbox 329 1895 1415 1967">
     <span class='ocr_line' id='line_1_33' title="bbox 329 1895 1415 1967; baseline -0.005 -16"><span class='ocrx_word' id='word_1_172' title='bbox 329 1898 596 1967; x_wconf 76' lang='grc' dir='ltr'>Ξύμφυλα</span> <span class='ocrx_word' id='word_1_173' title='bbox 630 1900 806 1967; x_wconf 67' lang='grc' dir='ltr'>πάντη</span> <span class='ocrx_word' id='word_1_174' title='bbox 846 1895 937 1950; x_wconf 53' lang='grc' dir='ltr'><strong><em>καί⁷</em></strong></span> <span class='ocrx_word' id='word_1_175' title='bbox 973 1895 1415 1966; x_wconf 64' lang='grc' dir='ltr'>ξυνουσιωμέναο</span> 
     </span>
    </p>
   </div>
   <div class='ocr_carea' id='block_1_34' title="bbox 341 1986 1555 2062">
    <p class='ocr_par' dir='ltr' id='par_1_34' title="bbox 341 1986 1555 2062">
     <span class='ocr_line' id='line_1_34' title="bbox 341 1986 1555 2062; baseline -0.007 -17"><span class='ocrx_word' id='word_1_176' title='bbox 341 1992 404 2044; x_wconf 85' lang='grc' dir='ltr'>Ὀ</span> <span class='ocrx_word' id='word_1_177' title='bbox 438 1991 538 2062; x_wconf 77' lang='grc' dir='ltr'><strong><em>μὲν</em></strong></span> <span class='ocrx_word' id='word_1_178' title='bbox 582 1993 754 2058; x_wconf 82' lang='grc' dir='ltr'>Λόγος</span> <span class='ocrx_word' id='word_1_179' title='bbox 782 1988 876 2042; x_wconf 87' lang='grc' dir='ltr'><strong><em>νοῦ</em></strong></span> <span class='ocrx_word' id='word_1_180' title='bbox 910 1991 1075 2057; x_wconf 80' lang='grc' dir='ltr'>γέννα</span> <span class='ocrx_word' id='word_1_181' title='bbox 1104 1987 1199 2041; x_wconf 87' lang='grc' dir='ltr'><strong><em>τοῦ</em></strong></span> <span class='ocrx_word' id='word_1_182' title='bbox 1240 1986 1555 2052; x_wconf 77' lang='grc' dir='ltr'><strong><em>παναιτίου,</em></strong></span> 
     </span>
    </p>
   </div>
   <div class='ocr_carea' id='block_1_35' title="bbox 335 2084 1432 2156">
    <p class='ocr_par' dir='ltr' id='par_1_35' title="bbox 335 2084 1432 2156">
     <span class='ocr_line' id='line_1_35' title="bbox 335 2084 1432 2156; baseline -0.007 -14"><span class='ocrx_word' id='word_1_183' title='bbox 335 2087 611 2156; x_wconf 79' lang='grc' dir='ltr'>Πανάγιος</span> <span class='ocrx_word' id='word_1_184' title='bbox 637 2089 765 2150; x_wconf 82' lang='grc' dir='ltr'>παῖς</span> <span class='ocrx_word' id='word_1_185' title='bbox 797 2085 1011 2155; x_wconf 67' lang='grc' dir='ltr'>Πατρός</span> <span class='ocrx_word' id='word_1_186' title='bbox 1039 2087 1102 2137; x_wconf 80' lang='grc' dir='ltr'><strong><em>ὲκ</em></strong></span> <span class='ocrx_word' id='word_1_187' title='bbox 1134 2084 1432 2152; x_wconf 79' lang='grc' dir='ltr'>παναγίου,</span> 
     </span>
    </p>
   </div>
   <div class='ocr_carea' id='block_1_36' title="bbox 346 2182 1535 2255">
    <p class='ocr_par' dir='ltr' id='par_1_36' title="bbox 346 2182 1535 2255">
     <span class='ocr_line' id='line_1_36' title="bbox 346 2182 1535 2255; baseline 0.01 -22"><span class='ocrx_word' id='word_1_188' title='bbox 346 2184 534 2253; x_wconf 74' lang='grc' dir='ltr'>Ῥίζης</span> <span class='ocrx_word' id='word_1_189' title='bbox 558 2185 796 2255; x_wconf 75' lang='grc' dir='ltr'>ἀνάρχου</span> <span class='ocrx_word' id='word_1_190' title='bbox 833 2184 1048 2255; x_wconf 78' lang='grc' dir='ltr'>καρπὸς</span> <span class='ocrx_word' id='word_1_191' title='bbox 1074 2184 1313 2253; x_wconf 79' lang='grc' dir='ltr'>ἄναρχος</span> <span class='ocrx_word' id='word_1_192' title='bbox 1351 2182 1535 2252; x_wconf 75' lang='grc' dir='ltr'>μόνος,</span> 
     </span>
    </p>
   </div>
   <div class='ocr_carea' id='block_1_37' title="bbox 1941 1705 3271 1817">
    <p class='ocr_par' dir='ltr' id='par_1_37' title="bbox 1941 1705 3271 1817">
     <span class='ocr_line' id='line_1_37' title="bbox 1941 1705 3271 1817; baseline -0.031 -26"><span class='ocrx_word' id='word_1_193' title='bbox 1941 1757 1986 1817; x_wconf 67' lang='grc' dir='ltr'><strong>η</strong></span> <span class='ocrx_word' id='word_1_194' title='bbox 2012 1717 2119 1783; x_wconf 71' lang='grc' dir='ltr'><strong><em>Γῆς</em></strong></span> <span class='ocrx_word' id='word_1_195' title='bbox 2163 1715 2431 1782; x_wconf 72' lang='grc' dir='ltr'>Ῥωτικῆς</span> <span class='ocrx_word' id='word_1_196' title='bbox 2469 1710 2734 1780; x_wconf 72' lang='grc' dir='ltr'>πρόεδρον</span> <span class='ocrx_word' id='word_1_197' title='bbox 2766 1706 2937 1777; x_wconf 72' lang='grc' dir='ltr'>ἁϐρὸν</span> <span class='ocrx_word' id='word_1_198' title='bbox 2969 1707 3027 1757; x_wconf 82' lang='grc' dir='ltr'><strong><em>ὲν</em></strong></span> <span class='ocrx_word' id='word_1_199' title='bbox 3065 1705 3271 1772; x_wconf 82' lang='grc' dir='ltr'>λόγοις,</span> 
     </span>
    </p>
   </div>
   <div class='ocr_carea' id='block_1_38' title="bbox 2025 1802 3202 1877">
    <p class='ocr_par' dir='ltr' id='par_1_38' title="bbox 2025 1802 3202 1877">
     <span class='ocr_line' id='line_1_38' title="bbox 2025 1802 3202 1877; baseline -0.008 -15"><span class='ocrx_word' id='word_1_200' title='bbox 2025 1809 2148 1877; x_wconf 80' lang='grc' dir='ltr'><strong><em>Ὑφ’</em></strong></span> <span class='ocrx_word' id='word_1_201' title='bbox 2179 1803 2263 1870; x_wconf 79' lang='grc' dir='ltr'>οἷς</span> <span class='ocrx_word' id='word_1_202' title='bbox 2301 1806 2559 1876; x_wconf 82' lang='grc' dir='ltr'>ἀναχθεὶς</span> <span class='ocrx_word' id='word_1_203' title='bbox 2591 1802 2834 1865; x_wconf 71' lang='grc' dir='ltr'>εὐσεϐῶς</span> <span class='ocrx_word' id='word_1_204' title='bbox 2864 1802 3202 1873; x_wconf 57' lang='lat' dir='ltr'><strong><em>diverti-imm</em></strong></span> 
     </span>
    </p>
   </div>
   <div class='ocr_carea' id='block_1_39' title="bbox 2021 1895 3121 1969">
    <p class='ocr_par' dir='ltr' id='par_1_39' title="bbox 2021 1895 3121 1969">
     <span class='ocr_line' id='line_1_39' title="bbox 2021 1895 3121 1969; baseline -0.006 -15"><span class='ocrx_word' id='word_1_205' title='bbox 2021 1903 2255 1954; x_wconf 83' lang='grc' dir='ltr'>Ἔπειτα</span> <span class='ocrx_word' id='word_1_206' title='bbox 2282 1901 2499 1953; x_wconf 83' lang='grc' dir='ltr'>πάντων</span> <span class='ocrx_word' id='word_1_207' title='bbox 2523 1897 2828 1969; x_wconf 70' lang='grc' dir='ltr'>ἀμελήσεις,</span> <span class='ocrx_word' id='word_1_208' title='bbox 2863 1895 2973 1949; x_wconf 84' lang='grc' dir='ltr'><strong><em>τῶν</em></strong></span> <span class='ocrx_word' id='word_1_209' title='bbox 3005 1895 3121 1948; x_wconf 81' lang='grc' dir='ltr'>ἄνω</span> 
     </span>
    </p>
   </div>
   <div class='ocr_carea' id='block_1_40' title="bbox 2017 1985 3133 2063">
    <p class='ocr_par' dir='ltr' id='par_1_40' title="bbox 2017 1985 3133 2063">
     <span class='ocr_line' id='line_1_40' title="bbox 2017 1985 3133 2063; baseline -0.008 -16"><span class='ocrx_word' id='word_1_210' title='bbox 2017 1996 2092 2048; x_wconf 82' lang='grc' dir='ltr'><strong><em>Οὐ</em></strong></span> <span class='ocrx_word' id='word_1_211' title='bbox 2127 1990 2598 2063; x_wconf 80' lang='grc' dir='ltr'>συγκατημέλησα</span> <span class='ocrx_word' id='word_1_212' title='bbox 2622 1988 2718 2042; x_wconf 87' lang='grc' dir='ltr'><strong><em>τοῦ</em></strong></span> <span class='ocrx_word' id='word_1_213' title='bbox 2750 1988 2899 2042; x_wconf 80' lang='grc' dir='ltr'>θείου</span> <span class='ocrx_word' id='word_1_214' title='bbox 2937 1985 3133 2040; x_wconf 79' lang='grc' dir='ltr'>πόθου·</span> 
     </span>
    </p>
   </div>
   <div class='ocr_carea' id='block_1_41' title="bbox 2031 2079 3319 2155">
    <p class='ocr_par' dir='ltr' id='par_1_41' title="bbox 2031 2079 3319 2155">
     <span class='ocr_line' id='line_1_41' title="bbox 2031 2079 3319 2155; baseline -0.01 -12"><span class='ocrx_word' id='word_1_215' title='bbox 2031 2089 2169 2143; x_wconf 72' lang='grc' dir='ltr'>Ἀλλ’</span> <span class='ocrx_word' id='word_1_216' title='bbox 2211 2091 2265 2141; x_wconf 81' lang='grc' dir='ltr'><strong><em>ὲν</em></strong></span> <span class='ocrx_word' id='word_1_217' title='bbox 2297 2087 2476 2153; x_wconf 80' lang='grc' dir='ltr'>λόγοις</span> <span class='ocrx_word' id='word_1_218' title='bbox 2516 2086 2616 2155; x_wconf 77' lang='grc' dir='ltr'>μὲν</span> <span class='ocrx_word' id='word_1_219' title='bbox 2645 2086 2758 2145; x_wconf 85' lang='grc' dir='ltr'>τοῖς</span> <span class='ocrx_word' id='word_1_220' title='bbox 2788 2081 3025 2154; x_wconf 86' lang='grc' dir='ltr'>θύραθεν</span> <span class='ocrx_word' id='word_1_221' title='bbox 3048 2079 3319 2150; x_wconf 68' lang='grc' dir='ltr'>ἐτράφην,</span> 
     </span>
    </p>
   </div>
   <div class='ocr_carea' id='block_1_42' title="bbox 2021 2174 3178 2250">
    <p class='ocr_par' dir='ltr' id='par_1_42' title="bbox 2021 2174 3178 2250">
     <span class='ocr_line' id='line_1_42' title="bbox 2021 2174 3178 2250; baseline -0.01 -13"><span class='ocrx_word' id='word_1_222' title='bbox 2021 2184 2239 2238; x_wconf 78' lang='grc' dir='ltr'>Τούτων</span> <span class='ocrx_word' id='word_1_223' title='bbox 2266 2183 2321 2234; x_wconf 76' lang='grc' dir='ltr'>δὲ</span> <span class='ocrx_word' id='word_1_224' title='bbox 2346 2181 2413 2234; x_wconf 72' lang='grc' dir='ltr'><strong><em>τὰ</em></strong></span> <span class='ocrx_word' id='word_1_225' title='bbox 2443 2181 2693 2250; x_wconf 77' lang='grc' dir='ltr'>χρήσιμα</span> <span class='ocrx_word' id='word_1_226' title='bbox 2724 2180 2789 2247; x_wconf 82' lang='grc' dir='ltr'>τῇ</span> <span class='ocrx_word' id='word_1_227' title='bbox 2828 2176 3007 2228; x_wconf 78' lang='grc' dir='ltr'>πίστει</span> <span class='ocrx_word' id='word_1_228' title='bbox 3040 2174 3178 2246; x_wconf 83' lang='grc' dir='ltr'>μόνα</span> 
     </span>
    </p>
   </div>
   <div class='ocr_carea' id='block_1_43' title="bbox 340 2275 1452 2348">
    <p class='ocr_par' dir='ltr' id='par_1_43' title="bbox 340 2275 1452 2348">
     <span class='ocr_line' id='line_1_43' title="bbox 340 2275 1452 2348; baseline -0.004 -15"><span class='ocrx_word' id='word_1_229' title='bbox 340 2280 584 2348; x_wconf 76' lang='grc' dir='ltr'>Σφραγὶς</span> <span class='ocrx_word' id='word_1_230' title='bbox 613 2278 834 2347; x_wconf 79' lang='grc' dir='ltr'>καθαρὰ</span> <span class='ocrx_word' id='word_1_231' title='bbox 869 2276 1097 2347; x_wconf 80' lang='grc' dir='ltr'>μηδαμῆ</span> <span class='ocrx_word' id='word_1_232' title='bbox 1129 2275 1452 2344; x_wconf 73' lang='grc' dir='ltr'>κινουμένη.</span> 
     </span>
    </p>
   </div>
   <div class='ocr_carea' id='block_1_44' title="bbox 414 2370 1766 2444">
    <p class='ocr_par' dir='ltr' id='par_1_44' title="bbox 414 2370 1766 2444">
     <span class='ocr_line' id='line_1_44' title="bbox 414 2370 1766 2444; baseline -0.003 -18"><span class='ocrx_word' id='word_1_233' title='bbox 414 2374 486 2426; x_wconf 68' lang='grc' dir='ltr'><strong><em>Τό</em></strong></span> <span class='ocrx_word' id='word_1_234' title='bbox 517 2373 742 2443; x_wconf 81' lang='grc' dir='ltr'>Πνεῦμα</span> <span class='ocrx_word' id='word_1_235' title='bbox 769 2374 814 2426; x_wconf 82' lang='grc' dir='ltr'>δ’</span> <span class='ocrx_word' id='word_1_236' title='bbox 833 2373 1154 2444; x_wconf 76' lang='grc' dir='ltr'>ὲκπόρευμα</span> <span class='ocrx_word' id='word_1_237' title='bbox 1183 2373 1277 2426; x_wconf 88' lang='grc' dir='ltr'><strong><em>καί</em></strong></span> <span class='ocrx_word' id='word_1_238' title='bbox 1301 2371 1594 2442; x_wconf 82' lang='grc' dir='ltr'>πρόϐλημα</span> <span class='ocrx_word' id='word_1_239' title='bbox 1631 2370 1766 2436; x_wconf 73' lang='grc' dir='ltr'>Νοῦ,</span> 
     </span>
    </p>
   </div>
   <div class='ocr_carea' id='block_1_45' title="bbox 344 2466 1428 2538">
    <p class='ocr_par' dir='ltr' id='par_1_45' title="bbox 344 2466 1428 2538">
     <span class='ocr_line' id='line_1_45' title="bbox 344 2466 1428 2538; baseline -0.002 -18"><span class='ocrx_word' id='word_1_240' title='bbox 344 2466 633 2538; x_wconf 53' lang='grc' dir='ltr'>Ὕψιστον,</span> <span class='ocrx_word' id='word_1_241' title='bbox 661 2466 904 2537; x_wconf 78' lang='grc' dir='ltr'>ἰσότιμον</span> <span class='ocrx_word' id='word_1_242' title='bbox 938 2466 1088 2537; x_wconf 83' lang='grc' dir='ltr'>αύτῷ</span> <span class='ocrx_word' id='word_1_243' title='bbox 1121 2469 1215 2521; x_wconf 69' lang='grc' dir='ltr'>καὶ</span> <span class='ocrx_word' id='word_1_244' title='bbox 1249 2469 1428 2538; x_wconf 79' lang='grc' dir='ltr'>Λόγῳ,</span> 
     </span>
    </p>
   </div>
   <div class='ocr_carea' id='block_1_46' title="bbox 343 2561 1583 2632">
    <p class='ocr_par' dir='ltr' id='par_1_46' title="bbox 343 2561 1583 2632">
     <span class='ocr_line' id='line_1_46' title="bbox 343 2561 1583 2632; baseline -0.004 -16"><span class='ocrx_word' id='word_1_245' title='bbox 343 2562 514 2616; x_wconf 75' lang='grc' dir='ltr'>Φύσει</span> <span class='ocrx_word' id='word_1_246' title='bbox 542 2579 599 2614; x_wconf 84' lang='grc' dir='ltr'><strong><em>τε</em></strong></span> <span class='ocrx_word' id='word_1_247' title='bbox 634 2562 831 2615; x_wconf 70' lang='grc' dir='ltr'>ταυτὸν</span> <span class='ocrx_word' id='word_1_248' title='bbox 857 2563 952 2615; x_wconf 67' lang='grc' dir='ltr'>καὶ</span> <span class='ocrx_word' id='word_1_249' title='bbox 982 2561 1212 2632; x_wconf 80' lang='grc' dir='ltr'>δυνάμει</span> <span class='ocrx_word' id='word_1_250' title='bbox 1244 2562 1337 2614; x_wconf 76' lang='grc' dir='ltr'><strong><em>καὶ</em></strong></span> <span class='ocrx_word' id='word_1_251' title='bbox 1363 2561 1583 2632; x_wconf 70' lang='grc' dir='ltr'>κρατει,</span> 
     </span>
    </p>
   </div>
   <div class='ocr_carea' id='block_1_47' title="bbox 345 2653 1482 2727">
    <p class='ocr_par' dir='ltr' id='par_1_47' title="bbox 345 2653 1482 2727">
     <span class='ocr_line' id='line_1_47' title="bbox 345 2653 1482 2727; baseline -0.004 -18"><span class='ocrx_word' id='word_1_252' title='bbox 345 2654 627 2727; x_wconf 82' lang='grc' dir='ltr'>Χωριστδν</span> <span class='ocrx_word' id='word_1_253' title='bbox 643 2654 795 2707; x_wconf 71' lang='grc' dir='ltr'>οὐδὲν</span> <span class='ocrx_word' id='word_1_254' title='bbox 824 2653 933 2706; x_wconf 87' lang='grc' dir='ltr'><strong><em>τῶν</em></strong></span> <span class='ocrx_word' id='word_1_255' title='bbox 965 2655 1156 2722; x_wconf 80' lang='grc' dir='ltr'>τριῶν,</span> <span class='ocrx_word' id='word_1_256' title='bbox 1177 2654 1233 2706; x_wconf 80' lang='grc' dir='ltr'>ἓν</span> <span class='ocrx_word' id='word_1_257' title='bbox 1255 2654 1310 2705; x_wconf 81' lang='grc' dir='ltr'>δὲ</span> <span class='ocrx_word' id='word_1_258' title='bbox 1337 2654 1482 2719; x_wconf 84' lang='grc' dir='ltr'>τρία,</span> 
     </span>
    </p>
   </div>
   <div class='ocr_carea' id='block_1_48' title="bbox 349 2746 1734 2818">
    <p class='ocr_par' dir='ltr' id='par_1_48' title="bbox 349 2746 1734 2818">
     <span class='ocr_line' id='line_1_48' title="bbox 349 2746 1734 2818; baseline -0.003 -15"><span class='ocrx_word' id='word_1_259' title='bbox 349 2748 609 2803; x_wconf 77' lang='grc' dir='ltr'>Ψαυστὸν</span> <span class='ocrx_word' id='word_1_260' title='bbox 647 2748 954 2816; x_wconf 76' lang='grc' dir='ltr'>λογισμοῖς,</span> <span class='ocrx_word' id='word_1_261' title='bbox 988 2748 1101 2801; x_wconf 84' lang='grc' dir='ltr'>ἀλλ’</span> <span class='ocrx_word' id='word_1_262' title='bbox 1126 2747 1386 2818; x_wconf 68' lang='grc' dir='ltr'>ἀμυδρῶς</span> <span class='ocrx_word' id='word_1_263' title='bbox 1417 2746 1512 2800; x_wconf 71' lang='grc' dir='ltr'><strong><em>καὶ</em></strong></span> <span class='ocrx_word' id='word_1_264' title='bbox 1551 2746 1734 2814; x_wconf 82' lang='grc' dir='ltr'>μόνον.</span> 
     </span>
    </p>
   </div>
   <div class='ocr_carea' id='block_1_49' title="bbox 349 2840 1535 2913">
    <p class='ocr_par' dir='ltr' id='par_1_49' title="bbox 349 2840 1535 2913">
     <span class='ocr_line' id='line_1_49' title="bbox 349 2840 1535 2913; baseline -0.001 -17"><span class='ocrx_word' id='word_1_265' title='bbox 349 2843 546 2906; x_wconf 83' lang='grc' dir='ltr'>Ὅστις</span> <span class='ocrx_word' id='word_1_266' title='bbox 582 2841 820 2911; x_wconf 81' lang='grc' dir='ltr'>σεϐασθῇ</span> <span class='ocrx_word' id='word_1_267' title='bbox 849 2840 1043 2904; x_wconf 85' lang='grc' dir='ltr'>ταῦτα,</span> <span class='ocrx_word' id='word_1_268' title='bbox 1082 2844 1177 2893; x_wconf 72' lang='grc' dir='ltr'>καὶ</span> <span class='ocrx_word' id='word_1_269' title='bbox 1205 2843 1535 2913; x_wconf 70' lang='grc' dir='ltr'>σωθήσεται.</span> 
     </span>
    </p>
   </div>
   <div class='ocr_carea' id='block_1_50' title="bbox 349 2933 1611 3004">
    <p class='ocr_par' dir='ltr' id='par_1_50' title="bbox 349 2933 1611 3004">
     <span class='ocr_line' id='line_1_50' title="bbox 349 2933 1611 3004; baseline 0.001 -16"><span class='ocrx_word' id='word_1_270' title='bbox 349 2935 412 2990; x_wconf 76' lang='lat' dir='ltr'><strong><em>Ei</em></strong></span> <span class='ocrx_word' id='word_1_271' title='bbox 449 2933 624 2988; x_wconf 83' lang='grc' dir='ltr'>ταῦτα</span> <span class='ocrx_word' id='word_1_272' title='bbox 656 2935 841 2999; x_wconf 79' lang='grc' dir='ltr'>πιστὰ,</span> <span class='ocrx_word' id='word_1_273' title='bbox 873 2934 987 2996; x_wconf 86' lang='grc' dir='ltr'><strong><em>πῶς</em></strong></span> <span class='ocrx_word' id='word_1_274' title='bbox 1025 2952 1092 3004; x_wconf 88' lang='grc' dir='ltr'><strong><em>με</em></strong></span> <span class='ocrx_word' id='word_1_275' title='bbox 1125 2935 1334 2988; x_wconf 82' lang='grc' dir='ltr'>πιστῶν</span> <span class='ocrx_word' id='word_1_276' title='bbox 1356 2934 1611 3004; x_wconf 77' lang='grc' dir='ltr'>ἐξάγει;;</span> 
     </span>
    </p>
   </div>
   <div class='ocr_carea' id='block_1_51' title="bbox 353 3027 1553 3097">
    <p class='ocr_par' dir='ltr' id='par_1_51' title="bbox 353 3027 1553 3097">
     <span class='ocr_line' id='line_1_51' title="bbox 353 3027 1553 3097; baseline -0.001 -14"><span class='ocrx_word' id='word_1_277' title='bbox 353 3030 416 3083; x_wconf 79' lang='lat' dir='ltr'><strong><em>El</em></strong></span> <span class='ocrx_word' id='word_1_278' title='bbox 454 3028 498 3081; x_wconf 76' lang='grc' dir='ltr'><strong>δ’</strong></span> <span class='ocrx_word' id='word_1_279' title='bbox 533 3028 654 3097; x_wconf 75' lang='grc' dir='ltr'>οὐχὶ</span> <span class='ocrx_word' id='word_1_280' title='bbox 686 3027 876 3092; x_wconf 79' lang='grc' dir='ltr'>πιστὰ,</span> <span class='ocrx_word' id='word_1_281' title='bbox 917 3027 1201 3096; x_wconf 78' lang='grc' dir='ltr'>προστίθει</span> <span class='ocrx_word' id='word_1_282' title='bbox 1227 3028 1325 3091; x_wconf 78' lang='grc' dir='ltr'>τὰς</span> <span class='ocrx_word' id='word_1_283' title='bbox 1350 3030 1553 3093; x_wconf 71' lang='grc' dir='ltr'>αἰτίας.</span> 
     </span>
    </p>
   </div>
   <div class='ocr_carea' id='block_1_52' title="bbox 366 3119 1494 3193">
    <p class='ocr_par' dir='ltr' id='par_1_52' title="bbox 366 3119 1494 3193">
     <span class='ocr_line' id='line_1_52' title="bbox 366 3119 1494 3193; baseline 0 -19"><span class='ocrx_word' id='word_1_284' title='bbox 366 3121 532 3175; x_wconf 80' lang='grc' dir='ltr'>Ἀλλὰ</span> <span class='ocrx_word' id='word_1_285' title='bbox 559 3121 645 3184; x_wconf 86' lang='grc' dir='ltr'><strong><em>τίς</em></strong></span> <span class='ocrx_word' id='word_1_286' title='bbox 675 3119 741 3174; x_wconf 80' lang='grc' dir='ltr'>ἂν</span> <span class='ocrx_word' id='word_1_287' title='bbox 779 3119 918 3191; x_wconf 76' lang='grc' dir='ltr'>τηθή</span> <span class='ocrx_word' id='word_1_288' title='bbox 953 3138 1012 3172; x_wconf 90' lang='grc' dir='ltr'><strong><em>σε</em></strong></span> <span class='ocrx_word' id='word_1_289' title='bbox 1035 3122 1130 3188; x_wconf 83' lang='grc' dir='ltr'><strong><em>τῆς</em></strong></span> <span class='ocrx_word' id='word_1_290' title='bbox 1159 3122 1304 3189; x_wconf 68' lang='grc' dir='ltr'>ῥινὸς</span> <span class='ocrx_word' id='word_1_291' title='bbox 1330 3120 1494 3193; x_wconf 80' lang='grc' dir='ltr'>λάϐῃ,</span> 
     </span>
    </p>
   </div>
   <div class='ocr_carea' id='block_1_53' title="bbox 358 3214 1488 3286">
    <p class='ocr_par' dir='ltr' id='par_1_53' title="bbox 358 3214 1488 3286">
     <span class='ocr_line' id='line_1_53' title="bbox 358 3214 1488 3286; baseline -0.005 -15"><span class='ocrx_word' id='word_1_292' title='bbox 358 3217 471 3271; x_wconf 70' lang='grc' dir='ltr'><strong><em>Καὶ</em></strong></span> <span class='ocrx_word' id='word_1_293' title='bbox 499 3218 597 3286; x_wconf 80' lang='grc' dir='ltr'>τῆς</span> <span class='ocrx_word' id='word_1_294' title='bbox 636 3217 878 3286; x_wconf 74' lang='grc' dir='ltr'>κορύζης</span> <span class='ocrx_word' id='word_1_295' title='bbox 911 3214 1175 3285; x_wconf 75' lang='grc' dir='ltr'>ἀπομύξῃ</span> <span class='ocrx_word' id='word_1_296' title='bbox 1202 3218 1261 3265; x_wconf 57' lang='grc' dir='ltr'>τι</span> <span class='ocrx_word' id='word_1_297' title='bbox 1287 3214 1488 3278; x_wconf 76' lang='grc' dir='ltr'>πλέονς</span> 
     </span>
    </p>
   </div>
   <div class='ocr_carea' id='block_1_54' title="bbox 367 3306 1547 3377">
    <p class='ocr_par' dir='ltr' id='par_1_54' title="bbox 367 3306 1547 3377">
     <span class='ocr_line' id='line_1_54' title="bbox 367 3306 1547 3377; baseline -0.005 -12"><span class='ocrx_word' id='word_1_298' title='bbox 367 3312 459 3373; x_wconf 81' lang='grc' dir='ltr'>Ὠς</span> <span class='ocrx_word' id='word_1_299' title='bbox 493 3310 559 3363; x_wconf 84' lang='grc' dir='ltr'>ἂν</span> <span class='ocrx_word' id='word_1_300' title='bbox 589 3309 749 3377; x_wconf 83' lang='grc' dir='ltr'>λόγου</span> <span class='ocrx_word' id='word_1_301' title='bbox 787 3306 1049 3376; x_wconf 79' lang='grc' dir='ltr'>φθέγξαιο</span> <span class='ocrx_word' id='word_1_302' title='bbox 1079 3307 1350 3377; x_wconf 80' lang='grc' dir='ltr'>συλλαϐὴν</span> <span class='ocrx_word' id='word_1_303' title='bbox 1393 3306 1547 3377; x_wconf 85' lang='grc' dir='ltr'>μίαν.</span> 
     </span>
    </p>
   </div>
   <div class='ocr_carea' id='block_1_55' title="bbox 369 3401 1532 3475">
    <p class='ocr_par' dir='ltr' id='par_1_55' title="bbox 369 3401 1532 3475">
     <span class='ocr_line' id='line_1_55' title="bbox 369 3401 1532 3475; baseline -0.003 -18"><span class='ocrx_word' id='word_1_304' title='bbox 369 3403 529 3473; x_wconf 69' lang='grc' dir='ltr'>Ἐμοὶ</span> <span class='ocrx_word' id='word_1_305' title='bbox 556 3404 891 3475; x_wconf 71' lang='grc' dir='ltr'>προσάπτεις</span> <span class='ocrx_word' id='word_1_306' title='bbox 920 3401 1243 3464; x_wconf 82' lang='grc' dir='ltr'>δυσσεϐείας</span> <span class='ocrx_word' id='word_1_307' title='bbox 1274 3401 1532 3469; x_wconf 72' lang='grc' dir='ltr'>εὐθύνας,</span> 
     </span>
    </p>
   </div>
   <div class='ocr_carea' id='block_1_56' title="bbox 357 3495 1436 3568">
    <p class='ocr_par' dir='ltr' id='par_1_56' title="bbox 357 3495 1436 3568">
     <span class='ocr_line' id='line_1_56' title="bbox 357 3495 1436 3568; baseline -0.005 -14"><span class='ocrx_word' id='word_1_308' title='bbox 357 3495 429 3554; x_wconf 64' lang='grc' dir='ltr'><strong><em>*Ω</em></strong></span> <span class='ocrx_word' id='word_1_309' title='bbox 466 3497 668 3561; x_wconf 82' lang='grc' dir='ltr'>παντὸς</span> <span class='ocrx_word' id='word_1_310' title='bbox 689 3495 960 3550; x_wconf 82' lang='grc' dir='ltr'>ὑπεύθυνε</span> <span class='ocrx_word' id='word_1_311' title='bbox 993 3495 1436 3568; x_wconf 75' lang='grc' dir='ltr'>δυσσεϐἡματος,</span> 
     </span>
    </p>
   </div>
   <div class='ocr_carea' id='block_1_57' title="bbox 364 3664 1946 3733">
    <p class='ocr_par' dir='ltr' id='par_1_57' title="bbox 364 3664 1946 3733">
     <span class='ocr_line' id='line_1_57' title="bbox 364 3664 1946 3733; baseline 0.003 -13"><span class='ocrx_word' id='word_1_312' title='bbox 364 3665 453 3720; x_wconf 85' lang='lat' dir='ltr'><strong><em>sed</em></strong></span> <span class='ocrx_word' id='word_1_313' title='bbox 488 3667 697 3719; x_wconf 75' lang='lat' dir='ltr'><strong><em>ratione</em></strong></span> <span class='ocrx_word' id='word_1_314' title='bbox 733 3681 793 3718; x_wconf 90' lang='lat' dir='ltr'><strong><em>ac</em></strong></span> <span class='ocrx_word' id='word_1_315' title='bbox 825 3680 996 3719; x_wconf 78' lang='lat' dir='ltr'><strong><em>mente</em></strong></span> <span class='ocrx_word' id='word_1_316' title='bbox 1027 3664 1266 3733; x_wconf 33' lang='lat' dir='ltr'><strong><em>praeditis</em></strong></span> <span class='ocrx_word' id='word_1_317' title='bbox 1299 3680 1317 3718; x_wconf 93' lang='lat'><strong><em>:</em></strong></span> <span class='ocrx_word' id='word_1_318' title='bbox 1348 3664 1488 3720; x_wconf 89' lang='lat' dir='ltr'><strong><em>Deus</em></strong></span> <span class='ocrx_word' id='word_1_319' title='bbox 1525 3669 1688 3723; x_wconf 88' lang='lat' dir='ltr'><strong><em>latins</em></strong></span> <span class='ocrx_word' id='word_1_320' title='bbox 1713 3680 1946 3726; x_wconf 54' lang='lat' dir='ltr'><strong><em>creatton</em></strong></span> 
     </span>
    </p>
   </div>
   <div class='ocr_carea' id='block_1_58' title="bbox 364 3757 1935 3832">
    <p class='ocr_par' dir='ltr' id='par_1_58' title="bbox 364 3757 1935 3832">
     <span class='ocr_line' id='line_1_58' title="bbox 364 3757 1935 3832; baseline 0.003 -20"><span class='ocrx_word' id='word_1_321' title='bbox 364 3760 447 3812; x_wconf 84' lang='lat' dir='ltr'><strong><em>nis</em></strong></span> <span class='ocrx_word' id='word_1_322' title='bbox 479 3775 641 3812; x_wconf 89' lang='lat' dir='ltr'><strong><em>causa</em></strong></span> <span class='ocrx_word' id='word_1_323' title='bbox 680 3767 728 3811; x_wconf 87' lang='lat' dir='ltr'><strong><em>et</em></strong></span> <span class='ocrx_word' id='word_1_324' title='bbox 765 3759 906 3826; x_wconf 76' lang='lat' dir='ltr'><strong><em>fons,</em></strong></span> <span class='ocrx_word' id='word_1_325' title='bbox 955 3758 1067 3810; x_wconf 86' lang='lat' dir='ltr'><strong><em>sine</em></strong></span> <span class='ocrx_word' id='word_1_326' title='bbox 1111 3757 1396 3826; x_wconf 81' lang='lat' dir='ltr'><strong><em>principio,</em></strong></span> <span class='ocrx_word' id='word_1_327' title='bbox 1447 3761 1767 3830; x_wconf 68' lang='lat' dir='ltr'><strong><em>principium</em></strong></span> <span class='ocrx_word' id='word_1_328' title='bbox 1805 3765 1935 3832; x_wconf 85' lang='lat' dir='ltr'><strong><em>ipse,</em></strong></span> 
     </span>
    </p>
   </div>
   <div class='ocr_carea' id='block_1_59' title="bbox 367 3847 1945 3920">
    <p class='ocr_par' dir='ltr' id='par_1_59' title="bbox 367 3847 1945 3920">
     <span class='ocr_line' id='line_1_59' title="bbox 367 3847 1945 3920; baseline 0.004 -19"><span class='ocrx_word' id='word_1_329' title='bbox 367 3851 534 3902; x_wconf 79' lang='lat' dir='ltr'><strong><em>virtus</em></strong></span> <span class='ocrx_word' id='word_1_330' title='bbox 578 3848 796 3917; x_wconf 80' lang='lat' dir='ltr'><strong><em>regalis,</em></strong></span> <span class='ocrx_word' id='word_1_331' title='bbox 853 3847 1130 3909; x_wconf 86' lang='lat' dir='ltr'><strong><em>diuturna,</em></strong></span> <span class='ocrx_word' id='word_1_332' title='bbox 1191 3851 1370 3901; x_wconf 86' lang='lat' dir='ltr'><strong><em>eadem</em></strong></span> <span class='ocrx_word' id='word_1_333' title='bbox 1434 3865 1636 3919; x_wconf 78' lang='lat' dir='ltr'><strong><em>semper</em></strong></span> <span class='ocrx_word' id='word_1_334' title='bbox 1688 3869 1945 3920; x_wconf 87' lang='lat' dir='ltr'><strong><em>manens;</em></strong></span> 
     </span>
    </p>
   </div>
   <div class='ocr_carea' id='block_1_60' title="bbox 366 3935 1945 4004">
    <p class='ocr_par' dir='ltr' id='par_1_60' title="bbox 366 3935 1945 4004">
     <span class='ocr_line' id='line_1_60' title="bbox 366 3935 1945 4004; baseline 0.003 -14"><span class='ocrx_word' id='word_1_335' title='bbox 366 3937 616 3999; x_wconf 86' lang='lat' dir='ltr'><strong><em>dulcedo,</em></strong></span> <span class='ocrx_word' id='word_1_336' title='bbox 665 3950 817 3988; x_wconf 86' lang='lat' dir='ltr'><strong><em>amor</em></strong></span> <span class='ocrx_word' id='word_1_337' title='bbox 861 3935 990 4004; x_wconf 86' lang='lat' dir='ltr'><strong><em>ipse,</em></strong></span> <span class='ocrx_word' id='word_1_338' title='bbox 1037 3935 1144 4004; x_wconf 81' lang='lat' dir='ltr'><strong><em>ipse</em></strong></span> <span class='ocrx_word' id='word_1_339' title='bbox 1179 3935 1438 3998; x_wconf 84' lang='lat' dir='ltr'><strong><em>charitas.</em></strong></span> <span class='ocrx_word' id='word_1_340' title='bbox 1481 3937 1651 4002; x_wconf 73' lang='lat' dir='ltr'><strong><em>dives,</em></strong></span> <span class='ocrx_word' id='word_1_341' title='bbox 1690 3942 1945 3995; x_wconf 82' lang='lat' dir='ltr'><strong><em>immuta-</em></strong></span> 
     </span>
    </p>
   </div>
   <div class='ocr_carea' id='block_1_61' title="bbox 369 4028 1945 4099">
    <p class='ocr_par' dir='ltr' id='par_1_61' title="bbox 369 4028 1945 4099">
     <span class='ocr_line' id='line_1_61' title="bbox 369 4028 1945 4099; baseline 0.004 -15"><span class='ocrx_word' id='word_1_342' title='bbox 369 4031 538 4096; x_wconf 86' lang='lat' dir='ltr'><strong><em>bilis;</em></strong></span> <span class='ocrx_word' id='word_1_343' title='bbox 579 4045 764 4088; x_wconf 74' lang='lat' dir='ltr'><strong><em>unum.</em></strong></span> <span class='ocrx_word' id='word_1_344' title='bbox 802 4028 959 4094; x_wconf 88' lang='lat' dir='ltr'><strong><em>idem,</em></strong></span> <span class='ocrx_word' id='word_1_345' title='bbox 1009 4030 1243 4083; x_wconf 86' lang='lat' dir='ltr'><strong><em>omnium</em></strong></span> <span class='ocrx_word' id='word_1_346' title='bbox 1276 4046 1456 4085; x_wconf 90' lang='lat' dir='ltr'><strong><em>rerum</em></strong></span> <span class='ocrx_word' id='word_1_347' title='bbox 1494 4034 1778 4099; x_wconf 86' lang='lat' dir='ltr'><strong><em>terminus,</em></strong></span> <span class='ocrx_word' id='word_1_348' title='bbox 1814 4039 1945 4099; x_wconf 83' lang='lat' dir='ltr'><strong><em>vita.</em></strong></span> 
     </span>
    </p>
   </div>
   <div class='ocr_carea' id='block_1_62' title="bbox 371 4123 1947 4198">
    <p class='ocr_par' dir='ltr' id='par_1_62' title="bbox 371 4123 1947 4198">
     <span class='ocr_line' id='line_1_62' title="bbox 371 4123 1947 4198; baseline 0.002 -17"><span class='ocrx_word' id='word_1_349' title='bbox 371 4128 544 4182; x_wconf 88' lang='lat' dir='ltr'><strong><em>lumen</em></strong></span> <span class='ocrx_word' id='word_1_350' title='bbox 568 4126 868 4193; x_wconf 85' lang='lat' dir='ltr'><strong><em>splendens,</em></strong></span> <span class='ocrx_word' id='word_1_351' title='bbox 897 4123 1200 4177; x_wconf 85' lang='lat' dir='ltr'><strong><em>substantia</em></strong></span> <span class='ocrx_word' id='word_1_352' title='bbox 1231 4139 1323 4191; x_wconf 88' lang='lat' dir='ltr'><strong><em>per</em></strong></span> <span class='ocrx_word' id='word_1_353' title='bbox 1344 4142 1397 4179; x_wconf 90' lang='lat' dir='ltr'><strong><em>se</em></strong></span> <span class='ocrx_word' id='word_1_354' title='bbox 1415 4126 1552 4181; x_wconf 86' lang='lat' dir='ltr'><strong><em>bona</em></strong></span> <span class='ocrx_word' id='word_1_355' title='bbox 1572 4145 1592 4194; x_wconf 89' lang='lat'><strong><em>;</em></strong></span> <span class='ocrx_word' id='word_1_356' title='bbox 1611 4128 1947 4198; x_wconf 85' lang='lat' dir='ltr'><strong><em>jucunditas,</em></strong></span> 
     </span>
    </p>
   </div>
   <div class='ocr_carea' id='block_1_63' title="bbox 372 4217 1950 4291">
    <p class='ocr_par' dir='ltr' id='par_1_63' title="bbox 372 4217 1950 4291">
     <span class='ocr_line' id='line_1_63' title="bbox 372 4217 1950 4291; baseline 0 -17"><span class='ocrx_word' id='word_1_357' title='bbox 372 4218 728 4291; x_wconf 80' lang='lat' dir='ltr'><strong><em>providentia,</em></strong></span> <span class='ocrx_word' id='word_1_358' title='bbox 792 4218 1019 4270; x_wconf 74' lang='lat' dir='ltr'><strong><em>essentia</em></strong></span> <span class='ocrx_word' id='word_1_359' title='bbox 1087 4217 1402 4286; x_wconf 83' lang='lat' dir='ltr'><strong><em>inde/inita;</em></strong></span> <span class='ocrx_word' id='word_1_360' title='bbox 1449 4235 1641 4274; x_wconf 84' lang='lat' dir='ltr'><strong><em>numen</em></strong></span> <span class='ocrx_word' id='word_1_361' title='bbox 1690 4221 1950 4287; x_wconf 81' lang='lat' dir='ltr'><strong><em>divinum,</em></strong></span> 
     </span>
    </p>
   </div>
   <div class='ocr_carea' id='block_1_64' title="bbox 371 4309 1956 4383">
    <p class='ocr_par' dir='ltr' id='par_1_64' title="bbox 371 4309 1956 4383">
     <span class='ocr_line' id='line_1_64' title="bbox 371 4309 1956 4383; baseline 0.001 -15"><span class='ocrx_word' id='word_1_362' title='bbox 371 4312 622 4382; x_wconf 79' lang='lat' dir='ltr'><strong><em>simplex,</em></strong></span> <span class='ocrx_word' id='word_1_363' title='bbox 658 4311 853 4375; x_wconf 75' lang='lat' dir='ltr'><strong><em>virtus,</em></strong></span> <span class='ocrx_word' id='word_1_364' title='bbox 879 4309 1146 4374; x_wconf 87' lang='lat' dir='ltr'><strong><em>totalitas,</em></strong></span> <span class='ocrx_word' id='word_1_365' title='bbox 1170 4311 1390 4378; x_wconf 87' lang='lat' dir='ltr'><strong><em>justitia</em></strong></span> <span class='ocrx_word' id='word_1_366' title='bbox 1414 4313 1704 4382; x_wconf 77' lang='lat' dir='ltr'><strong><em>sufﬁciens,</em></strong></span> <span class='ocrx_word' id='word_1_367' title='bbox 1746 4320 1956 4383; x_wconf 85' lang='lat' dir='ltr'><strong><em>sapien-</em></strong></span> 
     </span>
    </p>
   </div>
   <div class='ocr_carea' id='block_1_65' title="bbox 375 4403 1954 4475">
    <p class='ocr_par' dir='ltr' id='par_1_65' title="bbox 375 4403 1954 4475">
     <span class='ocr_line' id='line_1_65' title="bbox 375 4403 1954 4475; baseline 0.002 -15"><span class='ocrx_word' id='word_1_368' title='bbox 375 4408 454 4460; x_wconf 90' lang='lat' dir='ltr'><strong><em>tia</em></strong></span> <span class='ocrx_word' id='word_1_369' title='bbox 496 4405 700 4475; x_wconf 71' lang='lat' dir='ltr'><strong><em>infu‘sa,</em></strong></span> <span class='ocrx_word' id='word_1_370' title='bbox 741 4403 924 4458; x_wconf 88' lang='lat' dir='ltr'><strong><em>mundi</em></strong></span> <span class='ocrx_word' id='word_1_371' title='bbox 967 4404 1332 4474; x_wconf 71' lang='lat' dir='ltr'><strong><em>gubernator;</em></strong></span> <span class='ocrx_word' id='word_1_372' title='bbox 1381 4407 1728 4472; x_wconf 82' lang='lat' dir='ltr'><strong><em>immortalis,</em></strong></span> <span class='ocrx_word' id='word_1_373' title='bbox 1781 4411 1954 4463; x_wconf 82' lang='lat' dir='ltr'><strong><em>vivens</em></strong></span> 
     </span>
    </p>
   </div>
   <div class='ocr_carea' id='block_1_66' title="bbox 2035 2267 3174 2340">
    <p class='ocr_par' dir='ltr' id='par_1_66' title="bbox 2035 2267 3174 2340">
     <span class='ocr_line' id='line_1_66' title="bbox 2035 2267 3174 2340; baseline -0.011 -9"><span class='ocrx_word' id='word_1_374' title='bbox 2035 2274 2391 2338; x_wconf 71' lang='grc' dir='ltr'>Ἀπανθίσας,</span> <span class='ocrx_word' id='word_1_375' title='bbox 2427 2269 2618 2338; x_wconf 80' lang='grc' dir='ltr'>ὢθησα</span> <span class='ocrx_word' id='word_1_376' title='bbox 2643 2269 2816 2324; x_wconf 82' lang='grc' dir='ltr'>τᾶλλα</span> <span class='ocrx_word' id='word_1_377' title='bbox 2858 2267 2991 2340; x_wconf 71' lang='grc' dir='ltr'>πρὸς</span> <span class='ocrx_word' id='word_1_378' title='bbox 3019 2267 3174 2337; x_wconf 79' lang='grc' dir='ltr'>χάος,</span> 
     </span>
    </p>
   </div>
   <div class='ocr_carea' id='block_1_67' title="bbox 2035 2364 3301 2441">
    <p class='ocr_par' dir='ltr' id='par_1_67' title="bbox 2035 2364 3301 2441">
     <span class='ocr_line' id='line_1_67' title="bbox 2035 2364 3301 2441; baseline -0.011 -14"><span class='ocrx_word' id='word_1_379' title='bbox 2035 2375 2125 2434; x_wconf 81' lang='grc' dir='ltr'>Ὧς</span> <span class='ocrx_word' id='word_1_380' title='bbox 2160 2375 2297 2441; x_wconf 81' lang='grc' dir='ltr'>μήτε</span> <span class='ocrx_word' id='word_1_381' title='bbox 2327 2365 2518 2424; x_wconf 68' lang='grc' dir='ltr'>κλαττῶ</span> <span class='ocrx_word' id='word_1_382' title='bbox 2542 2370 2664 2429; x_wconf 81' lang='grc' dir='ltr'>ταῖς</span> <span class='ocrx_word' id='word_1_383' title='bbox 2691 2364 3060 2434; x_wconf 71' lang='grc' dir='ltr'>πολυτρόποις</span> <span class='ocrx_word' id='word_1_384' title='bbox 3096 2364 3301 2430; x_wconf 76' lang='grc' dir='ltr'>πάγαις</span> 
     </span>
    </p>
   </div>
   <div class='ocr_carea' id='block_1_68' title="bbox 2028 2456 3209 2534">
    <p class='ocr_par' dir='ltr' id='par_1_68' title="bbox 2028 2456 3209 2534">
     <span class='ocr_line' id='line_1_68' title="bbox 2028 2456 3209 2534; baseline -0.009 -14"><span class='ocrx_word' id='word_1_385' title='bbox 2028 2467 2137 2520; x_wconf 70' lang='grc' dir='ltr'>Καὶ</span> <span class='ocrx_word' id='word_1_386' title='bbox 2169 2463 2518 2534; x_wconf 76' lang='grc' dir='ltr'>λαϐυρίνθοις</span> <span class='ocrx_word' id='word_1_387' title='bbox 2553 2456 2932 2529; x_wconf 81' lang='grc' dir='ltr'>συλλογισμῶν</span> <span class='ocrx_word' id='word_1_388' title='bbox 2957 2456 3209 2525; x_wconf 76' lang='grc' dir='ltr'>ἐμπέσω,</span> 
     </span>
    </p>
   </div>
   <div class='ocr_carea' id='block_1_69' title="bbox 2026 2549 3293 2641">
    <p class='ocr_par' dir='ltr' id='par_1_69' title="bbox 2026 2549 3293 2641">
     <span class='ocr_line' id='line_1_69' title="bbox 2026 2549 3293 2641; baseline -0.013 -24"><span class='ocrx_word' id='word_1_389' title='bbox 2026 2563 2182 2633; x_wconf 79' lang='grc' dir='ltr'>Μήτε</span> <span class='ocrx_word' id='word_1_390' title='bbox 2215 2557 2462 2641; x_wconf 20' lang='grc' dir='ltr'>κλονιηθῶ</span> <span class='ocrx_word' id='word_1_391' title='bbox 2498 2557 2609 2617; x_wconf 80' lang='grc' dir='ltr'>τοῖς</span> <span class='ocrx_word' id='word_1_392' title='bbox 2638 2553 2784 2624; x_wconf 85' lang='grc' dir='ltr'>λόγῳ</span> <span class='ocrx_word' id='word_1_393' title='bbox 2829 2549 3293 2621; x_wconf 74' lang='grc' dir='ltr'>σταυρουμένοις,</span> 
     </span>
    </p>
   </div>
   <div class='ocr_carea' id='block_1_70' title="bbox 2032 2645 3131 2718">
    <p class='ocr_par' dir='ltr' id='par_1_70' title="bbox 2032 2645 3131 2718">
     <span class='ocr_line' id='line_1_70' title="bbox 2032 2645 3131 2718; baseline -0.01 -10"><span class='ocrx_word' id='word_1_394' title='bbox 2032 2652 2378 2713; x_wconf 80' lang='grc' dir='ltr'>Παιδεύσεως</span> <span class='ocrx_word' id='word_1_395' title='bbox 2405 2650 2581 2718; x_wconf 84' lang='grc' dir='ltr'>ἇῖδρις</span> <span class='ocrx_word' id='word_1_396' title='bbox 2610 2647 2798 2709; x_wconf 80' lang='grc' dir='ltr'>ἁπλῶς</span> <span class='ocrx_word' id='word_1_397' title='bbox 2822 2645 3131 2714; x_wconf 77' lang='grc' dir='ltr'>τυγχάνων.</span> 
     </span>
    </p>
   </div>
   <div class='ocr_carea' id='block_1_71' title="bbox 2115 2735 3289 2812">
    <p class='ocr_par' dir='ltr' id='par_1_71' title="bbox 2115 2735 3289 2812">
     <span class='ocr_line' id='line_1_71' title="bbox 2115 2735 3289 2812; baseline -0.008 -13"><span class='ocrx_word' id='word_1_398' title='bbox 2115 2745 2398 2800; x_wconf 84' lang='grc' dir='ltr'>Ἐντεῦθεν</span> <span class='ocrx_word' id='word_1_399' title='bbox 2439 2746 2572 2812; x_wconf 76' lang='grc' dir='ltr'>ἡμῖν</span> <span class='ocrx_word' id='word_1_400' title='bbox 2603 2744 2661 2794; x_wconf 80' lang='grc' dir='ltr'>αἱ</span> <span class='ocrx_word' id='word_1_401' title='bbox 2701 2739 3056 2811; x_wconf 80' lang='grc' dir='ltr'>Σταγειρίτου</span> <span class='ocrx_word' id='word_1_402' title='bbox 3091 2735 3289 2808; x_wconf 86' lang='grc' dir='ltr'>βίϐλοι,</span> 
     </span>
    </p>
   </div>
   <div class='ocr_carea' id='block_1_72' title="bbox 2047 2831 3162 2902">
    <p class='ocr_par' dir='ltr' id='par_1_72' title="bbox 2047 2831 3162 2902">
     <span class='ocr_line' id='line_1_72' title="bbox 2047 2831 3162 2902; baseline -0.009 -10"><span class='ocrx_word' id='word_1_403' title='bbox 2047 2837 2326 2892; x_wconf 85' lang='grc' dir='ltr'>Ἐντεῦθεν</span> <span class='ocrx_word' id='word_1_404' title='bbox 2356 2839 2405 2889; x_wconf 89' lang='grc' dir='ltr'>οἱ</span> <span class='ocrx_word' id='word_1_405' title='bbox 2450 2834 2740 2896; x_wconf 76' lang='grc' dir='ltr'>Πλάτωνος</span> <span class='ocrx_word' id='word_1_406' title='bbox 2769 2833 2964 2902; x_wconf 67' lang='grc' dir='ltr'>ὑψηλοὶ</span> <span class='ocrx_word' id='word_1_407' title='bbox 2993 2831 3162 2900; x_wconf 81' lang='grc' dir='ltr'>λόγοι,</span> 
     </span>
    </p>
   </div>
   <div class='ocr_carea' id='block_1_73' title="bbox 2035 2925 3060 2998">
    <p class='ocr_par' dir='ltr' id='par_1_73' title="bbox 2035 2925 3060 2998">
     <span class='ocr_line' id='line_1_73' title="bbox 2035 2925 3060 2998; baseline 0.019 -50"><span class='ocrx_word' id='word_1_408' title='bbox 2035 2932 2202 2985; x_wconf 64' lang='grc' dir='ltr'><strong><em>..Οσον</em></strong></span> <span class='ocrx_word' id='word_1_409' title='bbox 2235 2928 2468 2998; x_wconf 78' lang='grc' dir='ltr'>φυσικὸν</span> <span class='ocrx_word' id='word_1_410' title='bbox 2498 2926 2822 2996; x_wconf 67' lang='grc' dir='ltr'>φιλοσοφίας</span> <span class='ocrx_word' id='word_1_411' title='bbox 2869 2925 3060 2996; x_wconf 70' lang='grc' dir='ltr'>μέρος,</span> 
     </span>
    </p>
   </div>
   <div class='ocr_carea' id='block_1_74' title="bbox 2041 3017 3465 3095">
    <p class='ocr_par' dir='ltr' id='par_1_74' title="bbox 2041 3017 3465 3095">
     <span class='ocr_line' id='line_1_74' title="bbox 2041 3017 3465 3095; baseline 0 -17"><span class='ocrx_word' id='word_1_412' title='bbox 2041 3027 2206 3078; x_wconf 84' lang='grc' dir='ltr'>Ὅσον</span> <span class='ocrx_word' id='word_1_413' title='bbox 2235 3023 2373 3092; x_wconf 72' lang='grc' dir='ltr'>πρὸς</span> <span class='ocrx_word' id='word_1_414' title='bbox 2403 3017 2556 3095; x_wconf 77' lang='grc' dir='ltr'>ἦθος,</span> <span class='ocrx_word' id='word_1_415' title='bbox 2582 3022 2678 3075; x_wconf 79' lang='grc' dir='ltr'>καὶ</span> <span class='ocrx_word' id='word_1_416' title='bbox 2715 3022 2922 3084; x_wconf 85' lang='grc' dir='ltr'>πόλεις,</span> <span class='ocrx_word' id='word_1_417' title='bbox 2964 3021 3057 3074; x_wconf 66' lang='grc' dir='ltr'>καὶ</span> <span class='ocrx_word' id='word_1_418' title='bbox 3084 3021 3221 3091; x_wconf 78' lang='grc' dir='ltr'>πρὸς</span> <span class='ocrx_word' id='word_1_419' title='bbox 3248 3021 3465 3095; x_wconf 75' lang='grc' dir='ltr'>λόγους.</span> 
     </span>
    </p>
   </div>
   <div class='ocr_carea' id='block_1_75' title="bbox 1964 3115 3158 3192">
    <p class='ocr_par' dir='ltr' id='par_1_75' title="bbox 1964 3115 3158 3192">
     <span class='ocr_line' id='line_1_75' title="bbox 1964 3115 3158 3192; baseline -0.004 -17"><span class='ocrx_word' id='word_1_420' title='bbox 1964 3115 2009 3174; x_wconf 90' lang='lat' dir='ltr'><strong><em>C</em></strong></span> <span class='ocrx_word' id='word_1_421' title='bbox 2043 3124 2107 3175; x_wconf 87' lang='grc' dir='ltr'><strong>Ὢ</strong></span> <span class='ocrx_word' id='word_1_422' title='bbox 2137 3119 2487 3192; x_wconf 77' lang='grc' dir='ltr'>βορϐορώδης</span> <span class='ocrx_word' id='word_1_423' title='bbox 2517 3119 2611 3170; x_wconf 73' lang='grc' dir='ltr'>καὶ</span> <span class='ocrx_word' id='word_1_424' title='bbox 2648 3117 2948 3183; x_wconf 85' lang='grc' dir='ltr'>δυσοσμίας</span> <span class='ocrx_word' id='word_1_425' title='bbox 2979 3117 3158 3182; x_wconf 80' lang='grc' dir='ltr'>λόγος,</span> 
     </span>
    </p>
   </div>
   <div class='ocr_carea' id='block_1_76' title="bbox 2055 3211 3198 3280">
    <p class='ocr_par' dir='ltr' id='par_1_76' title="bbox 2055 3211 3198 3280">
     <span class='ocr_line' id='line_1_76' title="bbox 2055 3211 3198 3280; baseline -0.002 -14"><span class='ocrx_word' id='word_1_426' title='bbox 2055 3216 2270 3277; x_wconf 83' lang='grc' dir='ltr'>Ὀποίος</span> <span class='ocrx_word' id='word_1_427' title='bbox 2307 3213 2619 3279; x_wconf 73' lang='grc' dir='ltr'>ἐκπέφευγε</span> <span class='ocrx_word' id='word_1_428' title='bbox 2643 3211 2752 3263; x_wconf 88' lang='grc' dir='ltr'><strong><em>τῶν</em></strong></span> <span class='ocrx_word' id='word_1_429' title='bbox 2790 3212 2900 3264; x_wconf 90' lang='grc' dir='ltr'><strong><em>σῶν</em></strong></span> <span class='ocrx_word' id='word_1_430' title='bbox 2930 3211 3198 3280; x_wconf 80' lang='grc' dir='ltr'>χειλέωνί</span> 
     </span>
    </p>
   </div>
   <div class='ocr_carea' id='block_1_77' title="bbox 2048 3303 3116 3376">
    <p class='ocr_par' dir='ltr' id='par_1_77' title="bbox 2048 3303 3116 3376">
     <span class='ocr_line' id='line_1_77' title="bbox 2048 3303 3116 3376; baseline -0.006 -14"><span class='ocrx_word' id='word_1_431' title='bbox 2048 3309 2112 3363; x_wconf 83' lang='grc' dir='ltr'><strong>Ὢ</strong></span> <span class='ocrx_word' id='word_1_432' title='bbox 2152 3307 2382 3376; x_wconf 78' lang='grc' dir='ltr'>κόπρος,</span> <span class='ocrx_word' id='word_1_433' title='bbox 2414 3305 2502 3356; x_wconf 77' lang='grc' dir='ltr'><strong><em>οἵα</em></strong></span> <span class='ocrx_word' id='word_1_434' title='bbox 2528 3303 2636 3356; x_wconf 85' lang='grc' dir='ltr'><strong><em>σῶν</em></strong></span> <span class='ocrx_word' id='word_1_435' title='bbox 2664 3303 2895 3356; x_wconf 77' lang='grc' dir='ltr'><strong><em>ὀδόντων</em></strong></span> <span class='ocrx_word' id='word_1_436' title='bbox 2920 3303 3116 3373; x_wconf 73' lang='grc' dir='ltr'>ὲξὲϐηί</span> 
     </span>
    </p>
   </div>
   <div class='ocr_carea' id='block_1_78' title="bbox 2050 3391 3303 3468">
    <p class='ocr_par' dir='ltr' id='par_1_78' title="bbox 2050 3391 3303 3468">
     <span class='ocr_line' id='line_1_78' title="bbox 2050 3391 3303 3468; baseline -0.002 -15"><span class='ocrx_word' id='word_1_437' title='bbox 2050 3402 2112 3453; x_wconf 86' lang='grc' dir='ltr'>Ὤ</span> <span class='ocrx_word' id='word_1_438' title='bbox 2151 3399 2379 3463; x_wconf 71' lang='grc' dir='ltr'>καπνὸς,</span> <span class='ocrx_word' id='word_1_439' title='bbox 2408 3391 2518 3459; x_wconf 80' lang='grc' dir='ltr'>οἷος</span> <span class='ocrx_word' id='word_1_440' title='bbox 2543 3396 2652 3448; x_wconf 87' lang='grc' dir='ltr'><strong><em>σῶν</em></strong></span> <span class='ocrx_word' id='word_1_441' title='bbox 2683 3396 3012 3468; x_wconf 81' lang='grc' dir='ltr'>ἁπεπνεύθη</span> <span class='ocrx_word' id='word_1_442' title='bbox 3044 3397 3259 3464; x_wconf 80' lang='grc' dir='ltr'>γνάθων</span> <span class='ocrx_word' id='word_1_443' title='bbox 3287 3398 3303 3451; x_wconf 75' lang='grc' dir='ltr'><strong><em>ι</em></strong></span> 
     </span>
    </p>
   </div>
   <div class='ocr_carea' id='block_1_79' title="bbox 2053 3488 3179 3560">
    <p class='ocr_par' dir='ltr' id='par_1_79' title="bbox 2053 3488 3179 3560">
     <span class='ocr_line' id='line_1_79' title="bbox 2053 3488 3179 3560; baseline -0.002 -14"><span class='ocrx_word' id='word_1_444' title='bbox 2053 3496 2264 3557; x_wconf 80' lang='grc' dir='ltr'>Ὄντως</span> <span class='ocrx_word' id='word_1_445' title='bbox 2290 3493 2355 3545; x_wconf 78' lang='grc' dir='ltr'><strong><em>σὺ</em></strong></span> <span class='ocrx_word' id='word_1_446' title='bbox 2380 3488 2582 3558; x_wconf 78' lang='grc' dir='ltr'>ταύτης</span> <span class='ocrx_word' id='word_1_447' title='bbox 2610 3489 2761 3553; x_wconf 70' lang='grc' dir='ltr'>ἄξιος</span> <span class='ocrx_word' id='word_1_448' title='bbox 2797 3490 2896 3560; x_wconf 70' lang='grc' dir='ltr'><strong><em>τῆς</em></strong></span> <span class='ocrx_word' id='word_1_449' title='bbox 2918 3490 3179 3560; x_wconf 71' lang='grc' dir='ltr'>εὐθύνης*</span> 
     </span>
    </p>
   </div>
   <div class='ocr_carea' id='block_1_80' title="bbox 2047 3659 3636 3741">
    <p class='ocr_par' dir='ltr' id='par_1_80' title="bbox 2047 3659 3636 3741">
     <span class='ocr_line' id='line_1_80' title="bbox 2047 3659 3636 3741; baseline -0.009 -18"><span class='ocrx_word' id='word_1_450' title='bbox 2047 3667 2221 3741; x_wconf 85' lang='lat' dir='ltr'><strong><em>gionis</em></strong></span> <span class='ocrx_word' id='word_1_451' title='bbox 2253 3679 2374 3719; x_wconf 87' lang='lat' dir='ltr'><strong><em>reus</em></strong></span> <span class='ocrx_word' id='word_1_452' title='bbox 2394 3661 2489 3716; x_wconf 83' lang='lat' dir='ltr'><strong><em>es?</em></strong></span> <span class='ocrx_word' id='word_1_453' title='bbox 2512 3660 2624 3731; x_wconf 89' lang='lat' dir='ltr'><strong><em>Ego</em></strong></span> <span class='ocrx_word' id='word_1_454' title='bbox 2646 3659 2782 3713; x_wconf 88' lang='lat' dir='ltr'><strong><em>enim</em></strong></span> <span class='ocrx_word' id='word_1_455' title='bbox 2811 3660 3089 3730; x_wconf 86' lang='lat' dir='ltr'><strong><em>antiquam</em></strong></span> <span class='ocrx_word' id='word_1_456' title='bbox 3115 3660 3276 3730; x_wconf 76' lang='lat' dir='ltr'><strong><em>legem</em></strong></span> <span class='ocrx_word' id='word_1_457' title='bbox 3301 3670 3351 3717; x_wconf 87' lang='lat' dir='ltr'><strong><em>et</em></strong></span> <span class='ocrx_word' id='word_1_458' title='bbox 3379 3675 3636 3719; x_wconf 62' lang='lat' dir='ltr'><strong><em>recentem</em></strong></span> 
     </span>
    </p>
   </div>
   <div class='ocr_carea' id='block_1_81' title="bbox 2053 3752 3638 3824">
    <p class='ocr_par' dir='ltr' id='par_1_81' title="bbox 2053 3752 3638 3824">
     <span class='ocr_line' id='line_1_81' title="bbox 2053 3752 3638 3824; baseline -0.004 -7"><span class='ocrx_word' id='word_1_459' title='bbox 2053 3763 2144 3818; x_wconf 88' lang='lat' dir='ltr'><strong><em>Dei</em></strong></span> <span class='ocrx_word' id='word_1_460' title='bbox 2179 3759 2414 3814; x_wconf 88' lang='lat' dir='ltr'><strong><em>carmine</em></strong></span> <span class='ocrx_word' id='word_1_461' title='bbox 2449 3753 2748 3824; x_wconf 81' lang='lat' dir='ltr'><strong><em>rhytltmico</em></strong></span> <span class='ocrx_word' id='word_1_462' title='bbox 2780 3753 2970 3806; x_wconf 84' lang='lat' dir='ltr'><strong><em>cecini.</em></strong></span> <span class='ocrx_word' id='word_1_463' title='bbox 3014 3752 3167 3807; x_wconf 80' lang='lat' dir='ltr'><strong><em>Mene</em></strong></span> <span class='ocrx_word' id='word_1_464' title='bbox 3199 3773 3231 3808; x_wconf 88' lang='grc' dir='ltr'><strong><em>ιι</em></strong></span> <span class='ocrx_word' id='word_1_465' title='bbox 3267 3755 3374 3808; x_wconf 87' lang='lat' dir='ltr'><strong><em>Deo</em></strong></span> <span class='ocrx_word' id='word_1_466' title='bbox 3403 3756 3638 3811; x_wconf 54' lang='lat' dir='ltr'><strong><em>alienum</em></strong></span> 
     </span>
    </p>
   </div>
   <div class='ocr_carea' id='block_1_82' title="bbox 2050 3841 3644 3921">
    <p class='ocr_par' dir='ltr' id='par_1_82' title="bbox 2050 3841 3644 3921">
     <span class='ocr_line' id='line_1_82' title="bbox 2050 3841 3644 3921; baseline -0.005 -11"><span class='ocrx_word' id='word_1_467' title='bbox 2050 3857 2184 3910; x_wconf 81' lang='lat' dir='ltr'><strong><em>dicis</em></strong></span> <span class='ocrx_word' id='word_1_468' title='bbox 2221 3862 2298 3913; x_wconf 83' lang='lat' dir='ltr'><strong><em>tu.</em></strong></span> <span class='ocrx_word' id='word_1_469' title='bbox 2326 3851 2416 3921; x_wconf 86' lang='lat' dir='ltr'><strong><em>qui</em></strong></span> <span class='ocrx_word' id='word_1_470' title='bbox 2455 3863 2675 3918; x_wconf 83' lang='lat' dir='ltr'><strong><em>prorsus</em></strong></span> <span class='ocrx_word' id='word_1_471' title='bbox 2718 3849 2830 3900; x_wconf 87' lang='lat' dir='ltr'><strong><em>sine</em></strong></span> <span class='ocrx_word' id='word_1_472' title='bbox 2864 3845 2974 3900; x_wconf 88' lang='lat' dir='ltr'><strong><em>Deo</em></strong></span> <span class='ocrx_word' id='word_1_473' title='bbox 3005 3841 3102 3902; x_wconf 74' lang='lat' dir='ltr'><strong><em>es?</em></strong></span> <span class='ocrx_word' id='word_1_474' title='bbox 3129 3846 3193 3900; x_wconf 85' lang='lat' dir='ltr'><strong><em>At</em></strong></span> <span class='ocrx_word' id='word_1_475' title='bbox 3233 3864 3326 3918; x_wconf 85' lang='lat' dir='ltr'><strong><em>ego</em></strong></span> <span class='ocrx_word' id='word_1_476' title='bbox 3358 3848 3492 3902; x_wconf 80' lang='lat' dir='ltr'><strong><em>nihil</em></strong></span> <span class='ocrx_word' id='word_1_477' title='bbox 3534 3852 3644 3908; x_wconf 76' lang='lat' dir='ltr'><strong><em>nisi</em></strong></span> 
     </span>
    </p>
   </div>
   <div class='ocr_carea' id='block_1_83' title="bbox 2053 3939 3642 4011">
    <p class='ocr_par' dir='ltr' id='par_1_83' title="bbox 2053 3939 3642 4011">
     <span class='ocr_line' id='line_1_83' title="bbox 2053 3939 3642 4011; baseline -0.003 -7"><span class='ocrx_word' id='word_1_478' title='bbox 2053 3950 2219 4004; x_wconf 86' lang='lat' dir='ltr'><strong><em>Deum</em></strong></span> <span class='ocrx_word' id='word_1_479' title='bbox 2274 3946 2442 4010; x_wconf 85' lang='lat' dir='ltr'><strong><em>spiro.</em></strong></span> <span class='ocrx_word' id='word_1_480' title='bbox 2487 3941 2565 3996; x_wconf 81' lang='lat' dir='ltr'><strong><em>Tu</em></strong></span> <span class='ocrx_word' id='word_1_481' title='bbox 2615 3956 2694 3994; x_wconf 90' lang='lat' dir='ltr'><strong><em>me</em></strong></span> <span class='ocrx_word' id='word_1_482' title='bbox 2732 3939 2957 4004; x_wconf 84' lang='lat' dir='ltr'><strong><em>ebrium,</em></strong></span> <span class='ocrx_word' id='word_1_483' title='bbox 3008 3939 3264 3995; x_wconf 85' lang='lat' dir='ltr'><strong><em>stolidum</em></strong></span> <span class='ocrx_word' id='word_1_484' title='bbox 3318 3947 3642 4011; x_wconf 73' lang='lat' dir='ltr'><strong><em>nuncupas?</em></strong></span> 
     </span>
    </p>
   </div>
   <div class='ocr_carea' id='block_1_84' title="bbox 2054 4030 3640 4105">
    <p class='ocr_par' dir='ltr' id='par_1_84' title="bbox 2054 4030 3640 4105">
     <span class='ocr_line' id='line_1_84' title="bbox 2054 4030 3640 4105; baseline -0.004 -10"><span class='ocrx_word' id='word_1_485' title='bbox 2054 4041 2122 4095; x_wconf 86' lang='lat' dir='ltr'><strong><em>At</em></strong></span> <span class='ocrx_word' id='word_1_486' title='bbox 2163 4049 2209 4094; x_wconf 90' lang='lat' dir='ltr'><strong><em>te</em></strong></span> <span class='ocrx_word' id='word_1_487' title='bbox 2253 4042 2393 4091; x_wconf 89' lang='lat' dir='ltr'><strong><em>inter</em></strong></span> <span class='ocrx_word' id='word_1_488' title='bbox 2439 4050 2500 4088; x_wconf 88' lang='lat' dir='ltr'><strong><em>ac</em></strong></span> <span class='ocrx_word' id='word_1_489' title='bbox 2553 4032 2717 4087; x_wconf 88' lang='lat' dir='ltr'><strong><em>Deum</em></strong></span> <span class='ocrx_word' id='word_1_490' title='bbox 2764 4031 2900 4085; x_wconf 81' lang='lat' dir='ltr'><strong><em>nihil</em></strong></span> <span class='ocrx_word' id='word_1_491' title='bbox 2931 4030 3050 4100; x_wconf 88' lang='lat' dir='ltr'><strong><em>jam</em></strong></span> <span class='ocrx_word' id='word_1_492' title='bbox 3095 4032 3165 4086; x_wconf 85' lang='lat' dir='ltr'><strong><em>sit</em></strong></span> <span class='ocrx_word' id='word_1_493' title='bbox 3213 4049 3509 4100; x_wconf 83' lang='lat' dir='ltr'><strong><em>commune,</em></strong></span> <span class='ocrx_word' id='word_1_494' title='bbox 3549 4036 3640 4105; x_wconf 91' lang='lat' dir='ltr'><strong><em>qui</em></strong></span> 
     </span>
    </p>
   </div>
   <div class='ocr_carea' id='block_1_85' title="bbox 2059 4128 3646 4200">
    <p class='ocr_par' dir='ltr' id='par_1_85' title="bbox 2059 4128 3646 4200">
     <span class='ocr_line' id='line_1_85' title="bbox 2059 4128 3646 4200; baseline -0.001 -12"><span class='ocrx_word' id='word_1_495' title='bbox 2059 4135 2188 4188; x_wconf 85' lang='lat' dir='ltr'><strong><em>talia</em></strong></span> <span class='ocrx_word' id='word_1_496' title='bbox 2227 4133 2511 4193; x_wconf 77' lang='lat' dir='ltr'><strong><em>blaterare,</em></strong></span> <span class='ocrx_word' id='word_1_497' title='bbox 2545 4129 2740 4200; x_wconf 85' lang='lat' dir='ltr'><strong><em>nugari</em></strong></span> <span class='ocrx_word' id='word_1_498' title='bbox 2780 4137 2830 4180; x_wconf 83' lang='lat' dir='ltr'><strong><em>et</em></strong></span> <span class='ocrx_word' id='word_1_499' title='bbox 2861 4128 3075 4196; x_wconf 70' lang='lat' dir='ltr'><strong><em>effutire</em></strong></span> <span class='ocrx_word' id='word_1_500' title='bbox 3110 4131 3300 4183; x_wconf 89' lang='lat' dir='ltr'><strong><em>audes.</em></strong></span> <span class='ocrx_word' id='word_1_501' title='bbox 3328 4133 3481 4185; x_wconf 82' lang='lat' dir='ltr'><strong><em>Mene</em></strong></span> <span class='ocrx_word' id='word_1_502' title='bbox 3508 4141 3560 4184; x_wconf 88' lang='lat' dir='ltr'><strong><em>lu</em></strong></span> <span class='ocrx_word' id='word_1_503' title='bbox 3588 4133 3646 4186; x_wconf 84' lang='lat' dir='ltr'><strong><em>in</em></strong></span> 
     </span>
    </p>
   </div>
   <div class='ocr_carea' id='block_1_86' title="bbox 2065 4221 3650 4292">
    <p class='ocr_par' dir='ltr' id='par_1_86' title="bbox 2065 4221 3650 4292">
     <span class='ocr_line' id='line_1_86' title="bbox 2065 4221 3650 4292; baseline -0.001 -11"><span class='ocrx_word' id='word_1_504' title='bbox 2065 4225 2286 4282; x_wconf 81' lang='lat' dir='ltr'><strong><em>Verbum</em></strong></span> <span class='ocrx_word' id='word_1_505' title='bbox 2321 4225 2540 4291; x_wconf 89' lang='lat' dir='ltr'><strong><em>impium</em></strong></span> <span class='ocrx_word' id='word_1_506' title='bbox 2579 4238 2690 4275; x_wconf 85' lang='lat' dir='ltr'><strong><em>esse</em></strong></span> <span class='ocrx_word' id='word_1_507' title='bbox 2721 4222 2918 4275; x_wconf 85' lang='lat' dir='ltr'><strong><em>asseris</em></strong></span> <span class='ocrx_word' id='word_1_508' title='bbox 2945 4224 2969 4277; x_wconf 77' lang='lat'><em>7</em></span> <span class='ocrx_word' id='word_1_509' title='bbox 3000 4221 3176 4292; x_wconf 78' lang='lat' dir='ltr'><strong><em>Atego</em></strong></span> <span class='ocrx_word' id='word_1_510' title='bbox 3199 4222 3425 4278; x_wconf 78' lang='lat' dir='ltr'><strong><em>Patrum</em></strong></span> <span class='ocrx_word' id='word_1_511' title='bbox 3445 4225 3650 4279; x_wconf 83' lang='lat' dir='ltr'><strong><em>divino-</em></strong></span> 
     </span>
    </p>
   </div>
   <div class='ocr_carea' id='block_1_87' title="bbox 2063 4315 3648 4388">
    <p class='ocr_par' dir='ltr' id='par_1_87' title="bbox 2063 4315 3648 4388">
     <span class='ocr_line' id='line_1_87' title="bbox 2063 4315 3648 4388; baseline -0.009 -14"><span class='ocrx_word' id='word_1_512' title='bbox 2063 4335 2181 4374; x_wconf 89' lang='lat' dir='ltr'><strong><em>rum</em></strong></span> <span class='ocrx_word' id='word_1_513' title='bbox 2221 4328 2271 4373; x_wconf 90' lang='lat' dir='ltr'><strong><em>et</em></strong></span> <span class='ocrx_word' id='word_1_514' title='bbox 2296 4319 2402 4388; x_wconf 83' lang='lat' dir='ltr'><strong><em>ﬁde</em></strong></span> <span class='ocrx_word' id='word_1_515' title='bbox 2435 4317 2717 4386; x_wconf 83' lang='lat' dir='ltr'><strong><em>dignorum</em></strong></span> <span class='ocrx_word' id='word_1_516' title='bbox 2755 4315 2916 4383; x_wconf 76' lang='lat' dir='ltr'><strong><em>ﬁdem</em></strong></span> <span class='ocrx_word' id='word_1_517' title='bbox 2955 4329 3019 4367; x_wconf 74' lang='lat' dir='ltr'><strong><em>ex</em></strong></span> <span class='ocrx_word' id='word_1_518' title='bbox 3056 4315 3298 4384; x_wconf 82' lang='lat' dir='ltr'><strong><em>operibus</em></strong></span> <span class='ocrx_word' id='word_1_519' title='bbox 3335 4333 3516 4371; x_wconf 87' lang='lat' dir='ltr'><strong><em>eorum</em></strong></span> <span class='ocrx_word' id='word_1_520' title='bbox 3554 4320 3648 4371; x_wconf 81' lang='lat' dir='ltr'><strong><em>de-</em></strong></span> 
     </span>
    </p>
   </div>
   <div class='ocr_carea' id='block_1_88' title="bbox 2065 4407 3648 4480">
    <p class='ocr_par' dir='ltr' id='par_1_88' title="bbox 2065 4407 3648 4480">
     <span class='ocr_line' id='line_1_88' title="bbox 2065 4407 3648 4480; baseline 0 -14"><span class='ocrx_word' id='word_1_521' title='bbox 2065 4423 2320 4476; x_wconf 85' lang='lat' dir='ltr'><strong><em>monstro,</em></strong></span> <span class='ocrx_word' id='word_1_522' title='bbox 2340 4420 2389 4466; x_wconf 86' lang='lat' dir='ltr'><strong><em>et</em></strong></span> <span class='ocrx_word' id='word_1_523' title='bbox 2405 4427 2432 4464; x_wconf 89' lang='lat' dir='ltr'><strong><em>e</em></strong></span> <span class='ocrx_word' id='word_1_524' title='bbox 2461 4409 2729 4462; x_wconf 88' lang='lat' dir='ltr'><strong><em>nominum</em></strong></span> <span class='ocrx_word' id='word_1_525' title='bbox 2750 4419 2946 4462; x_wconf 87' lang='lat' dir='ltr'><strong><em>natura</em></strong></span> <span class='ocrx_word' id='word_1_526' title='bbox 2965 4407 3266 4462; x_wconf 86' lang='lat' dir='ltr'><strong><em>christiana</em></strong></span> <span class='ocrx_word' id='word_1_527' title='bbox 3287 4411 3470 4480; x_wconf 90' lang='lat' dir='ltr'><strong><em>probo.</em></strong></span> <span class='ocrx_word' id='word_1_528' title='bbox 3495 4411 3648 4479; x_wconf 82' lang='lat' dir='ltr'><strong><em>Papa</em></strong></span> 
     </span>
    </p>
   </div>
   <div class='ocr_carea' id='block_1_89' title="bbox 368 4497 3651 4587">
    <p class='ocr_par' dir='ltr' id='par_1_89' title="bbox 368 4497 3651 4587">
     <span class='ocr_line' id='line_1_89' title="bbox 368 4497 3651 4587; baseline 0.002 -35"><span class='ocrx_word' id='word_1_529' title='bbox 368 4498 571 4570; x_wconf 88' lang='lat' dir='ltr'><strong><em>jugiter</em></strong></span> <span class='ocrx_word' id='word_1_530' title='bbox 603 4498 915 4566; x_wconf 86' lang='lat' dir='ltr'><strong><em>monarcha,</em></strong></span> <span class='ocrx_word' id='word_1_531' title='bbox 953 4497 1231 4565; x_wconf 86' lang='lat' dir='ltr'><strong><em>Dominus,</em></strong></span> <span class='ocrx_word' id='word_1_532' title='bbox 1275 4501 1508 4553; x_wconf 86' lang='lat' dir='ltr'><strong><em>omnium</em></strong></span> <span class='ocrx_word' id='word_1_533' title='bbox 1555 4518 1671 4569; x_wconf 78' lang='lat' dir='ltr'><strong><em>qua:</em></strong></span> <span class='ocrx_word' id='word_1_534' title='bbox 1703 4512 1822 4555; x_wconf 84' lang='lat' dir='ltr'><strong><em>sunt</em></strong></span> <span class='ocrx_word' id='word_1_535' title='bbox 1853 4512 1957 4555; x_wconf 90' lang='lat' dir='ltr'><strong><em>ter-</em></strong></span> <span class='ocrx_word' id='word_1_536' title='bbox 1992 4531 2036 4587; x_wconf 69' lang='grc' dir='ltr'>υ</span> <span class='ocrx_word' id='word_1_537' title='bbox 2065 4506 2201 4560; x_wconf 87' lang='lat' dir='ltr'><strong><em>enim</em></strong></span> <span class='ocrx_word' id='word_1_538' title='bbox 2217 4504 2455 4569; x_wconf 84' lang='lat' dir='ltr'><strong><em>quiidem</em></strong></span> <span class='ocrx_word' id='word_1_539' title='bbox 2487 4503 2624 4572; x_wconf 89' lang='lat' dir='ltr'><strong><em>quod</em></strong></span> <span class='ocrx_word' id='word_1_540' title='bbox 2647 4503 2956 4554; x_wconf 76' lang='lat' dir='ltr'><strong><em>l’rwcursor</em></strong></span> <span class='ocrx_word' id='word_1_541' title='bbox 2987 4517 3171 4555; x_wconf 87' lang='lat' dir='ltr'><strong><em>nomen</em></strong></span> <span class='ocrx_word' id='word_1_542' title='bbox 3196 4503 3378 4572; x_wconf 82' lang='lat' dir='ltr'><strong><em>gessit,</em></strong></span> <span class='ocrx_word' id='word_1_543' title='bbox 3409 4502 3651 4573; x_wconf 58' lang='lat' dir='ltr'><strong><em>familia-</em></strong></span> 
     </span>
    </p>
   </div>
   <div class='ocr_carea' id='block_1_90' title="bbox 381 4594 1963 4667">
    <p class='ocr_par' dir='ltr' id='par_1_90' title="bbox 381 4594 1963 4667">
     <span class='ocr_line' id='line_1_90' title="bbox 381 4594 1963 4667; baseline 0.001 -18"><span class='ocrx_word' id='word_1_544' title='bbox 381 4596 578 4660; x_wconf 88' lang='lat' dir='ltr'><strong><em>minus,</em></strong></span> <span class='ocrx_word' id='word_1_545' title='bbox 631 4609 799 4657; x_wconf 90' lang='lat' dir='ltr'><strong><em>mens,</em></strong></span> <span class='ocrx_word' id='word_1_546' title='bbox 847 4595 1014 4658; x_wconf 88' lang='lat' dir='ltr'><strong><em>ratio,</em></strong></span> <span class='ocrx_word' id='word_1_547' title='bbox 1065 4594 1305 4662; x_wconf 80' lang='lat' dir='ltr'><strong><em>spiritus,</em></strong></span> <span class='ocrx_word' id='word_1_548' title='bbox 1340 4610 1443 4648; x_wconf 87' lang='lat' dir='ltr'><strong><em>uno</em></strong></span> <span class='ocrx_word' id='word_1_549' title='bbox 1479 4595 1631 4649; x_wconf 85' lang='lat' dir='ltr'><strong><em>verbo</em></strong></span> <span class='ocrx_word' id='word_1_550' title='bbox 1672 4595 1836 4661; x_wconf 87' lang='lat' dir='ltr'><strong><em>Deus,</em></strong></span> <span class='ocrx_word' id='word_1_551' title='bbox 1872 4597 1963 4667; x_wconf 89' lang='lat' dir='ltr'><strong><em>qui</em></strong></span> 
     </span>
    </p>
   </div>
   <div class='ocr_carea' id='block_1_91' title="bbox 382 4687 1966 4756">
    <p class='ocr_par' dir='ltr' id='par_1_91' title="bbox 382 4687 1966 4756">
     <span class='ocr_line' id='line_1_91' title="bbox 382 4687 1966 4756; baseline 0.002 -14"><span class='ocrx_word' id='word_1_552' title='bbox 382 4703 622 4742; x_wconf 90' lang='lat' dir='ltr'><strong><em>amorem</em></strong></span> <span class='ocrx_word' id='word_1_553' title='bbox 651 4698 701 4741; x_wconf 91' lang='lat' dir='ltr'><strong><em>et</em></strong></span> <span class='ocrx_word' id='word_1_554' title='bbox 735 4687 982 4741; x_wconf 85' lang='lat' dir='ltr'><strong><em>unionem</em></strong></span> <span class='ocrx_word' id='word_1_555' title='bbox 1026 4688 1081 4740; x_wconf 90' lang='lat' dir='ltr'><strong><em>in</em></strong></span> <span class='ocrx_word' id='word_1_556' title='bbox 1123 4703 1179 4740; x_wconf 94' lang='lat' dir='ltr'><strong><em>se</em></strong></span> <span class='ocrx_word' id='word_1_557' title='bbox 1217 4687 1342 4756; x_wconf 81' lang='lat' dir='ltr'><strong><em>fert.</em></strong></span> <span class='ocrx_word' id='word_1_558' title='bbox 1384 4687 1599 4743; x_wconf 81' lang='lat' dir='ltr'><strong><em>Verbum</em></strong></span> <span class='ocrx_word' id='word_1_559' title='bbox 1630 4692 1818 4745; x_wconf 87' lang='lat' dir='ltr'><strong><em>mentis</em></strong></span> <span class='ocrx_word' id='word_1_560' title='bbox 1853 4706 1966 4744; x_wconf 84' lang='lat' dir='ltr'><strong><em>om-</em></strong></span> 
     </span>
    </p>
   </div>
   <div class='ocr_carea' id='block_1_92' title="bbox 385 4781 1966 4854">
    <p class='ocr_par' dir='ltr' id='par_1_92' title="bbox 385 4781 1966 4854">
     <span class='ocr_line' id='line_1_92' title="bbox 385 4781 1966 4854; baseline 0.001 -17"><span class='ocrx_word' id='word_1_561' title='bbox 385 4782 665 4851; x_wconf 83' lang='lat' dir='ltr'><strong><em>nipotentis</em></strong></span> <span class='ocrx_word' id='word_1_562' title='bbox 705 4790 952 4835; x_wconf 88' lang='lat' dir='ltr'><strong><em>creatura</em></strong></span> <span class='ocrx_word' id='word_1_563' title='bbox 976 4794 993 4844; x_wconf 85' lang='lat'><em>;</em></span> <span class='ocrx_word' id='word_1_564' title='bbox 1016 4796 1147 4849; x_wconf 86' lang='lat' dir='ltr'><strong><em>puer</em></strong></span> <span class='ocrx_word' id='word_1_565' title='bbox 1172 4796 1236 4836; x_wconf 81' lang='lat' dir='ltr'><strong><em>ea:</em></strong></span> <span class='ocrx_word' id='word_1_566' title='bbox 1265 4781 1621 4837; x_wconf 90' lang='lat' dir='ltr'><strong><em>Sanctissima</em></strong></span> <span class='ocrx_word' id='word_1_567' title='bbox 1653 4792 1966 4854; x_wconf 82' lang='lat' dir='ltr'><strong><em>prognatus,</em></strong></span> 
     </span>
    </p>
   </div>
   <div class='ocr_carea' id='block_1_93' title="bbox 383 4875 1966 4947">
    <p class='ocr_par' dir='ltr' id='par_1_93' title="bbox 383 4875 1966 4947">
     <span class='ocr_line' id='line_1_93' title="bbox 383 4875 1966 4947; baseline 0.001 -17"><span class='ocrx_word' id='word_1_568' title='bbox 383 4876 587 4930; x_wconf 84' lang='lat' dir='ltr'><strong><em>radicis</em></strong></span> <span class='ocrx_word' id='word_1_569' title='bbox 632 4877 745 4929; x_wconf 86' lang='lat' dir='ltr'><strong><em>sine</em></strong></span> <span class='ocrx_word' id='word_1_570' title='bbox 769 4875 1030 4945; x_wconf 83' lang='lat' dir='ltr'><strong><em>principio</em></strong></span> <span class='ocrx_word' id='word_1_571' title='bbox 1084 4875 1315 4943; x_wconf 75' lang='lat' dir='ltr'><strong><em>fructus,</em></strong></span> <span class='ocrx_word' id='word_1_572' title='bbox 1345 4877 1489 4930; x_wconf 89' lang='lat' dir='ltr'><strong><em>solus</em></strong></span> <span class='ocrx_word' id='word_1_573' title='bbox 1536 4877 1651 4932; x_wconf 84' lang='lat' dir='ltr'><strong><em>sine</em></strong></span> <span class='ocrx_word' id='word_1_574' title='bbox 1678 4879 1966 4947; x_wconf 86' lang='lat' dir='ltr'><strong><em>principio,</em></strong></span> 
     </span>
    </p>
   </div>
   <div class='ocr_carea' id='block_1_94' title="bbox 387 4969 1224 5039">
    <p class='ocr_par' dir='ltr' id='par_1_94' title="bbox 387 4969 1224 5039">
     <span class='ocr_line' id='line_1_94' title="bbox 387 4969 1224 5039; baseline -0.005 -13"><span class='ocrx_word' id='word_1_575' title='bbox 387 4971 620 5039; x_wconf 73' lang='lat' dir='ltr'><strong><em>sigillum</em></strong></span> <span class='ocrx_word' id='word_1_576' title='bbox 657 4984 872 5037; x_wconf 80' lang='lat' dir='ltr'><strong><em>purum,</em></strong></span> <span class='ocrx_word' id='word_1_577' title='bbox 894 4969 1224 5022; x_wconf 78' lang='lat' dir='ltr'><strong><em>irwariabile.</em></strong></span> 
     </span>
    </p>
   </div>
   <div class='ocr_carea' id='block_1_95' title="bbox 461 5055 1971 5124">
    <p class='ocr_par' dir='ltr' id='par_1_95' title="bbox 461 5055 1971 5124">
     <span class='ocr_line' id='line_1_95' title="bbox 461 5055 1971 5124; baseline 0.003 -13"><span class='ocrx_word' id='word_1_578' title='bbox 461 5055 695 5124; x_wconf 78' lang='lat' dir='ltr'><strong><em>Spiritus</em></strong></span> <span class='ocrx_word' id='word_1_579' title='bbox 737 5056 943 5122; x_wconf 80' lang='lat' dir='ltr'><strong><em>{ructus</em></strong></span> <span class='ocrx_word' id='word_1_580' title='bbox 990 5072 1052 5109; x_wconf 88' lang='lat' dir='ltr'><strong><em>ac</em></strong></span> <span class='ocrx_word' id='word_1_581' title='bbox 1080 5064 1362 5124; x_wconf 80' lang='lat' dir='ltr'><strong><em>proventus</em></strong></span> <span class='ocrx_word' id='word_1_582' title='bbox 1404 5056 1640 5124; x_wconf 79' lang='lat' dir='ltr'><strong><em>Mentis;</em></strong></span> <span class='ocrx_word' id='word_1_583' title='bbox 1674 5059 1971 5115; x_wconf 82' lang='lat' dir='ltr'><strong><em>altissimus</em></strong></span> 
     </span>
    </p>
   </div>
   <div class='ocr_carea' id='block_1_96' title="bbox 391 5148 1971 5223">
    <p class='ocr_par' dir='ltr' id='par_1_96' title="bbox 391 5148 1971 5223">
     <span class='ocr_line' id='line_1_96' title="bbox 391 5148 1971 5223; baseline 0.001 -18"><span class='ocrx_word' id='word_1_584' title='bbox 391 5161 468 5206; x_wconf 36' lang='lat' dir='ltr'><strong><em>‘st</em></strong></span> <span class='ocrx_word' id='word_1_585' title='bbox 498 5162 541 5205; x_wconf 89' lang='lat' dir='ltr'><strong><em>et</em></strong></span> <span class='ocrx_word' id='word_1_586' title='bbox 573 5149 811 5219; x_wconf 82' lang='lat' dir='ltr'><strong><em>ejusdem</em></strong></span> <span class='ocrx_word' id='word_1_587' title='bbox 843 5166 959 5204; x_wconf 86' lang='lat' dir='ltr'><strong><em>cum</em></strong></span> <span class='ocrx_word' id='word_1_588' title='bbox 1000 5148 1168 5204; x_wconf 81' lang='lat' dir='ltr'><strong><em>Verbo</em></strong></span> <span class='ocrx_word' id='word_1_589' title='bbox 1197 5152 1388 5222; x_wconf 76' lang='lat' dir='ltr'><strong><em>gloria:</em></strong></span> <span class='ocrx_word' id='word_1_590' title='bbox 1411 5150 1677 5223; x_wconf 82' lang='lat' dir='ltr'><strong><em>particeps</em></strong></span> <span class='ocrx_word' id='word_1_591' title='bbox 1701 5168 1721 5218; x_wconf 81' lang='lat'><strong><em>,&#39;</em></strong></span> <span class='ocrx_word' id='word_1_592' title='bbox 1752 5164 1971 5221; x_wconf 88' lang='lat' dir='ltr'><strong><em>natura,</em></strong></span> 
     </span>
    </p>
   </div>
   <div class='ocr_carea' id='block_1_97' title="bbox 389 5244 1972 5319">
    <p class='ocr_par' dir='ltr' id='par_1_97' title="bbox 389 5244 1972 5319">
     <span class='ocr_line' id='line_1_97' title="bbox 389 5244 1972 5319; baseline 0.003 -21"><span class='ocrx_word' id='word_1_593' title='bbox 389 5248 584 5299; x_wconf 60' lang='lat' dir='ltr'><strong><em>uirtute</em></strong></span> <span class='ocrx_word' id='word_1_594' title='bbox 609 5254 659 5298; x_wconf 87' lang='lat' dir='ltr'><strong><em>et</em></strong></span> <span class='ocrx_word' id='word_1_595' title='bbox 687 5246 927 5314; x_wconf 89' lang='lat' dir='ltr'><strong><em>potentia</em></strong></span> <span class='ocrx_word' id='word_1_596' title='bbox 967 5244 1134 5310; x_wconf 87' lang='lat' dir='ltr'><strong><em>idem,</em></strong></span> <span class='ocrx_word' id='word_1_597' title='bbox 1163 5247 1358 5301; x_wconf 90' lang='lat' dir='ltr'><strong><em>mentis</em></strong></span> <span class='ocrx_word' id='word_1_598' title='bbox 1399 5247 1718 5318; x_wconf 86' lang='lat' dir='ltr'><strong><em>cogitatione</em></strong></span> <span class='ocrx_word' id='word_1_599' title='bbox 1759 5248 1972 5319; x_wconf 87' lang='lat' dir='ltr'><strong><em>quidem</em></strong></span> 
     </span>
    </p>
   </div>
   <div class='ocr_carea' id='block_1_98' title="bbox 394 5337 1980 5413">
    <p class='ocr_par' dir='ltr' id='par_1_98' title="bbox 394 5337 1980 5413">
     <span class='ocr_line' id='line_1_98' title="bbox 394 5337 1980 5413; baseline 0.003 -21"><span class='ocrx_word' id='word_1_600' title='bbox 394 5337 754 5409; x_wconf 71' lang='lat' dir='ltr'><strong><em>attingendus,</em></strong></span> <span class='ocrx_word' id='word_1_601' title='bbox 778 5337 868 5391; x_wconf 90' lang='lat' dir='ltr'><strong><em>sed</em></strong></span> <span class='ocrx_word' id='word_1_602' title='bbox 894 5338 1194 5409; x_wconf 72' lang='lat' dir='ltr'><strong><em>imperfecte</em></strong></span> <span class='ocrx_word' id='word_1_603' title='bbox 1219 5348 1269 5394; x_wconf 85' lang='lat' dir='ltr'><strong><em>et</em></strong></span> <span class='ocrx_word' id='word_1_604' title='bbox 1298 5339 1557 5408; x_wconf 86' lang='lat' dir='ltr'><strong><em>obscure;</em></strong></span> <span class='ocrx_word' id='word_1_605' title='bbox 1582 5356 1701 5411; x_wconf 70' lang='lat' dir='ltr'><strong><em>qua</em></strong></span> <span class='ocrx_word' id='word_1_606' title='bbox 1733 5342 1822 5413; x_wconf 88' lang='lat' dir='ltr'><strong><em>qui</em></strong></span> <span class='ocrx_word' id='word_1_607' title='bbox 1852 5344 1980 5397; x_wconf 85' lang='lat' dir='ltr'><strong><em>reli-</em></strong></span> 
     </span>
    </p>
   </div>
   <div class='ocr_carea' id='block_1_99' title="bbox 392 5428 1978 5505">
    <p class='ocr_par' dir='ltr' id='par_1_99' title="bbox 392 5428 1978 5505">
     <span class='ocr_line' id='line_1_99' title="bbox 392 5428 1978 5505; baseline 0.003 -21"><span class='ocrx_word' id='word_1_608' title='bbox 392 5431 538 5501; x_wconf 82' lang='lat' dir='ltr'><strong><em>giose</em></strong></span> <span class='ocrx_word' id='word_1_609' title='bbox 570 5428 695 5483; x_wconf 89' lang='lat' dir='ltr'><strong><em>colit</em></strong></span> <span class='ocrx_word' id='word_1_610' title='bbox 727 5445 791 5483; x_wconf 85' lang='lat' dir='ltr'><strong><em>ac</em></strong></span> <span class='ocrx_word' id='word_1_611' title='bbox 822 5429 1013 5497; x_wconf 85' lang='lat' dir='ltr'><strong><em>credit,</em></strong></span> <span class='ocrx_word' id='word_1_612' title='bbox 1039 5431 1221 5487; x_wconf 78' lang='lat' dir='ltr'><strong><em>salvus</em></strong></span> <span class='ocrx_word' id='word_1_613' title='bbox 1261 5431 1384 5488; x_wconf 88' lang='lat' dir='ltr'><strong><em>erit.</em></strong></span> <span class='ocrx_word' id='word_1_614' title='bbox 1427 5431 1487 5488; x_wconf 90' lang='lat' dir='ltr'><strong><em>Si</em></strong></span> <span class='ocrx_word' id='word_1_615' title='bbox 1515 5435 1681 5505; x_wconf 86' lang='lat' dir='ltr'><strong><em>igitur</em></strong></span> <span class='ocrx_word' id='word_1_616' title='bbox 1712 5436 1826 5490; x_wconf 80' lang='lat' dir='ltr'><strong><em>htec</em></strong></span> <span class='ocrx_word' id='word_1_617' title='bbox 1856 5451 1978 5489; x_wconf 82' lang='lat' dir='ltr'><strong><em>vera</em></strong></span> 
     </span>
    </p>
   </div>
   <div class='ocr_carea' id='block_1_100' title="bbox 393 5523 1979 5597">
    <p class='ocr_par' dir='ltr' id='par_1_100' title="bbox 393 5523 1979 5597">
     <span class='ocr_line' id='line_1_100' title="bbox 393 5523 1979 5597; baseline 0.003 -18"><span class='ocrx_word' id='word_1_618' title='bbox 393 5535 539 5588; x_wconf 83' lang='lat' dir='ltr'><strong><em>sunt,</em></strong></span> <span class='ocrx_word' id='word_1_619' title='bbox 580 5538 675 5577; x_wconf 90' lang='lat' dir='ltr'><strong><em>cur</em></strong></span> <span class='ocrx_word' id='word_1_620' title='bbox 709 5538 792 5577; x_wconf 85' lang='lat' dir='ltr'><strong><em>me</em></strong></span> <span class='ocrx_word' id='word_1_621' title='bbox 830 5539 856 5576; x_wconf 88' lang='lat' dir='ltr'><strong><em>e</em></strong></span> <span class='ocrx_word' id='word_1_622' title='bbox 891 5523 1126 5578; x_wconf 77' lang='lat' dir='ltr'><strong><em>veritatis</em></strong></span> <span class='ocrx_word' id='word_1_623' title='bbox 1161 5525 1240 5579; x_wconf 75' lang='lat' dir='ltr'><strong><em>uia</em></strong></span> <span class='ocrx_word' id='word_1_624' title='bbox 1277 5526 1486 5597; x_wconf 76' lang='lat' dir='ltr'><strong><em>abigis?</em></strong></span> <span class='ocrx_word' id='word_1_625' title='bbox 1517 5525 1615 5583; x_wconf 87' lang='lat' dir='ltr'><strong><em>Sin</em></strong></span> <span class='ocrx_word' id='word_1_626' title='bbox 1648 5529 1823 5584; x_wconf 88' lang='lat' dir='ltr'><strong><em>minus</em></strong></span> <span class='ocrx_word' id='word_1_627' title='bbox 1856 5546 1979 5584; x_wconf 84' lang='lat' dir='ltr'><strong><em>vera</em></strong></span> 
     </span>
    </p>
   </div>
   <div class='ocr_carea' id='block_1_101' title="bbox 397 5617 1980 5691">
    <p class='ocr_par' dir='ltr' id='par_1_101' title="bbox 397 5617 1980 5691">
     <span class='ocr_line' id='line_1_101' title="bbox 397 5617 1980 5691; baseline 0.002 -18"><span class='ocrx_word' id='word_1_628' title='bbox 397 5627 542 5683; x_wconf 84' lang='lat' dir='ltr'><strong><em>sunt,</em></strong></span> <span class='ocrx_word' id='word_1_629' title='bbox 573 5633 768 5672; x_wconf 83' lang='lat' dir='ltr'><strong><em>causas</em></strong></span> <span class='ocrx_word' id='word_1_630' title='bbox 789 5618 1028 5672; x_wconf 89' lang='lat' dir='ltr'><strong><em>enuntia.</em></strong></span> <span class='ocrx_word' id='word_1_631' title='bbox 1060 5617 1192 5684; x_wconf 85' lang='lat' dir='ltr'><strong><em>Quis</em></strong></span> <span class='ocrx_word' id='word_1_632' title='bbox 1217 5629 1393 5673; x_wconf 89' lang='lat' dir='ltr'><strong><em>autem</em></strong></span> <span class='ocrx_word' id='word_1_633' title='bbox 1423 5637 1577 5676; x_wconf 91' lang='lat' dir='ltr'><strong><em>nares</em></strong></span> <span class='ocrx_word' id='word_1_634' title='bbox 1600 5621 1980 5691; x_wconf 86' lang='lat' dir='ltr'><strong><em>tibiemunget,</em></strong></span> 
     </span>
    </p>
   </div>
   <div class='ocr_carea' id='block_1_102' title="bbox 400 5709 1982 5785">
    <p class='ocr_par' dir='ltr' id='par_1_102' title="bbox 400 5709 1982 5785">
     <span class='ocr_line' id='line_1_102' title="bbox 400 5709 1982 5785; baseline 0.003 -21"><span class='ocrx_word' id='word_1_635' title='bbox 400 5719 458 5764; x_wconf 90' lang='lat' dir='ltr'><strong><em>ut</em></strong></span> <span class='ocrx_word' id='word_1_636' title='bbox 503 5726 665 5764; x_wconf 89' lang='lat' dir='ltr'><strong><em>unam</em></strong></span> <span class='ocrx_word' id='word_1_637' title='bbox 698 5709 964 5781; x_wconf 82' lang='lat' dir='ltr'><strong><em>syllabam</em></strong></span> <span class='ocrx_word' id='word_1_638' title='bbox 998 5710 1168 5764; x_wconf 85' lang='lat' dir='ltr'><strong><em>verbis</em></strong></span> <span class='ocrx_word' id='word_1_639' title='bbox 1203 5713 1307 5767; x_wconf 83' lang='lat' dir='ltr'><strong><em>tuis</em></strong></span> <span class='ocrx_word' id='word_1_640' title='bbox 1351 5711 1569 5769; x_wconf 73' lang='lat' dir='ltr'><strong><em>addas?</em></strong></span> <span class='ocrx_word' id='word_1_641' title='bbox 1600 5712 1739 5769; x_wconf 65' lang='lat' dir='ltr'><strong><em>Mihi</em></strong></span> <span class='ocrx_word' id='word_1_642' title='bbox 1768 5716 1982 5785; x_wconf 85' lang='lat' dir='ltr'><strong><em>quidem</em></strong></span> 
     </span>
    </p>
   </div>
   <div class='ocr_carea' id='block_1_103' title="bbox 403 5803 1984 5878">
    <p class='ocr_par' dir='ltr' id='par_1_103' title="bbox 403 5803 1984 5878">
     <span class='ocr_line' id='line_1_103' title="bbox 403 5803 1984 5878; baseline 0.004 -21"><span class='ocrx_word' id='word_1_643' title='bbox 403 5811 460 5858; x_wconf 90' lang='lat' dir='ltr'><strong><em>tu</em></strong></span> <span class='ocrx_word' id='word_1_644' title='bbox 504 5803 790 5874; x_wconf 81' lang='lat' dir='ltr'><strong><em>impietatis</em></strong></span> <span class='ocrx_word' id='word_1_645' title='bbox 837 5804 1038 5861; x_wconf 87' lang='lat' dir='ltr'><strong><em>crimen</em></strong></span> <span class='ocrx_word' id='word_1_646' title='bbox 1085 5805 1302 5875; x_wconf 87' lang='lat' dir='ltr'><strong><em>ingeris,</em></strong></span> <span class='ocrx_word' id='word_1_647' title='bbox 1353 5816 1408 5860; x_wconf 88' lang='lat' dir='ltr'><strong><em>tu</em></strong></span> <span class='ocrx_word' id='word_1_648' title='bbox 1445 5808 1534 5878; x_wconf 91' lang='lat' dir='ltr'><strong><em>qui</em></strong></span> <span class='ocrx_word' id='word_1_649' title='bbox 1587 5808 1759 5863; x_wconf 75' lang='lat' dir='ltr'><strong><em>omnis</em></strong></span> <span class='ocrx_word' id='word_1_650' title='bbox 1807 5808 1984 5863; x_wconf 88' lang='lat' dir='ltr'><strong><em>irreli-</em></strong></span> 
     </span>
    </p>
   </div>
   <div class='ocr_carea' id='block_1_104' title="bbox 2067 4599 3650 4667">
    <p class='ocr_par' dir='ltr' id='par_1_104' title="bbox 2067 4599 3650 4667">
     <span class='ocr_line' id='line_1_104' title="bbox 2067 4599 3650 4667; baseline -0.004 -7"><span class='ocrx_word' id='word_1_651' title='bbox 2067 4608 2198 4660; x_wconf 86' lang='lat' dir='ltr'><strong><em>riter</em></strong></span> <span class='ocrx_word' id='word_1_652' title='bbox 2227 4620 2356 4657; x_wconf 82' lang='lat' dir='ltr'><strong><em>usus</em></strong></span> <span class='ocrx_word' id='word_1_653' title='bbox 2390 4619 2545 4667; x_wconf 87' lang='lat' dir='ltr'><strong><em>sum;</em></strong></span> <span class='ocrx_word' id='word_1_654' title='bbox 2579 4612 2626 4656; x_wconf 84' lang='lat' dir='ltr'><strong><em>et</em></strong></span> <span class='ocrx_word' id='word_1_655' title='bbox 2656 4603 2975 4655; x_wconf 81' lang='lat' dir='ltr'><strong><em>avunculum</em></strong></span> <span class='ocrx_word' id='word_1_656' title='bbox 3003 4599 3165 4654; x_wconf 90' lang='lat' dir='ltr'><strong><em>habui</em></strong></span> <span class='ocrx_word' id='word_1_657' title='bbox 3190 4602 3400 4654; x_wconf 89' lang='lat' dir='ltr'><strong><em>nomine</em></strong></span> <span class='ocrx_word' id='word_1_658' title='bbox 3425 4601 3650 4663; x_wconf 82' lang='lat' dir='ltr'><strong><em>Christi.</em></strong></span> 
     </span>
    </p>
   </div>
   <div class='ocr_carea' id='block_1_105' title="bbox 2071 4693 3653 4765">
    <p class='ocr_par' dir='ltr' id='par_1_105' title="bbox 2071 4693 3653 4765">
     <span class='ocr_line' id='line_1_105' title="bbox 2071 4693 3653 4765; baseline -0.002 -12"><span class='ocrx_word' id='word_1_659' title='bbox 2071 4709 2226 4753; x_wconf 77' lang='lat' dir='ltr'><strong><em>terra:</em></strong></span> <span class='ocrx_word' id='word_1_660' title='bbox 2262 4696 2503 4751; x_wconf 69' lang='lat' dir='ltr'><strong><em>Russica&#39;</em></strong></span> <span class='ocrx_word' id='word_1_661' title='bbox 2546 4696 2849 4765; x_wconf 64' lang='lat' dir='ltr'><strong><em>praesidem,</em></strong></span> <span class='ocrx_word' id='word_1_662' title='bbox 2887 4711 2918 4746; x_wconf 93' lang='lat' dir='ltr'><strong><em>a</em></strong></span> <span class='ocrx_word' id='word_1_663' title='bbox 2953 4693 3142 4761; x_wconf 88' lang='lat' dir='ltr'><strong><em>quibus</em></strong></span> <span class='ocrx_word' id='word_1_664' title='bbox 3179 4704 3361 4749; x_wconf 87' lang='lat' dir='ltr'><strong><em>sancte</em></strong></span> <span class='ocrx_word' id='word_1_665' title='bbox 3394 4695 3653 4750; x_wconf 86' lang='lat' dir='ltr'><strong><em>educatus</em></strong></span> 
     </span>
    </p>
   </div>
   <div class='ocr_carea' id='block_1_106' title="bbox 2070 4785 3655 4861">
    <p class='ocr_par' dir='ltr' id='par_1_106' title="bbox 2070 4785 3655 4861">
     <span class='ocr_line' id='line_1_106' title="bbox 2070 4785 3655 4861; baseline -0.003 -16"><span class='ocrx_word' id='word_1_666' title='bbox 2070 4791 2174 4861; x_wconf 76' lang='lat' dir='ltr'><strong><em>fui.</em></strong></span> <span class='ocrx_word' id='word_1_667' title='bbox 2236 4788 2457 4853; x_wconf 87' lang='lat' dir='ltr'><strong><em>Deinde,</em></strong></span> <span class='ocrx_word' id='word_1_668' title='bbox 2509 4787 2663 4841; x_wconf 88' lang='lat' dir='ltr'><strong><em>rebus</em></strong></span> <span class='ocrx_word' id='word_1_669' title='bbox 2723 4785 3067 4840; x_wconf 86' lang='lat' dir='ltr'><strong><em>terrestribus</em></strong></span> <span class='ocrx_word' id='word_1_670' title='bbox 3121 4789 3324 4842; x_wconf 86' lang='lat' dir='ltr'><strong><em>cunctis</em></strong></span> <span class='ocrx_word' id='word_1_671' title='bbox 3379 4787 3655 4856; x_wconf 84' lang='lat' dir='ltr'><strong><em>neglectis,</em></strong></span> 
     </span>
    </p>
   </div>
   <div class='ocr_carea' id='block_1_107' title="bbox 2071 4879 3658 4952">
    <p class='ocr_par' dir='ltr' id='par_1_107' title="bbox 2071 4879 3658 4952">
     <span class='ocr_line' id='line_1_107' title="bbox 2071 4879 3658 4952; baseline 0 -16"><span class='ocrx_word' id='word_1_672' title='bbox 2071 4883 2278 4938; x_wconf 84' lang='lat' dir='ltr'><strong><em>divinas</em></strong></span> <span class='ocrx_word' id='word_1_673' title='bbox 2322 4895 2651 4952; x_wconf 85' lang='lat' dir='ltr'><strong><em>nequaquam</em></strong></span> <span class='ocrx_word' id='word_1_674' title='bbox 2697 4880 2939 4950; x_wconf 73' lang='lat' dir='ltr'><strong><em>neglexi;</em></strong></span> <span class='ocrx_word' id='word_1_675' title='bbox 2983 4879 3073 4932; x_wconf 84' lang='lat' dir='ltr'><strong><em>sed</em></strong></span> <span class='ocrx_word' id='word_1_676' title='bbox 3124 4880 3180 4932; x_wconf 83' lang='lat' dir='ltr'><strong><em>in</em></strong></span> <span class='ocrx_word' id='word_1_677' title='bbox 3242 4882 3485 4936; x_wconf 78' lang='lat' dir='ltr'><strong><em>erunibus</em></strong></span> <span class='ocrx_word' id='word_1_678' title='bbox 3537 4899 3658 4952; x_wconf 81' lang='lat' dir='ltr'><strong><em>qua:</em></strong></span> 
     </span>
    </p>
   </div>
   <div class='ocr_carea' id='block_1_108' title="bbox 2072 4972 3659 5044">
    <p class='ocr_par' dir='ltr' id='par_1_108' title="bbox 2072 4972 3659 5044">
     <span class='ocr_line' id='line_1_108' title="bbox 2072 4972 3659 5044; baseline 0.001 -15"><span class='ocrx_word' id='word_1_679' title='bbox 2072 4977 2212 5029; x_wconf 82' lang='lat' dir='ltr'><strong><em>scitu</em></strong></span> <span class='ocrx_word' id='word_1_680' title='bbox 2243 4973 2402 5043; x_wconf 83' lang='lat' dir='ltr'><strong><em>digna</em></strong></span> <span class='ocrx_word' id='word_1_681' title='bbox 2423 4981 2567 5035; x_wconf 88' lang='lat' dir='ltr'><strong><em>sunt,</em></strong></span> <span class='ocrx_word' id='word_1_682' title='bbox 2592 4972 2913 5039; x_wconf 81' lang='lat' dir='ltr'><strong><em>instructus,</em></strong></span> <span class='ocrx_word' id='word_1_683' title='bbox 2941 4989 3002 5026; x_wconf 85' lang='lat' dir='ltr'><strong><em>ea</em></strong></span> <span class='ocrx_word' id='word_1_684' title='bbox 3020 4972 3354 5026; x_wconf 83' lang='lat' dir='ltr'><strong><em>solummodo</em></strong></span> <span class='ocrx_word' id='word_1_685' title='bbox 3383 4990 3500 5042; x_wconf 70' lang='lat' dir='ltr'><strong><em>qua:</em></strong></span> <span class='ocrx_word' id='word_1_686' title='bbox 3530 4977 3659 5044; x_wconf 73' lang='lat' dir='ltr'><strong><em>ﬁdei</em></strong></span> 
     </span>
    </p>
   </div>
   <div class='ocr_carea' id='block_1_109' title="bbox 2074 5067 3660 5141">
    <p class='ocr_par' dir='ltr' id='par_1_109' title="bbox 2074 5067 3660 5141">
     <span class='ocr_line' id='line_1_109' title="bbox 2074 5067 3660 5141; baseline 0.002 -19"><span class='ocrx_word' id='word_1_687' title='bbox 2074 5071 2316 5141; x_wconf 79' lang='lat' dir='ltr'><strong><em>proﬁcua</em></strong></span> <span class='ocrx_word' id='word_1_688' title='bbox 2345 5077 2489 5132; x_wconf 85' lang='lat' dir='ltr'><strong><em>sunt,</em></strong></span> <span class='ocrx_word' id='word_1_689' title='bbox 2526 5070 2850 5133; x_wconf 78' lang='lat' dir='ltr'><strong><em>conservavi,</em></strong></span> <span class='ocrx_word' id='word_1_690' title='bbox 2888 5068 3092 5122; x_wconf 72' lang='lat' dir='ltr'><strong><em>ueteris</em></strong></span> <span class='ocrx_word' id='word_1_691' title='bbox 3128 5067 3279 5139; x_wconf 87' lang='lat' dir='ltr'><strong><em>longe</em></strong></span> <span class='ocrx_word' id='word_1_692' title='bbox 3313 5069 3558 5137; x_wconf 87' lang='lat' dir='ltr'><strong><em>abjectis,</em></strong></span> <span class='ocrx_word' id='word_1_693' title='bbox 3597 5090 3660 5127; x_wconf 85' lang='lat' dir='ltr'><strong><em>ne</em></strong></span> 
     </span>
    </p>
   </div>
   <div class='ocr_carea' id='block_1_110' title="bbox 2075 5159 3663 5233">
    <p class='ocr_par' dir='ltr' id='par_1_110' title="bbox 2075 5159 3663 5233">
     <span class='ocr_line' id='line_1_110' title="bbox 2075 5159 3663 5233; baseline -0.001 -16"><span class='ocrx_word' id='word_1_694' title='bbox 2075 5160 2280 5233; x_wconf 84' lang='lat' dir='ltr'><strong><em>laqueis</em></strong></span> <span class='ocrx_word' id='word_1_695' title='bbox 2363 5159 2678 5230; x_wconf 78' lang='lat' dir='ltr'><strong><em>multifariis</em></strong></span> <span class='ocrx_word' id='word_1_696' title='bbox 2753 5175 2990 5228; x_wconf 85' lang='lat' dir='ltr'><strong><em>caperer,</em></strong></span> <span class='ocrx_word' id='word_1_697' title='bbox 3059 5170 3154 5214; x_wconf 90' lang='lat' dir='ltr'><strong><em>aut</em></strong></span> <span class='ocrx_word' id='word_1_698' title='bbox 3225 5162 3663 5232; x_wconf 72' lang='lat' dir='ltr'><strong><em>syllogismorum</em></strong></span> 
     </span>
    </p>
   </div>
   <div class='ocr_carea' id='block_1_111' title="bbox 2079 5252 3667 5325">
    <p class='ocr_par' dir='ltr' id='par_1_111' title="bbox 2079 5252 3667 5325">
     <span class='ocr_line' id='line_1_111' title="bbox 2079 5252 3667 5325; baseline 0.003 -19"><span class='ocrx_word' id='word_1_699' title='bbox 2079 5252 2381 5323; x_wconf 81' lang='lat' dir='ltr'><strong><em>labyrintho</em></strong></span> <span class='ocrx_word' id='word_1_700' title='bbox 2433 5254 2746 5318; x_wconf 87' lang='lat' dir='ltr'><strong><em>inerrarem,</em></strong></span> <span class='ocrx_word' id='word_1_701' title='bbox 2799 5262 2892 5306; x_wconf 89' lang='lat' dir='ltr'><strong><em>aut</em></strong></span> <span class='ocrx_word' id='word_1_702' title='bbox 2945 5252 3294 5308; x_wconf 86' lang='lat' dir='ltr'><strong><em>conturbarer</em></strong></span> <span class='ocrx_word' id='word_1_703' title='bbox 3339 5253 3406 5308; x_wconf 90' lang='lat' dir='ltr'><strong><em>ab</em></strong></span> <span class='ocrx_word' id='word_1_704' title='bbox 3455 5257 3524 5310; x_wconf 88' lang='lat' dir='ltr'><strong><em>iis</em></strong></span> <span class='ocrx_word' id='word_1_705' title='bbox 3572 5257 3667 5325; x_wconf 80' lang='lat' dir='ltr'><strong><em>qui</em></strong></span> 
     </span>
    </p>
   </div>
   <div class='ocr_carea' id='block_1_112' title="bbox 2091 5347 3590 5417">
    <p class='ocr_par' dir='ltr' id='par_1_112' title="bbox 2091 5347 3590 5417">
     <span class='ocr_line' id='line_1_112' title="bbox 2091 5347 3590 5417; baseline 0.003 -16"><span class='ocrx_word' id='word_1_706' title='bbox 2091 5347 2255 5404; x_wconf 77' lang='lat' dir='ltr'><strong><em>Verbo</em></strong></span> <span class='ocrx_word' id='word_1_707' title='bbox 2289 5349 2532 5416; x_wconf 71' lang='lat' dir='ltr'><strong><em>cruciﬁxi</em></strong></span> <span class='ocrx_word' id='word_1_708' title='bbox 2559 5357 2703 5412; x_wconf 87' lang='lat' dir='ltr'><strong><em>sunt,</em></strong></span> <span class='ocrx_word' id='word_1_709' title='bbox 2733 5358 2824 5402; x_wconf 87' lang='lat' dir='ltr'><strong><em>aut</em></strong></span> <span class='ocrx_word' id='word_1_710' title='bbox 2849 5364 2942 5417; x_wconf 88' lang='lat' dir='ltr'><strong><em>pro</em></strong></span> <span class='ocrx_word' id='word_1_711' title='bbox 2967 5349 3174 5403; x_wconf 84' lang='lat' dir='ltr'><strong><em>homine</em></strong></span> <span class='ocrx_word' id='word_1_712' title='bbox 3192 5349 3312 5404; x_wconf 86' lang='lat' dir='ltr'><strong><em>rudi</em></strong></span> <span class='ocrx_word' id='word_1_713' title='bbox 3346 5351 3590 5406; x_wconf 79' lang='lat' dir='ltr'><strong><em>haberer.</em></strong></span> 
     </span>
    </p>
   </div>
   <div class='ocr_carea' id='block_1_113' title="bbox 2153 5440 3668 5510">
    <p class='ocr_par' dir='ltr' id='par_1_113' title="bbox 2153 5440 3668 5510">
     <span class='ocr_line' id='line_1_113' title="bbox 2153 5440 3668 5510; baseline 0.002 -14"><span class='ocrx_word' id='word_1_714' title='bbox 2153 5440 2286 5496; x_wconf 83' lang='lat' dir='ltr'><strong><em>Inde</em></strong></span> <span class='ocrx_word' id='word_1_715' title='bbox 2323 5443 2472 5496; x_wconf 88' lang='lat' dir='ltr'><strong><em>nobis</em></strong></span> <span class='ocrx_word' id='word_1_716' title='bbox 2515 5456 2672 5510; x_wconf 88' lang='lat' dir='ltr'><strong><em>opera</em></strong></span> <span class='ocrx_word' id='word_1_717' title='bbox 2710 5441 3055 5506; x_wconf 80' lang='lat' dir='ltr'><strong><em>Aristotelis;</em></strong></span> <span class='ocrx_word' id='word_1_718' title='bbox 3088 5440 3211 5497; x_wconf 89' lang='lat' dir='ltr'><strong><em>inde</em></strong></span> <span class='ocrx_word' id='word_1_719' title='bbox 3249 5441 3500 5498; x_wconf 86' lang='lat' dir='ltr'><strong><em>Platonis</em></strong></span> <span class='ocrx_word' id='word_1_720' title='bbox 3538 5443 3668 5499; x_wconf 82' lang='lat' dir='ltr'><strong><em>libri</em></strong></span> 
     </span>
    </p>
   </div>
   <div class='ocr_carea' id='block_1_114' title="bbox 2081 5531 3668 5604">
    <p class='ocr_par' dir='ltr' id='par_1_114' title="bbox 2081 5531 3668 5604">
     <span class='ocr_line' id='line_1_114' title="bbox 2081 5531 3668 5604; baseline 0.002 -14"><span class='ocrx_word' id='word_1_721' title='bbox 2081 5533 2357 5598; x_wconf 87' lang='lat' dir='ltr'><strong><em>sublimes,</em></strong></span> <span class='ocrx_word' id='word_1_722' title='bbox 2389 5535 2479 5604; x_wconf 88' lang='lat' dir='ltr'><strong><em>qui</em></strong></span> <span class='ocrx_word' id='word_1_723' title='bbox 2510 5531 2575 5588; x_wconf 90' lang='lat' dir='ltr'><strong><em>de</em></strong></span> <span class='ocrx_word' id='word_1_724' title='bbox 2601 5533 2935 5604; x_wconf 85' lang='lat' dir='ltr'><strong><em>philosophia</em></strong></span> <span class='ocrx_word' id='word_1_725' title='bbox 2965 5544 3178 5589; x_wconf 71' lang='lat' dir='ltr'><strong><em>natura</em></strong></span> <span class='ocrx_word' id='word_1_726' title='bbox 3207 5545 3301 5589; x_wconf 89' lang='lat' dir='ltr'><strong><em>aut</em></strong></span> <span class='ocrx_word' id='word_1_727' title='bbox 3333 5535 3396 5588; x_wconf 83' lang='lat' dir='ltr'><strong><em>de</em></strong></span> <span class='ocrx_word' id='word_1_728' title='bbox 3426 5537 3668 5594; x_wconf 71' lang='lat' dir='ltr'><strong><em>moribus</em></strong></span> 
     </span>
    </p>
   </div>
   <div class='ocr_carea' id='block_1_115' title="bbox 2083 5625 3674 5702">
    <p class='ocr_par' dir='ltr' id='par_1_115' title="bbox 2083 5625 3674 5702">
     <span class='ocr_line' id='line_1_115' title="bbox 2083 5625 3674 5702; baseline 0.003 -20"><span class='ocrx_word' id='word_1_729' title='bbox 2083 5638 2129 5682; x_wconf 89' lang='lat' dir='ltr'><strong><em>et</em></strong></span> <span class='ocrx_word' id='word_1_730' title='bbox 2157 5628 2457 5682; x_wconf 85' lang='lat' dir='ltr'><strong><em>civitatibus</em></strong></span> <span class='ocrx_word' id='word_1_731' title='bbox 2485 5637 2741 5682; x_wconf 89' lang='lat' dir='ltr'><strong><em>tractant.</em></strong></span> <span class='ocrx_word' id='word_1_732' title='bbox 2775 5625 2820 5684; x_wconf 88' lang='grc' dir='ltr'><em>Ο</em></span> <span class='ocrx_word' id='word_1_733' title='bbox 2851 5643 3017 5682; x_wconf 84' lang='lat' dir='ltr'><strong><em>sermo</em></strong></span> <span class='ocrx_word' id='word_1_734' title='bbox 3041 5633 3187 5699; x_wconf 75' lang='lat' dir='ltr'><strong><em>latae</em></strong></span> <span class='ocrx_word' id='word_1_735' title='bbox 3215 5641 3263 5686; x_wconf 86' lang='lat' dir='ltr'><strong><em>et</em></strong></span> <span class='ocrx_word' id='word_1_736' title='bbox 3289 5631 3496 5700; x_wconf 69' lang='lat' dir='ltr'><strong><em>tatide,</em></strong></span> <span class='ocrx_word' id='word_1_737' title='bbox 3523 5635 3614 5702; x_wconf 84' lang='lat' dir='ltr'><strong><em>qui</em></strong></span> <span class='ocrx_word' id='word_1_738' title='bbox 3643 5648 3674 5687; x_wconf 90' lang='lat' dir='ltr'><strong><em>e</em></strong></span> 
     </span>
    </p>
   </div>
   <div class='ocr_carea' id='block_1_116' title="bbox 2084 5718 3670 5791">
    <p class='ocr_par' dir='ltr' id='par_1_116' title="bbox 2084 5718 3670 5791">
     <span class='ocr_line' id='line_1_116' title="bbox 2084 5718 3670 5791; baseline 0.003 -19"><span class='ocrx_word' id='word_1_739' title='bbox 2084 5719 2243 5773; x_wconf 85' lang='lat' dir='ltr'><strong><em>labiis</em></strong></span> <span class='ocrx_word' id='word_1_740' title='bbox 2268 5721 2371 5773; x_wconf 88' lang='lat' dir='ltr'><strong><em>tuis</em></strong></span> <span class='ocrx_word' id='word_1_741' title='bbox 2405 5721 2571 5775; x_wconf 74' lang='lat' dir='ltr'><strong><em>exiit!</em></strong></span> <span class='ocrx_word' id='word_1_742' title='bbox 2606 5718 2650 5775; x_wconf 92' lang='lat' dir='ltr'><strong>O</strong></span> <span class='ocrx_word' id='word_1_743' title='bbox 2686 5729 2910 5787; x_wconf 87' lang='lat' dir='ltr'><strong><em>stercus,</em></strong></span> <span class='ocrx_word' id='word_1_744' title='bbox 2939 5721 3032 5791; x_wconf 90' lang='lat' dir='ltr'><strong><em>qui</em></strong></span> <span class='ocrx_word' id='word_1_745' title='bbox 3052 5737 3080 5775; x_wconf 98' lang='lat' dir='ltr'><strong><em>e</em></strong></span> <span class='ocrx_word' id='word_1_746' title='bbox 3117 5720 3362 5776; x_wconf 86' lang='lat' dir='ltr'><strong><em>dentibus</em></strong></span> <span class='ocrx_word' id='word_1_747' title='bbox 3401 5722 3508 5776; x_wconf 85' lang='lat' dir='ltr'><strong><em>tuis</em></strong></span> <span class='ocrx_word' id='word_1_748' title='bbox 3538 5738 3670 5791; x_wconf 82' lang='lat' dir='ltr'><strong><em>pra-</em></strong></span> 
     </span>
    </p>
   </div>
   <div class='ocr_carea' id='block_1_117' title="bbox 2087 5812 3668 5888">
    <p class='ocr_par' dir='ltr' id='par_1_117' title="bbox 2087 5812 3668 5888">
     <span class='ocr_line' id='line_1_117' title="bbox 2087 5812 3668 5888; baseline 0.002 -20"><span class='ocrx_word' id='word_1_749' title='bbox 2087 5813 2258 5868; x_wconf 73' lang='lat' dir='ltr'><strong><em>venit.’</em></strong></span> <span class='ocrx_word' id='word_1_750' title='bbox 2305 5812 2348 5868; x_wconf 92' lang='grc' dir='ltr'><em>Ο</em></span> <span class='ocrx_word' id='word_1_751' title='bbox 2396 5813 2559 5884; x_wconf 76' lang='lat' dir='ltr'><strong><em>fume,</em></strong></span> <span class='ocrx_word' id='word_1_752' title='bbox 2609 5817 2700 5885; x_wconf 90' lang='lat' dir='ltr'><strong><em>qui</em></strong></span> <span class='ocrx_word' id='word_1_753' title='bbox 2752 5833 2780 5872; x_wconf 91' lang='lat' dir='ltr'><strong><em>e</em></strong></span> <span class='ocrx_word' id='word_1_754' title='bbox 2826 5815 3061 5872; x_wconf 75' lang='lat' dir='ltr'><strong><em>maxillis</em></strong></span> <span class='ocrx_word' id='word_1_755' title='bbox 3112 5817 3217 5873; x_wconf 86' lang='lat' dir='ltr'><strong><em>tuis</em></strong></span> <span class='ocrx_word' id='word_1_756' title='bbox 3269 5817 3504 5888; x_wconf 72' lang='lat' dir='ltr'><strong><em>eﬁluxit!</em></strong></span> <span class='ocrx_word' id='word_1_757' title='bbox 3549 5815 3668 5871; x_wconf 77' lang='lat' dir='ltr'><strong><em>Tibi</em></strong></span> 
     </span>
    </p>
   </div>
  </div>
