4054 6210
349 493 466 548 ουκ
495 493 556 546 ἐκ
585 493 752 566 μόνης
779 494 1033 568 γλώσσης
1055 495 1164 568 γὰρ
1196 495 1229 567 ἠ
1264 495 1613 566 βλασφημία,

361 590 457 643 Ἐκ
482 593 578 660 τῆς
617 594 938 662 περισσείας
974 594 1030 648 δὲ
1057 594 1156 664 τῆς
1185 593 1286 662 σῆς
1312 594 1568 665 καρδίας.

349 685 424 739 Σὺ
462 685 708 754 κλήσεως
735 686 908 753 ἄξιος,
942 681 1009 758 ἧς
1056 687 1155 757 ἐμὲ
1185 685 1416 756 κρίνεις.

353 778 771 850 Είδωλολατρῶν
808 781 876 832 ὲκ
910 780 1254 851 φιλαργύρου
1289 780 1515 850 τρόπου.

356 873 514 924 Ποῖον
548 873 720 938 ξένον,
757 875 979 941 μάταιε,
1016 872 1256 938 πίστεως
1287 876 1538 944 κρίνεις;

354 966 457 1017 Τὸν
479 966 569 1019 τὸν
592 966 722 1018 Θεὸν
745 969 978 1020 πνέοντα
1015 968 1112 1020 καὶ
1156 958 1225 1020 τὰ
1253 967 1470 1038 βιὸλίας

356 1061 466 1112 Καὶ
498 1063 564 1130 τῇ
601 1059 798 1130 θελητῇ
830 1058 1132 1133 σύντροφον
1165 1061 1474 1132 κακουχίας

355 1153 424 1204 ’Ἡ
462 1153 551 1204 τὸν
583 1151 805 1220 βιοῦντα
837 1153 1130 1223 πτωχικῶν
1169 1153 1230 1217 ἐξ
1260 1153 1546 1222 αἱμάτωνς

355 1247 464 1300 Καὶ
487 1245 1000 1315 παρακερδαίνοντα
1025 1245 1132 1298 τῶν
1168 1245 1540 1314 ἡλκωμένωνς

427 1339 664 1392 Ἔπειτα
700 1337 792 1391 καὶ
822 1337 936 1402 πῶς
963 1336 1056 1391 καὶ
1081 1337 1228 1400 τίνος
1259 1337 1454 1408 τέχνης
1475 1337 1654 1407 λόγοις

357 1428 459 1480 τὸν
489 1429 688 1499 εὐσεϐῆ
718 1431 782 1482 σὺ
816 1431 908 1483 καὶ
943 1431 1034 1484 τὸν
1062 1431 1122 1482 οὐ
1156 1429 1316 1483 τοῦτο
1355 1429 1592 1502 κρίνεις,

359 1520 568 1593 Ἀῐδρις
591 1520 666 1574 ὢν
700 1522 940 1588 ἅπαντος
967 1524 1158 1588 ἁπλῶς
1186 1522 1394 1593 βιϐλίου
1432 1541 1447 1591 ;

355 1615 510 1679 Ποῖος
531 1617 696 1685 σοφὸς
713 1617 968 1688 Μάξιμος
1000 1617 1286 1688 ἐστόμωσὲ
1334 1634 1392 1670 σε
1416 1635 1431 1686 ;

355 1709 512 1772 Ποῖος
545 1709 720 1780 μέγας
762 1709 1032 1782 Κύριλλος
1057 1713 1293 1783 ὴκόνησέ
1325 1729 1382 1766 σε
1409 1728 1426 1779 ;

357 1801 451 1864 ⁸ος
476 1805 540 1855 τὸ
576 1803 736 1858 πλέον
767 1805 866 1875 μὲν
892 1805 986 1859 τοῦ
1028 1805 1146 1873 βίου
1182 1805 1352 1874 σιγῶν
1395 1805 1606 1874 “nam

351 1896 420 1951 Ei
450 1916 552 1951 που
581 1899 638 1951 δὲ
663 1903 825 1971 τυχὸν
853 1902 950 1955 καὶ
981 1901 1202 1967 διοίξεις
1235 1903 1296 1956 τὸ
1334 1903 1534 1974 στόμα,

351 1993 531 2056 Εὐθὺς
554 1993 622 2048 τὰ
648 1994 925 2065 πανάρεια
958 1995 1244 2050 συλλαϐὼν
1287 1995 1493 2066 λέγεις.

353 2087 555 2152 Καθὼς
585 2091 956 2161 παριστόρητο
981 2091 1058 2161 τῷ
1091 2091 1398 2162 Λουκιλλίῳ

360 2180 424 2234 Ὅ
455 2183 849 2254 γραμματικὸς
883 2183 1152 2250 Φλάκκος,
1179 2184 1237 2248 ὃς
1265 2186 1478 2255 μέλλων
1513 2182 1715 2254 λέγειν,

368 2275 772 2347 Ἔδαρὸἀρισεν
799 2277 966 2341 εὐθὺς
998 2277 1072 2342 ὡς
1103 2279 1168 2332 ἐκ
1193 2279 1472 2350 βαλϐίδος.

357 2369 569 2435 Ὄντως
605 2371 776 2442 βαρὺς
811 2371 896 2437 σὺ,
928 2373 1023 2426 καὶ
1053 2372 1232 2445 γεηρὰ
1257 2371 1478 2444 καρδία,

358 2466 457 2528 ’ος
489 2466 582 2518 καὶ
615 2468 842 2520 σεαυτὸν
884 2467 1098 2535 ἀγνοεῖς
1131 2469 1223 2520 καὶ
1259 2468 1350 2518 τὸν
1384 2467 1555 2526 πέλας

369 2561 455 2616 Ἐν
479 2562 732 2615 ἐκστάσει
755 2562 814 2616 δὲ
849 2563 955 2616 τῶν
985 2561 1223 2634 φρενῶν,
1261 2564 1362 2617 οὐκ
1385 2565 1648 2617 ἐκστάσει

357 2655 490 2709 Οίαν
511 2655 671 2709 sane
695 2655 952 2712 ἔκστασιν
974 2657 1165 2726 ἐξέστη
1185 2658 1373 2720 πάλαι,

357 2751 472 2814 Πᾶς
499 2749 766 2821 δυσσεῧὴς
787 2751 1104 2822 ἄνθρωπος,
1133 2752 1381 2822 ἀφρόνως
1409 2750 1614 2817 λέγεις.

356 2842 508 2913 Πλὴν
539 2842 638 2896 κᾶν
670 2843 735 2898 σὺ
766 2844 962 2897 σαυτὸν
991 2847 1214 2917 ἀγνοῇς,
1239 2844 1354 2899 ἀλλ’
1376 2845 1605 2898 αὐτόθεν

367 2937 431 2991 Ἡ
461 2935 654 3006 κλῆσις
677 2937 818 3002 αὑτὴ
853 2942 1124 3009 μαρτυρεῖ
1149 2956 1244 2991 σου
1271 2940 1374 3008 τὴν
1402 2939 1584 3007 φύσιν.

357 3029 430 3083 Τὸ
463 3032 577 3102 Βαρ
601 3033 711 3104 γὰρ
742 3032 856 3096 υίός
891 3034 1038 3088 ἐστιν
1087 3033 1295 3087 Ἐλλάδι
1325 3035 1547 3104 φράσει,

358 3123 430 3175 Τὸ
454 3123 567 3194 Bap
610 3125 788 3190 Ἰωνὰ,
821 3111 1112 3196 μάρτυςέῖ
1146 3143 1248 3196 μου
1281 3125 1357 3197 τῷ
1384 3128 1551 3197 λόγῳ.

358 3214 465 3270 Τοῦ
492 3215 536 3267 δ’
566 3209 628 3279 ὗς
658 3217 928 3287 πρόδηλός
967 3219 1174 3289 ἐστινὴ
1211 3219 1462 3289 σημασία
1490 3237 1504 3251 ο

357 3309 554 3378 Χοῖρον
579 3307 686 3379 γὰρ
712 3308 934 3379 ᾐνίξατο
961 3311 1077 3368 τοῖς
1111 3309 1487 3381 παλαιτέροις.

357 3402 432 3455 Τὸ
467 3401 649 3472 μίγμα
677 3401 722 3454 δ’
748 3403 956 3472 ἀμφοῖν
979 3403 1099 3456 ταῖν
1116 3402 1262 3456 δυεῖν
1288 3405 1618 3475 σημασίαιν.

359 3493 553 3556 Ὅστις
587 3493 708 3563 ποτ’
738 3487 831 3547 οὖν
862 3493 1125 3563 βούλοιτο,
1158 3497 1606 3567 συμπεραινέτω.

355 3587 612 3654 Τοιοῦτος
639 3585 716 3642 ὢν
742 3587 945 3658 γράφει
975 3605 1044 3660 με
1068 3591 1455 3656 κακοπιστίας,

1535 380 1860 442 SCRIPTA
1918 381 2474 445 MISCELLANEA.

3481 373 3618 446 1414

1958 504 2004 560 Α
2034 496 2103 550 Ὢ
2131 497 2256 559 νοῦς
2288 497 2548 568 ἐλαφρὸς,
2586 496 2689 551 κᾶν
2710 497 2879 570 βιρδς
2913 497 3090 569 μάτην
3114 497 3271 571 λέγει,

2034 591 2144 643 Καὶ
2177 593 2381 656 παντὸς
2413 591 2736 661 εὑρίπιστος
2765 594 2972 662 ἀνέμου
3009 592 3132 663 βίαί

2032 685 2097 738 Τί
2126 686 2170 738 δ’
2201 685 2266 740 ἄν
2292 704 2425 738 ποτε
2461 686 2573 757 γνῷ
2605 687 2966 756 δογματίζειν
2994 690 3087 740 καὶ
3122 686 3268 755 μέγα

2033 782 2256 834 Τοιοῐτο
2279 785 2486 851 γυμνὴν
2519 783 2612 835 καὶ
2643 781 3022 835 κακόπλαστον
3048 779 3189 850 κάρα
3213 795 3230 845 ;

2045 874 2135 939 Ἐξ
2155 869 2214 928 οὗ
2253 875 2496 942 πέφευγε
2523 875 2615 926 καὶ
2648 877 2707 926 τὸ
2737 875 2844 926 τῶν
2879 873 3081 943 τριχῶν
3110 871 3266 939 γένος

2033 971 2211 1040 Μωρᾷ
2236 969 2443 1037 κεφαλῇ
2485 968 2558 1038 μὴ
2590 969 2832 1036 θελῆσαν
2863 969 3148 1037 ἐμμένειν.

2034 1067 2163 1128 Ναὶ,
2195 1068 2379 1136 φησιν,
2408 1065 2524 1118 ἀλλ’
2565 1063 2820 1130 ἔπαιζον,
2863 1065 2963 1116 οὐκ
3007 1061 3336 1130 ἐλοιδόρουν,

2036 1161 2224 1226 Παίζει
2252 1161 2306 1213 δὲ
2337 1160 2426 1212 καὶ
2458 1159 2638 1228 γέρων
2659 1173 2779 1219 τις·
2809 1155 2986 1217 οὐδείς
3022 1173 3105 1217 τις
3141 1154 3363 1222 φθόνος.

2031 1255 2212 1322 Μόγις
2242 1253 2364 1324 μὲν,
2388 1247 2432 1306 ὦ
2459 1251 2728 1322 βέλτιστε,
2763 1251 2856 1302 καὶ
2886 1247 3082 1319 μακρῷ
3115 1246 3315 1316 χρόνῳ.

2034 1349 2181 1418 Πλὴν
2203 1348 2316 1402 ἀλλ’
2347 1349 2586 1418 ἀρίστως
2618 1346 2712 1397 καὶ
2743 1343 2925 1406 καλῶς
2954 1341 3261 1412 ἀπεκρίνω,

2033 1445 2145 1498 Καὶ
2177 1445 2259 1507 τίς
2292 1443 2553 1512 σοφιστὴς
2589 1438 3058 1510 ἀνταποκρίναιτό
3090 1455 3170 1488 σοι
3198 1456 3209 1503 ;

2034 1538 2144 1590 Καὶ
2177 1537 2433 1604 παττάλῳ
2465 1533 2743 1588 πᾶτταλον
2772 1530 3063 1602 ἐκκροὺσοι
3091 1531 3252 1598 λόγου
3278 1545 3296 1594 ς

2034 1631 2183 1701 Πλὴν
2209 1630 2324 1682 ἀλλ’
2353 1629 2458 1683 ἔδει
2487 1629 2547 1682 σὲ
2578 1627 2674 1697 τὴν
2703 1629 2834 1695 ὃλην
2865 1624 3176 1694 παροιμίαν

2046 1724 2133 1776 Ἐν
2170 1723 2247 1794 νῷ
2280 1721 2565 1793 βαλέσθαι,
2601 1720 2735 1790 μηδὲ
2767 1719 2994 1787 Θὰτερον
3038 1716 3224 1788 μέρος.

2107 1817 2370 1878 Παίζουσι
2404 1815 2504 1887 γὰρ
2530 1815 2809 1884 γέροντες,
2842 1811 2978 1864 ἀλλὰ
3011 1809 3306 1878 σωφρόνως
3331 1823 3348 1841 ⁶

2040 1911 2111 1963 Σὺ
2138 1909 2184 1964 δ’
2211 1911 2266 1962 ὲν
2295 1908 2436 1978 Θεῷ,
2465 1906 2691 1969 δείλαιε,
2721 1905 2932 1968 παίζων
2966 1903 3026 1956 οὺ
3051 1903 3299 1973 τρέμεις.

2039 2004 2276 2057 Παικτδν
2305 2001 2364 2055 τὸ
2401 2001 2568 2066 ῦεῖον,
2599 1997 2694 2052 καὶ
2725 1997 2808 2060 τίς
2839 1995 2898 2050 οὗ
2931 1995 3152 2066 φρίσσει
3183 1994 3404 2060 κλὺωνς

2041 2097 2284 2160 Παίζεις,
2316 2092 2526 2164 στερῶν
2557 2109 2622 2163 με
2651 2091 2762 2144 τῶν
2786 2089 3002 2144 ἐκεῖθεν
3038 2089 3297 2152 ἐλπίδων,

2038 2191 2286 2255 Παίζεις,
2316 2187 2484 2253 ξενῶν
2517 2204 2586 2256 με
2618 2185 2720 2258 τῆς
2749 2186 2990 2256 ἀνάρχου
3019 2182 3250 2254 Τριάδος
3269 2197 3286 2214 ο

2041 2284 2286 2348 Παίζεις,
2323 2281 2633 2337 ἀποκλείων
2659 2297 2726 2349 με
2762 2280 2860 2349 τῆς
2896 2278 3192 2349 σωτηρίας.

2041 2382 2113 2434 Σὺ
2143 2383 2236 2433 καὶ
2259 2361 2680 2447 κατάγχωνζκαὶ
2704 2375 2946 2446 μαχαίρᾳ
2970 2372 3236 2424 κτιννύων

2040 2476 2288 2539 Παίζεις,
2329 2474 2516 2542 λέγοις
2548 2471 2636 2526 ἄν,
2667 2467 2732 2522 Εἰ
2760 2469 2818 2522 δὲ
2851 2466 3025 2521 ταῦτα
3058 2465 3318 2529 παικτέα,

2050 2569 2141 2622 Ἐν
2170 2569 2254 2621 σοί
2282 2585 2345 2638 γε
2372 2569 2758 2642 παιχθείησαν,
2801 2570 2875 2633 ὡς
2903 2568 3087 2640 ἔργοις
3119 2568 3320 2641 μάθῃς.

2039 2657 2166 2716 Οίον
2200 2660 2260 2715 τὸ
2291 2663 2512 2728 παίζειν
2545 2665 2638 2717 καὶ
2673 2664 2732 2716 τὸ
2766 2661 3111 2734 βλασφήμως
3137 2660 3346 2730 λέγειν.

2039 2756 2169 2822 Ναὶ,
2203 2759 2399 2827 φησὶν,
2434 2756 2553 2811 ἀλλ’
2583 2760 2610 2811 ό
2638 2758 2769 2820 Χῖος
2794 2755 3054 2827 ἐξύϐρικέ
3091 2772 3173 2820 σε,

2047 2852 2142 2915 Ὃς
2167 2851 2229 2903 οὐ
2263 2849 2443 2914 τεθείς
2474 2867 2564 2922 μοι
2589 2851 2688 2921 τῆς
2715 2851 3010 2924 συνηθείας
3034 2848 3218 2915 πλέον,

2039 2944 2390 3015 Κατηγορεῖν
2412 2959 2505 2996 σου
2535 2942 2834 3014 φληνάφως
2861 2942 3094 2998 πέπεικέ
3121 2959 3214 3012 με.

2040 3038 2226 3107 Νόμον
2256 3037 2311 3090 δὲ
2337 3035 2528 3090 τοῦτον
2559 3031 2720 3091 οἶσθα
2752 3039 3097 3109 φιλοτησίας,

2042 3132 2283 3197 Μείζους
2315 3129 2513 3200 φιάλας
2546 3130 2884 3202 ἐγχωρεύειν
2913 3133 3027 3195 τοῖς
3065 3131 3267 3200 φίλοις.

1965 3210 2014 3276 C
2044 3225 2150 3278 Ναὶ
2181 3225 2372 3278 τοῦτον
2398 3220 2517 3277 οἶδα
2546 3224 2867 3295 φιλοτησίας
2893 3225 3082 3294 νόμον,

2049 3317 2192 3375 Ἀλλ’
2217 3318 2324 3371 ἔνθ’
2366 3319 2431 3372 ἂν
2461 3317 2624 3381 αὐτὸς
2654 3319 2736 3382 είς
2764 3318 2824 3372 τὸ
2847 3318 3063 3372 δεῖπνον
3089 3319 3300 3392 ίζάνῃς⁶

2051 3415 2142 3468 Ἐν
2172 3415 2282 3484 γὰρ
2303 3411 2542 3482 λογικῶν
2569 3412 2866 3482 συμποτῶν
2900 3413 3165 3484 συνεδρίῳ

2039 3506 2190 3578 Νικᾷ
2219 3506 2381 3574 λόγου
2423 3505 2682 3574 κέρασμα
2716 3505 2816 3576 τὴν
2851 3505 2997 3558 οἴνου
3038 3507 3223 3560 πόσιν.

2043 3598 2165 3653 Κᾶν
2204 3599 2367 3652 τοῦτο
2395 3598 2440 3652 δ’
2471 3599 2535 3652 ἂν
2561 3597 2810 3670 δοίημεν,
2851 3599 2964 3652 οὐδ’
3001 3600 3146 3653 οὕτω
3174 3601 3342 3654 πόλιν

354 3751 543 3807 merito
580 3752 635 3808 id
669 3751 883 3807 crimini
924 3753 1108 3810 datur.
1164 3751 1290 3808 Non
1343 3753 1484 3809 enim
1528 3771 1555 3809 e
1599 3754 1779 3825 lingua
1823 3756 1942 3812 sola
2048 3761 2209 3824 volet.
2247 3759 2322 3813 Tu
2351 3761 2536 3832 igitur,
2567 3761 2658 3831 qui
2691 3759 2816 3814 talis
2840 3776 2916 3825 es,
2949 3759 3108 3829 ﬁdem
3139 3779 3309 3816 meam
3333 3775 3630 3832 suspectam

353 3845 649 3913 calumnia,
693 3843 784 3899 sed
839 3859 868 3899 e
920 3846 1076 3898 corde
1125 3846 1585 3916 superabundanti
1613 3848 1816 3914 prodit.
1859 3849 1939 3904 Tu
2049 3853 2249 3908 reddis.
2280 3851 2324 3908 0
2349 3870 2489 3908 mens
2521 3853 2722 3925 futilis,
2753 3853 2869 3906 licet
2901 3870 2996 3923 pro
3027 3855 3236 3909 homine
3259 3859 3408 3925 gravi
3437 3857 3634 3910 habea-

353 3953 484 3992 sane
509 3936 702 4008 dignus
735 3953 790 3991 es
825 3939 1036 3992 nomine
1086 3939 1226 4008 quod
1257 3940 1387 3993 mihi
1425 3940 1536 4010 ipse
1566 3940 1732 4004 indis,
1768 3950 1821 3994 tu
1849 3943 1938 4012 qui
2045 3947 2121 3999 ris
2149 3988 2162 4010 ,
2222 3962 2251 3999 o
2297 3943 2458 4014 ﬁdem
2505 3954 2654 3998 tuam
2700 3945 3013 4000 ventosum!
3061 3945 3202 4012 Quid
3241 3947 3404 4017 igitur
3452 3951 3634 4019 magni

355 4031 524 4096 turpis
550 4029 688 4084 lucri
711 4047 874 4086 causa
903 4031 1070 4086 Deum
1099 4031 1317 4086 adoras.
1345 4031 1509 4098 Quem
1540 4032 1644 4101 [ide
1675 4036 1941 4103 privatum
2044 4035 2311 4105 ingeniun:
2352 4033 2482 4087 adeo
2525 4049 2742 4102 pravum
2785 4043 2835 4087 et
2885 4034 3025 4088 male
3063 4036 3353 4107 formatum
3398 4053 3631 4108 unquam

355 4120 743 4179 dicislNonne
767 4140 884 4179 eum
906 4125 996 4196 qui
1015 4125 1180 4179 Deum
1207 4133 1256 4178 et
1283 4123 1590 4196 Scripturas
1631 4127 1817 4194 spirat,
1851 4133 1945 4180 aut
2047 4126 2232 4180 docere
2286 4125 2500 4194 poterit,
2551 4126 2634 4177 cui
2681 4126 2852 4180 crines
2903 4127 3006 4196 ipsi
3052 4126 3437 4190 valedixerunt,
3466 4133 3632 4183 stulto

357 4217 446 4286 qui
487 4228 665 4284 sponte
703 4217 911 4287 peccati
944 4232 1065 4271 reus
1111 4216 1360 4280 exsistit.
1413 4227 1508 4271 aut
1543 4235 1660 4272 eum
1699 4219 1788 4290 qui
1821 4234 1948 4271 san-
2049 4220 2215 4289 capiti
2257 4219 2438 4273 nolens
2487 4219 2713 4290 amplius
2772 4219 2961 4275 inesse.
3011 4219 3099 4274 Ita
3146 4230 3244 4288 est,
3294 4221 3504 4291 inquit;
3537 4224 3630 4276 sed

359 4309 567 4380 guinem
598 4327 886 4381 pauperum
921 4311 1072 4381 bibit,
1111 4319 1162 4368 et
1207 4329 1268 4367 ex
1301 4312 1525 4383 leprosis
1566 4316 1694 4384 ipsis
1731 4315 1939 4368 lucrum
2045 4315 2312 4377 ludebant,
2351 4331 2456 4367 non
2487 4313 2882 4368 culumniubar.
2918 4313 3081 4368 Ludit
3117 4331 3234 4369 vero
3271 4317 3437 4370 etiam
3469 4335 3632 4373 senes

360 4405 550 4476 qua’rit
571 4402 598 4457 ῖ

434 4497 552 4563 Quo
597 4497 717 4551 dein
756 4499 1011 4554 sermonis
1044 4500 1278 4568 artiﬁcio
1319 4499 1466 4570 pium
1504 4517 1566 4554 ac
1601 4501 1817 4569 impium
1844 4500 1942 4568 ju-

2041 4407 2284 4477 qnidant,
2327 4408 2440 4460 sine
2480 4406 2699 4471 invidia,
2748 4422 2778 4460 ο
2805 4406 2957 4470 bone,
2990 4415 3040 4462 et
3083 4408 3292 4474 paucis.
3343 4405 3418 4460 Tu
3449 4419 3629 4464 autem

2044 4505 2174 4556 scite
2222 4513 2270 4554 et
2312 4500 2602 4570 prudenter
2653 4500 2999 4568 respondisti.
3059 4497 3196 4565 Quis
3243 4509 3417 4553 autem
3447 4503 3627 4568 philo-

357 4591 531 4657 dicas,
582 4599 636 4642 ιιι
674 4591 763 4660 qui
806 4591 936 4642 nihil
966 4607 1181 4658 prorsus
1224 4594 1507 4647 didicisti?
1539 4593 1639 4648 Ubi
1675 4594 1942 4650 Maximus
1976 4607 2018 4662 ο
2048 4593 2244 4664 sophus
2290 4593 2381 4647 tibi
2422 4601 2630 4660 reponet
2655 4591 2704 4660 γε
2728 4599 2821 4643 aut
2885 4592 3002 4660 quis
3059 4591 3363 4645 disserendo
3419 4593 3630 4648 clavum

358 4685 695 4739 doctissimus
719 4691 766 4736 te
785 4683 1051 4740 erudivit?
1074 4685 1166 4739 ubi
1191 4703 1413 4757 magnus
1433 4686 1666 4758 Cyrillus
1693 4689 1940 4742 doctrina

361 4787 410 4832 te
435 4775 664 4831 imbuit?
701 4777 773 4828 Tu
805 4775 946 4829 enim
979 4780 1267 4832 maximam
1320 4782 1442 4834 vita
1473 4793 1680 4850 partem
1727 4783 1940 4838 silentio

362 4871 636 4941 transigis,
671 4882 717 4924 et
744 4870 791 4925 si
825 4868 1038 4941 quando
1068 4888 1124 4924 os
1150 4873 1348 4940 aperis,
1371 4874 1736 4942 jactabundus
1764 4875 1940 4947 loque-

360 4967 457 5031 ris,
500 4973 556 5016 ut
610 4959 845 5016 Lucilius
889 4962 1051 5031 fecit;
1093 4978 1150 5015 ut
1191 4963 1419 5019 Flaccus
1467 4969 1845 5036 grammaticus
1887 4970 1942 5023 in

363 5058 618 5128 loquendo
658 5073 822 5111 rauco
852 5067 1061 5128 gutture
1088 5059 1241 5110 verba
1273 5058 1594 5127 proferebat.
1642 5059 1717 5115 Tu
1763 5073 1940 5116 autem

365 5169 542 5207 revera
614 5151 773 5206 labiis
831 5160 1014 5220 captus
1071 5157 1228 5206 corde
1296 5169 1349 5206 es
1398 5156 1649 5223 pinguis;
1698 5167 1748 5209 te
1801 5159 1941 5209 enim

359 5250 530 5316 ipsum
571 5258 677 5300 non
720 5245 882 5312 nosti,
921 5254 972 5300 et
999 5246 1302 5314 proximum
1334 5246 1572 5314 ignoras.
1632 5247 1700 5304 In
1739 5249 1940 5304 exstasi

362 5345 571 5414 quidem
601 5358 658 5399 es
715 5351 792 5405 tu,
832 5357 936 5395 non
975 5357 1095 5396 vero
1128 5355 1192 5396 ea
1229 5357 1386 5412 quam
1429 5341 1654 5397 Davides
1687 5346 1813 5399 olim
1846 5359 1941 5398 ex.

361 5446 538 5506 pertus
565 5444 664 5490 est.
695 5433 881 5492 Omnis
910 5435 1067 5489 homo
1096 5433 1308 5503 impius,
1358 5443 1416 5489 tu
1447 5435 1602 5499 dicis,
1638 5447 1683 5490 et
1716 5439 1940 5507 teipsum

363 5530 506 5585 haud
533 5531 801 5600 cognitum
829 5531 1012 5586 habes.
1041 5529 1148 5586 Sed
1181 5529 1546 5582 denominatio
1567 5529 1680 5595 ipsa
1709 5529 1941 5584 indolem

364 5637 512 5680 tuam
554 5633 799 5680 testatur.
843 5621 953 5678 Bar
985 5624 1125 5679 enim
1159 5639 1331 5693 grteco
1367 5638 1609 5677 sermone
1655 5621 1802 5693 ﬁlius
1838 5635 1937 5691 est,

361 5729 418 5774 ut
461 5716 571 5772 Bar
605 5714 766 5772 Jona.
806 5715 873 5770 Εἰ
903 5717 1014 5770 suis
1048 5714 1258 5785 quidem
1290 5715 1615 5785 signiﬁcatio
1657 5715 1940 5784 manifesta

361 5822 470 5877 est;
495 5827 682 5882 porcus
717 5810 853 5864 enim
881 5810 1020 5877 apud
1045 5810 1292 5878 antiquos
1322 5809 1426 5862 isto
1453 5807 1704 5863 vocabulo
1735 5810 1941 5865 indica-

365 5907 537 5960 batur.
578 5901 786 5958 Harum
841 5900 1066 5956 duarum
1099 5917 1281 5956 vocum
1321 5903 1609 5958 mixturam
1652 5903 1817 5972 [aciat
1851 5907 1940 5967 qui

2044 4687 2192 4741 clavo
2225 4685 2526 4755 pepulerit.’
2562 4683 2665 4738 Sed
2703 4694 2750 4738 te
2792 4694 2957 4740 totam
2993 4684 3329 4752 paraemiam,
3367 4702 3469 4740 non
3502 4702 3628 4752 par-

2044 4791 2164 4846 tem,
2195 4781 2247 4834 in
2277 4789 2446 4834 mente
2479 4794 2670 4848 ponere
2706 4779 2944 4833 decebat.

2117 4872 2278 4927 Senes
2317 4870 2526 4942 quidem
2562 4870 2776 4933 ludunt,
2813 4873 2904 4925 sed
2948 4886 3066 4922 cum
3111 4871 3418 4939 prudentia.
3451 4873 3553 4939 Tu,
3599 4892 3630 4929 ε

2045 4978 2252 5030 eontra,
2295 4981 2374 5018 res
2411 4967 2618 5018 divinas
2655 4978 2752 5031 pro
2794 4961 3028 5015 ludibrio
3064 4963 3256 5016 habere
3304 4980 3406 5016 non
3445 4964 3628 5018 horre-

2043 5063 2170 5121 scis.
2193 5059 2331 5129 quod
2359 5060 2434 5113 rel
2464 5059 2690 5128 referens
2713 5075 2806 5129 ego
2831 5058 3114 5114 horresco?
3135 5059 3205 5112 Tu
3232 5059 3396 5122 ludis,
3427 5061 3626 5114 ctelesti

2043 5171 2134 5223 spe
2174 5153 2436 5207 Trinitate
2485 5169 2600 5223 qua:
2643 5153 2758 5204 sine
2807 5153 3064 5220 principio
3097 5162 3197 5215 est,
3250 5169 3330 5206 me
3378 5154 3620 5220 privans,

2044 5247 2271 5303 salutem
2306 5245 2434 5300 mihi
2465 5244 2715 5314 eripiens.
2750 5241 2828 5297 Tu
2861 5243 3047 5296 ludum
3076 5245 3316 5314 appellas
3368 5258 3624 5317 strangu-

2045 5341 2148 5394 lari
2181 5351 2228 5395 et
2276 5341 2416 5409 ferro
2465 5341 2728 5403 occidere;
2759 5339 2950 5407 quodsi
2990 5339 3087 5392 hoc
3117 5337 3298 5393 ludere
3339 5349 3439 5406 est,
3476 5342 3531 5395 in
3575 5349 3624 5396 te

2043 5434 2144 5488 iste
2197 5435 2354 5487 ludus
2407 5431 2589 5496 cadat,
2641 5441 2698 5484 ut
2724 5432 2901 5484 discas
2934 5446 2987 5484 re
3026 5433 3166 5500 ipsa,
3196 5432 3322 5500 quid
3351 5434 3454 5487 sibi
3499 5435 3619 5488 velit

2043 5525 2224 5580 ludere
2258 5537 2307 5579 et
2343 5523 2694 5578 calumniari.
2747 5524 2839 5588 At,
2896 5523 3088 5591 inquit,
3121 5523 3314 5579 Chium
3361 5527 3535 5582 vinum
3567 5538 3618 5583 te

2043 5619 2354 5674 insolentem
2413 5615 2559 5685 fecit,
2609 5612 2752 5685 quod
2805 5613 3011 5676 copiose
3067 5624 3336 5683 sumptum
3401 5617 3472 5670 ad
3525 5617 3622 5669 tibi

2042 5713 2377 5768 irridendum
2413 5724 2492 5762 me
2539 5706 2736 5778 adegit.
2773 5703 2960 5778 Legem
3017 5709 3158 5762 nosti
3200 5710 3622 5777 propinatorum,

2043 5821 2157 5875 quae
2187 5793 2539 5871 capacissima
2589 5800 2777 5853 amicis
2824 5799 3018 5868 pocula
3065 5802 3263 5869 σῇσι·ιῖ
3307 5800 3451 5856 Νοτὶ
3499 5818 3626 5856 sane

2044 5899 2176 5951 hanc
2209 5899 2395 5966 legem.
2439 5893 2541 5951 Sed
2586 5903 2639 5948 tu
2670 5892 2844 5961 potius
2891 5891 2957 5946 ad
2991 5892 3282 5948 convivium
3308 5893 3532 5958 accede;
3571 5893 3627 5948 in
